3000 5117
754 454 1179 509 mmmm.
1218 454 1403 507 ANN.
1446 452 1828 507 mccxxxv.
2297 438 2442 515 xliii

188 638 359 693 totam
400 617 887 686 decimacionem
932 613 1107 679 bladi
1152 616 1445 679 ecclesiae
1488 615 1575 681 de
1625 614 2032 695 Hedenham,
2079 640 2227 685 cum
2273 632 2449 685 terra

188 728 248 779 et
275 706 715 797 pertinentibus
746 704 831 770 ad
861 717 1096 767 terram
1123 726 1139 765 ε
1192 700 1379 765 Prior
1408 724 1566 767 vero
1595 703 1677 766 de
1716 703 2146 789 Coldingham
2177 706 2448 771 habebit

196 816 359 864 totam
402 793 897 859 decimacionem
945 788 1121 854 bladi
1168 787 1435 873 capellae
1478 791 1562 854 de
1612 790 1878 877 stychyl
1927 792 2145 856 domui
2195 816 2331 858 suae
2362 795 2447 859 de

199 883 597 969 coldingham.
694 880 855 944 Post
902 877 1237 941 decessum
1288 899 1447 941 atero
1495 875 1838 941 Willielmi
1879 878 2318 945 archidiaconi
2364 881 2448 945 de

196 972 547 1055 Loudoneye
580 979 735 1033 tota
776 964 1027 1031 decima
1054 962 1231 1027 bladi
1260 962 1343 1027 de
1370 986 1570 1049 parva
1602 965 1956 1053 Swyntona
1983 966 2172 1035 cedet
2203 967 2266 1031 in
2301 990 2451 1033 usus

196 1058 439 1145 proprios
478 1057 713 1120 domus
744 1054 828 1118 de
865 1050 1339 1137 Coldyngham.
1423 1052 1502 1117 Si
1535 1073 1688 1119 vero
1717 1054 2072 1136 contingat,
2105 1071 2253 1137 post
2283 1078 2456 1120 mor·

198 1163 299 1212 tem
320 1142 561 1209 Ricardi
591 1140 812 1206 vicarii
842 1136 1127 1207 ecclesiae
1154 1137 1240 1202 de
1272 1136 1674 1215 Hedenham,
1703 1138 2004 1204 vicariam
2027 1142 2451 1226 augmentari,

201 1235 353 1307 Prior
390 1230 468 1293 de
512 1227 969 1313 coldingham,
1016 1222 1127 1311 qui
1170 1244 1291 1309 pro
1321 1235 1614 1309 tempore
1642 1224 1859 1302 fuerit,
1891 1227 2308 1312 respondebit
2335 1250 2454 1314 pro

198 1317 493 1391 medietate
522 1312 877 1399 augmenti.
978 1310 1063 1374 Et
1092 1309 1420 1373 sciendum
1453 1322 1550 1374 est
1579 1312 1756 1399 quod
1793 1312 1980 1377 Prior
2001 1313 2456 1380 Dunelmensis

198 1402 565 1490 respondebit
610 1398 967 1465 hostillario
1014 1396 1439 1461 Dunelmensi
1484 1397 1570 1462 de
1616 1421 1704 1461 xv
1747 1399 1977 1464 marcis
2014 1400 2264 1478 annuis,
2298 1424 2456 1488 quas

201 1494 370 1564 dictus
430 1488 820 1557 hostillarius
876 1484 1217 1575 percipere
1278 1485 1612 1555 consuevit
1671 1485 1756 1553 de
1816 1486 1992 1555 dicta
2049 1487 2318 1555 ecclesia
2373 1490 2458 1557 de

202 1576 571 1650 Hedenham,

800 1750 907 1811 De
936 1746 1412 1811 Aumentacione
1444 1746 1804 1815 Conventus.

266 1888 436 1965 Item,
490 1885 575 1951 ad
640 1884 901 1949 laudem
954 1894 1023 1947 et
1076 1881 1348 1967 gloriam
1403 1880 1558 1959 Dei,
1623 1894 1692 1945 et
1750 1882 1995 1947 domini
2047 1888 2248 1951 nostri
2299 1888 2454 1953 Jesn

204 1976 430 2052 Christi,
482 1988 551 2037 et
598 1972 687 2036 ad
740 1971 981 2035 cultum
1032 1968 1317 2056 ejusdem
1368 1970 1435 2032 in
1488 1968 1762 2035 ecclesia
1811 1970 2228 2037 Dunelmensi
2277 1987 2347 2039 et
2391 1976 2460 2038 in

201 2062 429 2127 eeclesia
468 2061 551 2126 de
602 2057 1057 2143 Coldyngham
1090 2056 1505 2121 dilatandum
1533 2067 1604 2121 et
1634 2056 2076 2138 exaltandum,
2109 2060 2192 2125 ad
2223 2061 2466 2125 ordinis

200 2149 543 2233 profectum,
600 2146 688 2211 ad
740 2143 1113 2209 memoriam
1167 2156 1542 2208 revocantes
1589 2144 2012 2229 provisionem
2069 2160 2134 2211 et
2183 2170 2467 2211 conven-

200 2234 407 2299 tionem
452 2234 697 2299 sactam
744 2248 1033 2315 tempore
1076 2230 1270 2295 bonae
1312 2229 1646 2296 memoriae
1689 2230 2002 2295 Bertrami
2052 2232 2288 2298 Prioris
2322 2234 2468 2298 Du·-

200 2324 526 2399 nelmensis,
576 2320 693 2385 sed
734 2342 853 2383 nec
896 2318 1051 2381 dum
1083 2340 1286 2404 nsque
1319 2318 1415 2382 ad
1446 2330 1576 2381 tem
1625 2340 1698 2381 us
1729 2316 1883 2381 dicti
1915 2318 2192 2384 Thomae
2227 2320 2467 2386 Prioris

204 2408 629 2473 Dunelmensis
670 2406 1064 2481 inchoatam,
1113 2403 1195 2469 de
1239 2403 1524 2469 ecclesiis
1599 2426 1636 2468 e
1669 2404 2047 2490 Lodoneya,
2078 2406 2338 2485 scilicet,
2373 2422 2467 2488 ut,

202 2496 335 2559 sicut
389 2494 469 2560 de
528 2492 721 2559 dictis
774 2491 1053 2556 ecclesiis
1110 2505 1504 2575 augerentur
1543 2490 1837 2555 ecclesiae
1889 2492 2349 2560 Dunelmensis
2409 2510 2476 2563 et

202 2580 455 2646 ecclesioe
500 2582 586 2645 de
640 2578 1092 2671 Coldyngham
1137 2577 1455 2655 reddituS,
1486 2594 1833 2667 augeretur
1860 2594 1926 2645 et
1953 2579 2222 2645 fratrum
2253 2603 2476 2647 nume-

202 2692 305 2747 ruS,
346 2668 580 2733 scilicet
626 2666 710 2731 ad
754 2678 1167 2750 augmentum
1194 2663 1419 2749 viginti
1449 2686 1808 2729 marcarum
1841 2667 2026 2731 fieret
2054 2684 2472 2753 augmentum

200 2756 442 2819 duorum
502 2753 993 2829 monachorum,
1048 2751 1237 2816 unius
1294 2751 1471 2837 apud
1516 2751 1935 2832 Dunelmum‚
1991 2754 2252 2820 alterius
2299 2757 2474 2841 apud

202 2842 653 2931 coldingham,
719 2840 1004 2904 volentes
1078 2852 1295 2903 autem
1357 2838 1733 2923 periculum,
1795 2839 1848 2904 si
1905 2840 2082 2927 quod
2141 2843 2474 2911 animabus

203 2931 713 3013 praedecessorum
762 2948 1022 2992 suorum
1074 2948 1159 2990 ex
1206 2925 1316 2990 tali
1370 2924 1776 3009 obligacione
1822 2949 1953 2991 non
2001 2929 2212 2994 soluta
2239 2954 2474 3016 prove-

204 3016 394 3095 nisset,
442 3030 756 3104 quantum
808 3014 877 3077 in
906 3012 1057 3099 ipsis
1102 3026 1219 3090 est,
1252 3012 1360 3097 pia
1388 3014 1829 3098 compassione
1857 3014 2162 3099 expiare3
2193 3018 2276 3081 de
2306 3040 2484 3083 com-

205 3105 353 3171 muni
402 3104 673 3169 fratrum
725 3100 995 3166 consilio
1045 3113 1409 3164 statuerunt
1456 3100 1566 3186 qui
1617 3121 1828 3184 supra,
1879 3115 1954 3165 ut
1997 3116 2239 3179 votum,
2295 3105 2478 3192 quod

210 3206 489 3256 voverunt
532 3188 1035 3275 praedecessores
1066 3185 1164 3250 sui
1198 3201 1267 3251 et
1295 3207 1429 3251 non
1460 3186 1809 3264 solverunt,
1841 3188 1924 3253 de
1954 3202 2214 3269 caetero,
2249 3206 2380 3255 tam
2411 3192 2478 3255 in

209 3279 443 3343 ecclesia
486 3276 915 3343 Dunelmensi
962 3296 1153 3361 quam
1199 3273 1264 3337 in
1306 3272 1574 3339 ecclesia
1601 3273 1682 3338 de
1717 3274 2166 3361 Coldyngham
2199 3278 2482 3344 solvere-

212 3378 333 3435 tur:
374 3368 571 3450 igitur
612 3375 997 3439 statuerunt,
1044 3374 1111 3425 et
1155 3359 1608 3426 inviolabiliter
1641 3362 1967 3427 observari
1993 3363 2059 3426 in
2088 3379 2478 3451 perpetuum

212 3452 625 3527 decreverunt,
676 3449 755 3513 ad
806 3448 1181 3512 memoriam
1212 3448 1697 3513 succedencium
1727 3450 1965 3535 scripto
1996 3452 2480 3533 mandaverunt,

212 3554 271 3603 ut
294 3538 349 3601 in
378 3539 647 3604 ecclesia
676 3534 1099 3601 Dunelmensi
1122 3558 1377 3621 semper
1400 3536 1526 3601 sint
1556 3535 1905 3602 residentes
1931 3542 2123 3601 Lxx‘⁸
2145 3541 2437 3606 monachi
2461 3566 2480 3619 3

212 3626 265 3687 in
313 3626 577 3691 ecclesia
643 3646 799 3688 vero
857 3623 940 3688 de
1005 3622 1437 3707 Coldingham
1482 3627 1680 3686 ποοῦ·
1723 3639 2154 3709 perseverent,
2204 3647 2482 3715 excepto

214 3712 430 3778 Priore.
509 3714 717 3778 Hunc
744 3732 1079 3775 numerum
1112 3710 1271 3775 nulli
1301 3710 1568 3775 omnino
1599 3711 1930 3776 hominum
1955 3712 2172 3802 aliquo
2196 3729 2488 3801 tempore

210 3800 377 3865 liceat
419 3800 796 3864 diminuere.
890 3797 1022 3873 Qui
1068 3816 1279 3862 autem
1327 3800 1854 3881 augmentaverit,
1903 3800 2225 3888 adaugeat
2253 3802 2313 3866 ei
2345 3804 2489 3867 Do-

210 3887 391 3951 minus
435 3889 717 3973 graciam
750 3885 813 3949 in
846 3885 1151 3969 praesenti
1195 3897 1263 3949 et
1307 3884 1578 3968 gloriam
1622 3887 1688 3948 in
1723 3886 1945 3951 futuro
1977 3887 2112 3953 sine
2143 3888 2274 3953 fine
2305 3909 2489 3953 man-.

211 3995 418 4040 suram.

291 4150 465 4230 Quod
485 4150 694 4214 nullus
722 4148 915 4212 Liber
942 4150 1018 4211 de
1048 4146 1405 4212 Armariolo
1434 4149 1852 4211 accomodetm·
1877 4152 2013 4213 sine
2038 4153 2402 4216 memoriali.

294 4284 449 4349 Item
503 4297 811 4349 statutum
868 4296 971 4347 est
1009 4305 1126 4368 per
1171 4283 1435 4349 eosdem
1486 4298 1559 4350 ut
1607 4282 1816 4346 nullus
1847 4284 2009 4348 liber
2035 4288 2496 4353 accomodetur

212 4370 385 4435 alicui
476 4396 551 4437 er
598 4370 949 4449 librarium,
1004 4370 1105 4435 vel
1157 4392 1273 4455 per
1318 4371 1534 4449 alium,
1585 4369 1705 4434 nisi
1757 4372 2073 4457 receperit
2125 4375 2498 4441 memoriale

220 4462 431 4545 equipo
456 4460 635 4538 lens3
664 4458 785 4524 nisi
815 4458 1005 4524 fuerit
1036 4458 1121 4525 ad
1150 4458 1526 4527 instanciam
1557 4458 1802 4524 domini
1838 4456 2160 4546 Episcopi.
