3000 5117
431 379 814 458 ccccxxxii
899 401 1104 452 ms'r.
1145 398 1504 452 mmmm.
1545 401 2265 470 sempronssstrnss.

430 564 568 630 auri
613 585 762 630 cum
811 561 1070 648 saphiro
1117 559 1181 627 in
1211 562 1446 642 medio,
1477 585 1658 649 pree.
1686 569 1821 628 τιν’.
1913 561 2127 630 Nuch'
2155 566 2403 650 argenti
2434 567 2742 634 deaurati

433 674 578 716 cum
625 650 868 716 dublet’
899 651 1126 728 rubeo,
1177 672 1350 736 pree.
1397 649 1642 736 xxviij⁸.
1764 651 2069 739 Quinque
2102 656 2302 740 panni
2350 656 2414 720 in
2454 659 2739 736 canabo,

427 760 704 826 qnorum
729 736 812 823 iiij
847 737 1084 802 usitati.

651 1150 989 1199 CCCXXXV.
1041 1145 1294 1194 muna
1326 1147 1735 1193 cnu‘rs'rlvs
1768 1147 2109 1195 cochssA
2144 1148 2267 1194 vm
2304 1149 2505 1196 COCO.

770 1293 916 1358 [MS.
952 1292 1166 1346 Cotton.
1203 1293 1258 1346 in
1296 1289 1436 1344 Mus.
1471 1291 1609 1344 Brit.
1644 1292 1913 1344 Faustina.
1946 1293 2018 1344 A.
2044 1292 2147 1344 VI.
2176 1291 2263 1345 foi.
2288 1293 2435 1359 ⁴0.·]

525 1435 858 1506 Universis
892 1432 1134 1501 Christi
1165 1431 1460 1498 fidelibus
1491 1445 1839 1516 praesentes
1870 1429 2083 1496 literas
2128 1431 2525 1518 inspecturis,
2584 1431 2749 1496 wil-

433 1526 685 1592 {ie-lmus
719 1525 908 1589 Prior
935 1521 1225 1586 ecclesiae
1275 1517 1729 1584 Dunolmensis
1758 1531 1825 1583 et
1854 1518 2141 1604 ejusdem
2188 1519 2309 1584 loci
2360 1522 2751 1586 Conventus

433 1613 705 1678 salutem
753 1609 816 1674 in
864 1608 1173 1676 Domine.
1276 1605 1406 1680 Qui
1438 1605 1593 1670 tacti
1638 1619 1785 1669 sunt
1817 1627 2009 1670 manu
2048 1605 2193 1683 Dei,
2244 1623 2311 1673 et
2360 1607 2568 1693 poenis
2600 1631 2753 1671 cor-

431 1700 760 1788 poralibus
789 1720 830 1762 a
859 1697 1146 1762 Domino
1191 1692 1605 1777 castigantur,
1652 1692 2065 1758 humanitatis
2112 1693 2369 1759 fovendi
2414 1708 2563 1758 sunt
2596 1717 2751 1779 gra-

438 1788 578 1864 cia3
641 1800 715 1850 nt
777 1785 992 1872 aliqua
1033 1803 1372 1870 poenarum
1442 1802 1701 1845 suarum
1772 1779 2058 1844 senciant
2101 1780 2471 1850 lenimenta.
2572 1785 2750 1848 Cum

437 1873 634 1960 igitur
663 1875 729 1938 in
769 1893 993 1936 carum
1043 1883 1108 1934 et
1157 1867 1464 1932 dilectum
1514 1881 1801 1932 nostrum
1862 1867 2194 1932 dominum
2250 1868 2609 1934 Robertum
2664 1869 2751 1932 de

441 1960 688 2026 Dalton
733 1957 1157 2044 capellanum,
1207 1954 1338 2042 qui,
1387 1976 1502 2040 per
1545 1953 1752 2019 multa
1794 1976 2107 2019 annorum
2138 1956 2475 2034 curricula,
2509 1955 2753 2019 nostris

441 2045 763 2134 obsequiis
823 2045 1136 2121 insistens,
1207 2063 1276 2105 se
1349 2041 1545 2126 gessit
1604 2040 2011 2107 laudabiliter
2068 2043 2133 2106 in
2196 2042 2460 2122 eisdem,
2510 2043 2754 2108 infesta

441 2149 737 2199 senectus
755 2129 1132 2215 obrepserit,
1154 2141 1218 2194 et
1235 2127 1491 2194 caecitas
1510 2127 1753 2208 odiosa,
1776 2127 1949 2215 quod
1972 2129 2055 2193 ad
2076 2130 2513 2217 peragendum
2534 2153 2755 2195 sacer-

443 2220 618 2287 dotis
659 2217 1083 2284 ministerium
1129 2213 1440 2280 invalidus
1485 2214 1779 2280 redditur
1815 2239 2069 2301 prorsus
2114 2231 2179 2282 et
2220 2215 2493 2304 ineptus,
2530 2217 2751 2282 eidem

443 2306 712 2374 domino
751 2305 1041 2370 Roberto
1071 2304 1152 2368 ad
1185 2315 1388 2367 totam
1423 2301 1615 2367 vitam
1647 2302 1842 2389 ipsius
1872 2303 2135 2388 singulis
2180 2305 2549 2388 septimanis
2602 2328 2754 2390 sep-

445 2413 578 2461 tem
609 2393 789 2460 albos
820 2413 1037 2477 panes,
1069 2401 1314 2476 septem
1359 2389 1619 2473 lagenas
1664 2389 1941 2454 servisiae
1984 2393 2429 2476 competentis,
2484 2406 2549 2456 et
2606 2415 2755 2478 sep-

446 2496 581 2547 tem
611 2479 854 2548 fercula
898 2501 978 2544 co
1029 2479 1195 2542 uinae
1238 2476 1523 2542 carnium
1573 2478 1671 2541 vel
1712 2477 2005 2562 piscium,
2052 2493 2244 2562 prout
2272 2478 2401 2543 diei
2431 2501 2756 2563 congrue·

443 2571 554 2649 rit,
587 2569 671 2634 de
695 2566 879 2632 nobis
909 2565 976 2630 in
1070 2565 1308 2630 rioratu
1335 2577 1558 2628 nostro
1580 2564 2022 2643 Dunolmensi,
2058 2565 2211 2629 locis
2230 2580 2296 2630 et
2320 2565 2491 2630 horis
2514 2567 2753 2654 quibus

447 2657 554 2722 alii
577 2653 922 2721 liberatarii
952 2652 1150 2718 nostri
1182 2674 1326 2717 suas
1349 2651 1715 2738 percipiunt
1740 2651 2179 2732 liberacioneS,
2216 2666 2437 2716 tenore
2468 2674 2756 2737 praesen·

449 2742 618 2810 cium
651 2740 1059 2817 conferiinu8‚
1087 2740 1318 2804 intuitu
1351 2737 1660 2804 caritatis.
1754 2739 2076 2804 Praeterea
2109 2739 2515 2804 concedimus
2536 2741 2752 2805 eidem

451 2829 716 2895 domino
753 2827 1046 2893 Roberto
1065 2849 1261 2892 unum
1301 2826 1513 2890 locum
1545 2849 1667 2913 pro
1696 2826 1866 2891 lecto
1898 2826 1959 2890 in
1996 2826 2421 2912 supercelario
2458 2828 2755 2893 Infirma-

445 2919 561 2981 riae
591 2929 848 2990 nostrae,
881 2929 1072 2980 extra
1114 2927 1364 2999 portam
1400 2913 1751 2990 prioratus,
1784 2935 1972 3000 quam
2008 2913 2119 2980 diu
2166 2914 2397 2980 vixerit
2430 2937 2756 3000 occupan-

449 3005 629 3073 dum.
725 3005 802 3069 In
832 3005 1010 3089 cujus
1055 3002 1147 3068 rei
1180 3001 1633 3079 testimonium,
1678 3011 1787 3070 ete.

638 3416 1003 3462 cccxxxvl.
1053 3415 1308 3458 LITBRA
1356 3414 1689 3460 EPlscoPO
1722 3413 1852 3457 PER
1890 3415 2209 3459 Pmomm
2246 3417 2567 3463 nint-:cwi-

769 3553 917 3620 [MS.
947 3554 1150 3606 Cotton
1186 3555 1241 3604 ln
1281 3555 1419 3605 Mus.
1456 3553 1593 3606 Brit.
1628 3557 1896 3608 Faustina.
1934 3557 2001 3608 A.
2040 3553 2139 3608 VI.
2174 3555 2261 3608 sol.
2296 3563 2376 3608 ⁴2.
2414 3559 2487 3622 b.]

555 3695 940 3764 Reverendo
969 3696 1032 3760 in
1068 3696 1324 3762 Christo
1355 3695 1519 3781 patri
1550 3710 1617 3760 et
1648 3696 1911 3762 domino
1940 3698 2203 3763 domino
2235 3701 2319 3766 T.
2368 3700 2496 3765 Dei
2544 3699 2757 3785 gracia

465 3785 890 3855 Dunolmensi
920 3784 1225 3872 episcopo
1256 3805 1410 3848 suus
1441 3784 1713 3849 devotus
1743 3785 1907 3849 filius
1952 3786 2299 3864 Johannes,
2338 3787 2523 3852 Prior
2554 3788 2756 3851 eccle-

462 3876 576 3942 sioe
623 3873 1028 3941 cathedralis
1077 3870 1531 3936 Duneimensis
1561 3872 1851 3950 salutem,
1901 3895 2045 3936 eum
2106 3875 2339 3938 devota
2376 3871 2757 3961 promptitu-

461 3964 614 4030 dine
659 3961 1079 4037 obedienciae,
1129 3957 1537 4036 reverenciae,
1594 3975 1659 4023 et
1708 3959 1987 4024 honoris.
2082 3962 2333 4025 Vestroe
2386 3962 2754 4026 reverenda:

451 4047 867 4142 paternitatis
911 4047 1134 4125 literae,
1179 4047 1362 4112 nobis
1394 4047 1621 4124 missae,
1656 4067 1741 4112 ex
1770 4047 2003 4134 quibus
2034 4047 2213 4112 vobis
2242 4049 2631 4134 assurgimus
2676 4047 2755 4112 ad

530 4231 558 4259 ⁰
597 4223 730 4274 ‘rma
749 4225 795 4274 is
819 4223 912 4274 the
947 4225 1224 4286 Ropisa-um
1258 4225 1478 4272 Primum
1524 4225 1737 4272 Parvum
1776 4221 1838 4273 of
1868 4223 1961 4274 the
2004 4223 2251 4277 convent
2274 4221 2337 4274 of
2362 4223 2635 4282 Dnrhamz
2668 4223 2755 4274 the

461 4292 664 4358 history
684 4290 743 4340 of
759 4293 830 4342 its
869 4290 1137 4356 becoming
1169 4307 1201 4341 a
1271 4299 1353 4343 art
1377 4291 1438 4341 of
1453 4292 1545 4342 the
1578 4291 1857 4342 Cottonian
1884 4291 2170 4344 collection
2192 4295 2238 4343 is
2261 4303 2353 4342 not
2376 4291 2579 4342 known.
2648 4293 2755 4342 The

461 4364 648 4418 second,
682 4360 828 4419 third,
862 4357 964 4408 and
987 4359 1164 4420 fourth
1198 4376 1228 4409 o
1283 4358 1376 4408 the
1401 4362 1560 4410 series
1591 4375 1680 4410 are
1714 4357 1821 4410 still
1852 4375 1911 4425 pr
1939 4360 2117 4411 sen-ved
2143 4363 2195 4410 in
2224 4361 2360 4412 their
2384 4375 2571 4428 proper
2594 4368 2757 4413 custo-

462 4429 552 4492 dy,
575 4425 677 4478 and
710 4433 856 4494 great
893 4440 986 4476 use
1021 4426 1113 4476 bas
1149 4426 1277 4478 been
1315 4427 1464 4479 mode
1485 4425 1547 4478 of
1563 4427 1704 4478 them
1724 4431 1777 4479 in
1804 4428 1909 4479 this
1932 4427 2157 4479 volume.
