3000 5117
841 1256 1600 1353 HISTORIA,
1691 1261 1795 1343 &c

1217 1629 1367 1680 CAP-
1402 1634 1448 1684 1.

282 1772 589 1850 Ricardus
635 1782 719 1851 de
772 1785 949 1872 Bury
994 1798 1181 1853 natus
1226 1776 1349 1853 fuit
1390 1788 1459 1852 in
1502 1786 1782 1877 quadam
1827 1788 2047 1855 villula
2087 1810 2290 1879 prope
2341 1780 2479 1860 Ed-

201 1871 626 1959 mondisbury,
658 1886 843 1959 patre
870 1874 1133 1940 domino
1167 1874 1449 1941 Ricardo
1483 1875 1646 1941 Awn
1694 1874 1884 1943 eville
1913 1876 2111 1942 milite
2129 1901 2151 1957 ;
2196 1893 2261 1946 et
2290 1903 2333 1946 a
2358 1899 2483 1947 suo

202 1958 494 2023 avunculo
570 1960 840 2025 domino
909 1960 1207 2028 Johanne
1274 1962 1360 2027 de
1436 1950 1648 2052 Willy
1692 1984 1736 2049 y
1811 1966 2065 2031 rectore
2151 1965 2480 2033 exhibitus

202 2056 288 2110 est
354 2047 563 2130 primo
623 2046 709 2113 ad
778 2048 985 2114 scolas
1056 2046 1592 2135 grammaticales,
1665 2063 1737 2116 et
1777 2064 2002 2151 postea
2071 2052 2157 2117 ad
2199 2053 2486 2119 studium

210 2132 491 2213 Oxoniae,
562 2144 693 2221 per'
734 2134 996 2223 aliquod
1050 2149 1294 2202 certum
1349 2149 1643 2221 tempus3
1698 2137 1938 2205 deinde
1989 2153 2354 2225 assumptus
2398 2142 2488 2207 ad

202 2219 635 2287 instruendum
684 2222 1075 2287 Edwardum
1117 2222 1203 2289 de.
1253 2224 1650 2310 Wyndesor,
1697 2236 1850 2291 tunc
1927 2224 2310 2311 Principem,
2371 2228 2486 2317 qui

201 2308 597 2391 postmodum
635 2308 849 2376 dictus
882 2310 1239 2377 Edwardus
1268 2310 1493 2377 tertius
1519 2334 1539 2388 3
1582 2311 1996 2396 postmodum
2026 2312 2356 2381 ordinatus
2386 2326 2487 2380 est

201 2394 551 2482 principalis
582 2415 881 2483 receptor
908 2397 1103 2483 patris
1132 2398 1421 2464 e'usdem
1454 2397 1760 2465 Edwardi
1788 2398 1854 2464 in
1889 2398 2250 2466 wasconia.
2332 2400 2488 2477 Quo

202 2490 469 2567 tempore
500 2484 715 2549 dictus
752 2484 1108 2550 Edwardus
1138 2422 1304 2571 fingit
1329 2507 1479 2551 cum
1509 2498 1714 2552 matre
1743 2484 2062 2563 Parisius3
2107 2487 2339 2574 quibus
2368 2510 2486 2555 ex·

202 2567 395 2653 pensis
422 2570 904 2650 deficientibus,
935 2572 1113 2637 venit
1148 2570 1292 2657 ipse
1327 2572 1642 2639 Ricardus
1681 2571 1848 2638 clam
1875 2594 2024 2639 cum
2051 2594 2289 2661 magna
2315 2598 2490 2641 sum-

202 2679 299 2723 ma
321 2659 459 2724 auri
485 2680 688 2748 quam
717 2657 983 2747 collegit
1023 2660 1091 2723 in
1135 2658 1347 2724 officio
1376 2658 1709 2745 praedicto.
1803 2660 1958 2738 Qua
1984 2660 2070 2727 de
2099 2683 2293 2729 causa
2319 2662 2486 2729 inse-

204 2748 501 2830 quebatur
546 2766 698 2813 eum
739 2745 1185 2811 locumtenens
1218 2744 1422 2833 Regis
1464 2768 1616 2813 cum
1659 2738 1890 2833 viginti
1933 2750 2488 2835 quatum-'lanceis'

204 2853 390 2919 usque
420 2832 710 2919 Parisius
726 2858 745 2912 3
792 2831 926 2913 ubi,
964 2853 1103 2920 prae
1130 2844 1305 2899 metu
1338 2836 1588 2911 mortis,
1619 2832 2032 2919 absconditus
2075 2850 2172 2902 est
2200 2834 2268 2901 in
2311 2858 2487 2903 cam-

204 2920 381 3005 panili
413 2922 723 2988 Fratrum
758 2917 1093 2987 Minorum
1116 2942 1233 3007 per
1274 2932 1520 3014 septem
1549 2921 1709 2988 dies.
1808 2921 1965 3013 Rost
1993 2920 2138 2986 hoec
2167 2922 2492 2989 ordinatus

206 3022 293 3074 est
338 3010 689 3077 coferarius
749 3007 965 3097 Regis,
1019 3004 1255 3074 deinde
1301 3007 1731 3073 thesaurarius
1775 3008 1861 3075 de
1902 3008 2217 3094 wardrop,
2265 3022 2492 3095 postea

207 3096 455 3163 clericus
504 3095 753 3163 Privati
807 3095 1036 3181 sigilli,
1082 3116 1199 3181 per
1282 3094 1524 3183 uinque
1570 3115 1790 3164 annos,
1885 3094 2041 3172 Quo
2070 3105 2363 3181 tempore
2392 3098 2492 3161 bis

207 3183 351 3248 adiit
392 3200 717 3249 summum
751 3176 1138 3248 Pontificem
1163 3181 1251 3250 Jo
1336 3202 1554 3249 nnem.
1645 3180 1738 3247 Et
1777 3182 1990 3268 primo
2018 3193 2329 3267 tempore,
2407 3206 2492 3249 uo

208 3269 313 3334 sibi
340 3270 633 3350 advenit,
662 3270 997 3336 ordinatus
1024 3282 1123 3336 est
1153 3268 1235 3335 ab
1263 3268 1405 3356 ipso
1426 3268 1795 3355 capellanus
1825 3267 2193 3355 principalis
2220 3290 2380 3356 cape
2430 3292 2494 3335 ω

208 3378 327 3459 suae
344 3381 363 3435 3
409 3366 479 3424 et
538 3356 784 3445 recepit
828 3357 913 3423 ab
962 3380 1045 3422 eo
1087 3352 1417 3459 rophetam
1436 3357 1533 3459 ’oin
1575 3355 1722 3421 loco
1753 3352 1985 3436 Bullae,
2020 3377 2144 3443 pro
2185 3356 2490 3443 proximo

208 3442 1518 3619 {Effipssssssevissiffiiiefflffiffnffihi
1587 3442 1718 3595 „¹33
1729 3454 2520 3617 ssoffipggfflz'ffi,

207 3620 479 3703 valorem
526 3620 813 3709 quinque
855 3608 1057 3683 millia
1087 3638 1479 3711 marcarum.
1639 3629 1668 3682 t
1709 3616 1996 3684 secundo
2039 3628 2332 3704 tempore
2360 3642 2496 3709 quo

215 3705 647 3807 [praedictum]
679 3726 997 3771 summum
1032 3704 1416 3770 Pontificem
1446 3702 1629 3783 adiit,
1661 3704 1934 3792 adeptus
1977 3717 2078 3771 est
2103 3706 2188 3771 ab
2217 3728 2301 3771 eo
2331 3716 2492 3772 tres-

209 3807 415 3859 centas
457 3810 695 3880 gratias
741 3802 838 3879 [et
882 3790 1173 3879 septem]
1207 3812 1330 3878 pro
1356 3790 1602 3857 clericis
1630 3786 2108 3879 promovendis.
2201 3784 2292 3859 Et
2316 3792 2496 3859 omni

212 3893 493 3967 tempore
538 3903 671 3970 quo
696 3878 875 3945 venit
915 3879 1000 3944 ad
1027 3877 1441 3981 praesentiam
1471 3880 1700 3943 summi
1737 3877 2070 3971 pontificis
2099 3870 2232 3943 sive
2265 3879 2495 3944 Cardi-

210 3968 462 4048 nalium,
484 3968 659 4034 venit
680 3966 818 4053 ipse
834 3988 983 4032 cum
1001 3966 1230 4051 viginti
1250 3964 1497 4053 clericis
1516 3964 1644 4031 suis
1666 3966 1734 4030 in
1752 3964 2036 4031 vestibus
2065 3962 2251 4029 unius
2279 3976 2495 4045 sectae,

212 4068 273 4119 et
330 4054 591 4140 triginta
648 4074 769 4120 sex
811 4054 973 4121 armi
1056 4054 1142 4117 ris
1170 4052 1431 4119 alterius
1460 4064 1675 4119 seetae.
1767 4052 1925 4141 Post
1953 4051 2116 4143 haec,
2149 4073 2295 4117 eum
2328 4053 2498 4119 redi-

214 4153 303 4208 ret
329 4142 657 4227 Angliam,
686 4140 954 4207 audiens
1044 4140 1270 4205 arisius
1299 4140 1385 4207 de
1416 4153 1626 4205 morte
1657 4138 1991 4207 Lodowici
2034 4138 2318 4227 episcopi
2350 4140 2494 4207 Du-

214 4229 563 4309 nelmensiS,
595 4240 665 4294 et
700 4228 801 4294 Re
849 4250 949 4293 em
980 4226 1223 4294 misisse
1267 4226 1487 4294 literas
1517 4225 1604 4293 ad
1624 4248 1942 4293 summum
1969 4226 2356 4295 Pontificem
2377 4250 2495 4315 pro

214 4316 343 4401 ipso
369 4317 739 4403 episcopatu
771 4253 892 4381 sffii
920 4314 1337 4403 adquirendO,
1369 4312 1644 4381 multum
1673 4314 1958 4385 dolebat.
2053 4316 2320 4403 Insuper
2348 4338 2496 4382 cum

217 4404 459 4488 quidam
490 4403 756 4469 clericus
788 4402 1002 4488 ipsiuS,
1034 4402 1292 4468 nomine
1327 4401 1721 4468 Willielmus
1754 4401 1836 4467 de
1867 4402 2128 4489 Tykall,
2171 4415 2384 4469 rector
2411 4402 2494 4468 de

222 4490 518 4581 Stanhop‚
587 4490 924 4579 instigaret
987 4513 1135 4557 eum
1178 4490 1431 4558 mittere
1477 4489 1690 4557 literas
1739 4490 1820 4558 ad
1855 4490 2229 4559 cardinales
2288 4502 2354 4554 et
2413 4490 2496 4553 ad
