3000 5117
922 453 1334 512 Arrnumx.
1393 457 1573 510 Anu.
1614 455 1908 512 imvm.
2323 439 2567 516 ccccix

261 621 628 699 existentis,
661 642 778 706 per
819 618 1234 686 medietatem
1267 622 1450 688 unius
1479 618 1631 686 anni
1660 621 1723 684 in
1755 617 2069 704 praedicto
2098 633 2279 688 vasto
2308 622 2573 691 inveniri

263 709 530 796 poterit,
562 707 738 794 quod
769 723 924 773 tnnc
973 709 1144 772 bene
1175 705 1394 774 licebit
1425 705 1611 772 nobis
1652 722 1717 772 et
1748 707 2215 774 successoribus
2246 711 2478 776 nostris
2506 713 2576 778 in

265 795 654 882 praedictum
702 808 950 860 vastum
971 794 1211 858 intrare
1242 809 1311 860 et
1339 795 1673 871 rehabere,
1706 806 1775 858 et
1805 794 2150 878 praedictos
2182 796 2475 864 Priorem
2507 814 2577 866 et

270 885 686 949 conventum
750 896 818 947 et
881 901 1278 946 successores
1332 903 1482 946 suos
1537 879 1691 944 inde
1749 880 2093 964 expellere,
2150 887 2579 968 praesentibus

267 969 470 1034 literis
519 968 749 1032 nostris
800 967 1172 1055 patentibus
1203 967 1272 1030 in
1301 967 1519 1056 aliquo
1564 987 1695 1030 non
1738 967 2165 1034 obstantibus·
2256 971 2579 1040 Dedimus

211 1063 218 1068 ’
267 1056 480 1121 eciam
533 1069 600 1120 et
651 1054 1102 1130 concessimuS,
1131 1073 1206 1116 ac
1253 1077 1370 1141 per
1413 1067 1766 1138 praesentes
1794 1053 2020 1119 damus
2049 1069 2118 1121 et
2148 1059 2577 1140 concedimus,

266 1141 558 1230 proefatis
611 1141 818 1206 Priori
849 1155 916 1206 et
947 1141 1317 1206 Conventui
1362 1153 1567 1207 totam
1599 1161 1831 1226 aquam
1862 1155 2149 1208 nostram
2178 1142 2263 1208 de
2302 1145 2507 1225 Were,
2542 1170 2585 1212 a

268 1242 472 1315 ponte
527 1229 610 1292 de
658 1227 1126 1312 Framwelgate
1169 1225 1486 1310 praedicto
1530 1249 1731 1312 usque
1760 1241 2024 1312 pontem
2054 1229 2137 1294 de
2172 1230 2392 1297 Elvett
2420 1254 2587 1317 prae..

271 1317 562 1391 dictum3
622 1313 1006 1391 habendam,
1062 1314 1493 1397 gaudendam,
1562 1312 1984 1379 vlienicndam
2044 1337 2159 1400 per
2214 1317 2455 1382 cimbas
2514 1335 2585 1386 et

273 1402 660 1488 passandam
772 1422 806 1464 r
827 1413 1100 1477 montes,
1139 1401 1224 1479 [i'
1242 1407 1494 1484 pontes]
1520 1401 1621 1464 vel
1642 1421 2049 1487 quocumque
2070 1402 2198 1466 alio
2222 1403 2416 1469 modo
2438 1427 2583 1491 pas-

274 1489 570 1566 sandam,
602 1489 661 1552 ei
709 1509 812 1551 em
863 1487 1072 1551 Priori
1115 1501 1186 1552 et
1227 1485 1696 1552 successoribus
1724 1486 1855 1550 suis
1892 1485 1959 1550 in
2004 1509 2073 1551 se
2230 1491 2410 1556 litate
2440 1492 2581 1559 sine

275 1574 496 1662 aliquo
549 1574 734 1639 nobis
785 1591 854 1640 et
897 1571 1368 1638 successoribus
1420 1572 1653 1638 nostris
1728 1573 1880 1638 inde
1930 1573 2045 1638 red
2096 1577 2267 1641 endo
2312 1577 2412 1643 vel
2458 1582 2589 1644 sol-

274 1663 498 1726 vendo
539 1685 556 1727 t
604 1659 860 1746 proviso
903 1681 1158 1745 semper
1183 1661 1362 1746 qnod
1409 1672 1703 1724 tenentes
1752 1659 1977 1737 nostri,
2038 1661 2123 1725 ad
2167 1663 2585 1746 voluntatem,

275 1749 384 1814 vel
411 1749 619 1825 aliter,
651 1769 728 1812 ac
759 1747 1184 1812 inhabitantes
1225 1746 1430 1811 nostri
1451 1745 1623 1818 infra
1642 1767 1859 1810 muros
1886 1747 2077 1811 castri
2106 1750 2305 1816 nostri
2342 1750 2591 1818 Dunel-

279 1839 520 1901 mensis
548 1835 830 1900 habeant
867 1834 1144 1898 liberum
1187 1835 1545 1918 ingressum
1578 1846 1646 1897 et
1674 1853 2003 1932 egressum
2032 1834 2099 1897 in
2129 1837 2415 1922 qualibet
2444 1859 2591 1923 par-

281 1923 446 1988 cella
473 1921 769 2007 praedicti
800 1921 960 1986 vasti
1011 1933 1082 1985 et
1126 1919 1410 2004 ejusdem
1447 1940 1655 2006 aquae,
1686 1933 1853 1985 sicut
1882 1933 2035 1984 ante
2064 1921 2283 1986 datam
2314 1945 2591 2008 praesen-

281 2017 458 2075 cium
505 2009 746 2074 habere
775 2021 1270 2084 consueverunt,
1301 2008 1543 2094 absque
1574 2007 2050 2092 interrupcione
2080 2031 2192 2073 seu
2238 2011 2593 2078 vexacione

281 2096 746 2182 praedictorum
818 2093 1056 2160 Prioris
1109 2107 1179 2158 et
1235 2095 1613 2158 Conventus
1670 2105 1737 2158 et
1811 2115 2251 2160 successorum
2306 2120 2590 2168 suorum.

287 2183 562 2249 Proviso
615 2183 818 2246 eciam
869 2181 1046 2267 quod
1091 2202 1209 2244 nos
1239 2193 1310 2244 et
1335 2200 1733 2244 successores
1765 2181 1985 2259 nostri,
2018 2203 2269 2248 necnon
2300 2199 2597 2250 tenentes

287 2292 362 2336 ac
392 2268 744 2334 servientes
769 2265 988 2343 nostri,
1007 2266 1386 2332 habebimus
1407 2266 1764 2351 ingressum
1788 2283 1857 2330 et
1884 2289 2205 2355 egressum
2228 2268 2293 2332 in
2314 2273 2599 2358 qualibet

285 2355 572 2442 parcella
599 2353 896 2440 praedicti
927 2354 1110 2430 vasti,
1145 2365 1280 2416 tam
1309 2375 1432 2438 pro
1459 2352 1641 2440 equis
1670 2375 1864 2439 quam
1894 2375 2015 2438 pro
2044 2355 2311 2419 carectis
2344 2359 2597 2436 nostris,

289 2465 366 2509 ac
397 2442 538 2507 aliis
567 2439 940 2506 necessariis
969 2440 1054 2504 ad
1083 2460 1306 2504 muros
1335 2439 1469 2504 sive
1505 2441 1805 2504 Castrum
1833 2452 2123 2504 nostrum
2158 2441 2599 2510 Dunelmense

288 2528 612 2605 fode-ndis,
667 2525 974 2603 veiendis,
1019 2524 1360 2602 cariandis,
1393 2526 1771 2610 reparandis
1800 2536 1869 2589 et
1898 2528 2406 2608 manutenendis,
2450 2551 2602 2596 nec-

289 2639 426 2681 non
455 2637 578 2701 pro
607 2613 788 2700 equis
817 2612 1054 2678 nostris
1099 2633 1176 2676 ac
1197 2611 1617 2677 serviencium
1644 2625 2007 2677 nostrorum
2038 2613 2493 2696 praedictorum
2522 2639 2603 2682 ac

291 2704 564 2768 aliorum
597 2698 1097 2765 inhabitancium
1127 2697 1296 2762 infra
1321 2720 1538 2763 muros
1562 2700 1753 2762 castri
1780 2699 1984 2762 nostri
2012 2699 2307 2786 praedicti
2338 2701 2403 2766 in
2436 2725 2605 2790 aqua

291 2787 610 2875 praedicta
654 2786 739 2852 ad
789 2784 1043 2849 libitum
1095 2798 1406 2863 nostrum,
1437 2806 1515 2849 ac
1566 2786 1651 2849 ad
1698 2784 1951 2850 libitum
1996 2809 2240 2866 eorum,
2280 2789 2606 2876 adaquan-

295 2876 473 2952 dum,
529 2873 774 2938 tociens
821 2870 1128 2959 quociens
1181 2872 1368 2935 nobis
1411 2883 1482 2935 et
1526 2872 2000 2936 successoribus
2058 2875 2293 2940 nostris
2343 2899 2417 2940 ac
2464 2876 2603 2940 aliis

294 2960 805 3026 inhabitantibus
856 2957 1180 3022 videbitur
1236 2957 1376 3022 fore
1432 2957 1811 3042 expediens,
1908 2957 2011 3022 Eo
2067 2960 2243 3045 quod
2302 2984 2607 3047 expressa

295 3046 558 3113 mencio
609 3046 692 3111 de
723 3067 875 3110 vero
903 3045 1122 3109 valore
1151 3065 1392 3122 annuo,
1425 3057 1539 3110 aut
1568 3044 1652 3108 de
1682 3044 1900 3132 aliquo
1929 3044 2057 3109 alio
2088 3045 2305 3112 valore
2338 3048 2439 3112 vel
2471 3072 2607 3114 cer-

295 3131 578 3200 titudine
625 3133 1126 3218 proemissorum,
1179 3153 1295 3196 seu
1347 3152 1571 3196 eorum
1623 3129 1911 3216 alicujus,
1960 3143 2073 3196 aut
2112 3132 2196 3196 de
2240 3134 2377 3198 aliis
2421 3135 2609 3199 donis

295 3222 431 3286 sive
477 3218 998 3284 concessionibus
1047 3239 1162 3302 per
1189 3239 1306 3282 nos
1335 3217 1440 3282 vel
1471 3217 1974 3302 praedecessores
2004 3230 2257 3285 nostros
2287 3233 2435 3285 ante
2466 3220 2608 3287 haec

299 3318 598 3392 tempora
655 3304 938 3390 praefatis
1001 3303 1214 3370 Priori
1271 3317 1340 3368 et
1407 3303 1773 3368 Conventui
1817 3301 2003 3366 factis
2056 3303 2123 3368 in
2182 3307 2607 3391 praesentibus

297 3393 568 3460 minime
606 3391 780 3458 faeta
827 3390 1110 3456 existens
1161 3402 1278 3454 aut
1328 3389 1547 3477 aliquo
1593 3402 1742 3454 actu
1787 3388 2203 3457 ordinacione
2248 3393 2611 3479 provisione

301 3477 576 3544 materia
605 3478 707 3542 vel
731 3499 920 3542 causa
945 3498 1347 3562 quacumque
1371 3476 1440 3540 in
1457 3476 1847 3541 contrarium
1871 3476 2023 3542 inde
2053 3476 2266 3558 editis,
2298 3479 2611 3544 ordinatis

303 3589 414 3632 seu
467 3564 758 3650 provisis,
811 3585 944 3626 non
995 3563 1414 3627 obstantibus.
1511 3562 1587 3626 In
1641 3563 1823 3647 cujus
1868 3563 1964 3628 rei
2012 3567 2445 3631 testimonium
2497 3567 2613 3631 has

303 3653 526 3717 literas
579 3663 826 3715 nostras
871 3647 1010 3712 fieri
1053 3648 1326 3714 fecimus
1355 3661 1666 3734 patentes.
1760 3647 1959 3716 Teste
1986 3651 2281 3718 Johanne
2315 3653 2612 3716 XVithers

305 3737 567 3814 cleric0,
621 3733 1026 3802 Cancellario
1076 3749 1302 3799 nostro
1347 3735 1519 3820 apud
1561 3733 1984 3814 Dunelmum,
2037 3738 2341 3804 vicesimo
2382 3753 2611 3804 octavo

307 3824 416 3890 die
452 3823 868 3908 Septembris,
901 3841 1075 3886 anno
1107 3820 1519 3906 pontificatus
1549 3821 1749 3888 nostri
1776 3820 2006 3908 primo.

491 3909 621 3976 Per
651 3909 858 3995 ipsum
893 3907 1303 3994 Episcopum·
1339 3907 1599 3976 Rakett.
