3000 5117
552 441 696 514 106
995 467 1197 520 msr.
1253 467 1603 521 nui-tum.
1666 469 2122 521 scarrroass
2178 471 2388 522 rnna.

545 636 716 701 enim
745 633 1120 719 Episcopus,
1153 630 1329 718 quod
1362 629 1552 695 Prior
1580 645 1647 697 et
1670 630 2043 718 Capitulum
2074 654 2205 696 non
2232 632 2567 718 potuerint
2594 634 2729 700 sine
2758 658 2847 702 eo

540 741 964 808 componere3
1012 730 1081 783 et
1110 717 1258 782 ideo
1285 715 1609 782 nitebatur
1636 718 1837 804 ipsam
1855 719 2379 804 compositionem
2404 718 2751 806 infringere
2774 737 2851 788 et

543 809 836 874 Priorem
883 821 952 872 et
983 803 1353 890 Capitulum
1399 802 1724 883 inducere,
1757 818 1830 869 ut
1872 828 1941 870 se
1986 819 2233 890 partem
2264 803 2549 871 facerent
2576 829 2724 871 cum
2756 829 2846 872 eo

541 907 771 960 contra
825 891 1412 976 Archiepiscopum.
1508 893 1601 956 At
1657 891 1778 977 ipsi
1824 893 2310 976 responderunt,
2371 892 2550 979 quod
2604 906 2847 959 contra

537 982 782 1046 factum
829 981 1158 1066 proprium
1203 977 1420 1042 venire
1463 1000 1593 1043 non
1625 992 1991 1063 potuerunt.
2092 979 2221 1062 [Et
2278 978 2481 1044 eciam
2540 979 2719 1066 quod
2766 981 2843 1044 in

537 1067 726 1152 briga
765 1089 883 1132 sua
924 1078 1150 1130 contra
1177 1063 1751 1165 Archiepiscopum
1787 1087 1919 1130 non
1950 1064 2157 1128 solum
2194 1065 2551 1152 Episcopus
2580 1065 2672 1130 eis
2700 1088 2843 1131 non

537 1154 762 1232 astitit,
817 1152 933 1217 sed
979 1151 1180 1216 eciam
1235 1151 1450 1239 laycos
1501 1163 1870 1216 assistentes
1901 1151 1993 1215 eis
2022 1152 2382 1228 subtraxit3
2428 1166 2495 1217 et
2521 1153 2671 1218 ideo
2698 1174 2841 1220 non

585 1241 752 1307 otuit
793 1237 1271 1304 racionabiliter
1315 1239 1398 1302 ab
1426 1237 1520 1303 eis
1548 1251 1775 1326 petere
1802 1237 2153 1303 subsidium
2186 1261 2299 1303 seu
2332 1239 2833 1323 assistendum]

575 1327 938 1392 nfestabant
969 1325 1163 1410 igitur
1191 1347 1262 1390 se
1291 1335 1539 1391 mutuo.
1630 1324 2171 1411 Archiepiscopus
2189 1325 2619 1390 visitationem
2648 1348 2843 1390 suam

535 1413 754 1500 peciit.
845 1411 1202 1498 Episcopus
1247 1433 1400 1476 vero
1443 1433 1698 1498 semper
1740 1413 2120 1476 occurrebat
2149 1411 2323 1497 apud
2356 1412 2650 1477 Allerton
2681 1435 2843 1477 cum

536 1499 947 1565 multitudine
995 1510 1384 1564 armatorum
1437 1498 1522 1564 de
1573 1499 1988 1583 Episcopatu,
2046 1497 2517 1564 Northumbria
2565 1513 2635 1564 et
2678 1500 2841 1582 [de]

539 1587 844 1675 Tyndal;
887 1584 998 1672 qui
1043 1585 1321 1650 libenter
1365 1585 1449 1651 ad
1505 1606 1655 1650 eum
1707 1585 2074 1663 veniebant,
2130 1597 2199 1648 et
2252 1585 2839 1672 Archiepiscopum

534 1673 900 1740 interficere
930 1671 1134 1757 parati
1163 1685 1370 1751 erant,
1417 1671 1470 1735 si
1493 1673 1787 1740 venisset.
1882 1671 2015 1738 Sed
2045 1671 2183 1756 ipse
2210 1693 2464 1758 semper
2490 1674 2577 1738 ab
2596 1672 2686 1736 eis
2716 1674 2843 1738 de·

532 1761 831 1828 clinabat.
929 1759 1089 1844 Ipsis
1141 1779 1298 1822 vero
1357 1758 1823 1838 recedentibus,
1885 1759 2117 1824 iterum
2168 1779 2347 1823 suam
2403 1758 2837 1824 visitationem

531 1850 846 1937 petebat,
875 1859 942 1912 et
1001 1845 1357 1930 Episcopus
1405 1844 1635 1911 iterum
1686 1860 1961 1911 armatos
2005 1846 2295 1924 vocabat,
2330 1861 2397 1910 et
2436 1849 2529 1912 sic
2562 1847 2837 1912 Archie-

527 1936 828 2023 piscopus
857 1932 1146 1998 irritabat
1192 1933 1607 2018 Episcopum,
1652 1933 1895 2020 [quod]
1924 1932 1989 1997 in
2022 1931 2523 2020 congregatione
2548 1947 2839 1998 armato-

531 2046 675 2088 rum
707 2046 838 2088 non
871 2019 1280 2085 mediocriter
1308 2019 1699 2084 effundebat.
1759 2019 2298 2104 Archiepiscopus
2328 2025 2569 2102 [vero]‚
2602 2041 2837 2108 quam-

529 2113 624 2177 vis
654 2130 1043 2185 nummosuS,
1077 2106 1276 2171 nichil
1299 2106 1671 2172 effundebat
1690 2130 1711 2184 3
1742 2107 1886 2186 [sed
1906 2107 2113 2170 solum
2136 2109 2395 2171 armatis
2418 2110 2836 2192 congregatis

531 2219 604 2263 se
635 2195 1123 2276 subtrahebat:]
1162 2193 1545 2258 fulminabat
1574 2193 1765 2260 etiam
1801 2193 2410 2280 [Archiepiscopus]
2443 2195 2835 2260 sententiam

529 2279 1204 2351 excommnuicationis
1236 2293 1301 2345 et
1328 2279 1756 2367 suspensionis
1802 2274 1865 2344 in
1900 2281 1958 2345 E
2006 2282 2291 2366 iscopum
2323 2296 2388 2344 et
2418 2281 2837 2348 adhaerentes

527 2372 671 2450 sibi,
698 2377 797 2452 [et
819 2369 908 2433 sic
931 2365 1523 2432 excommunicatos
1541 2366 1913 2432 denunciari
1969 2365 2091 2432 ecit
2112 2389 2226 2452 per
2248 2381 2451 2432 totam
2480 2390 2657 2432 suam
2682 2369 2837 2434 dio-

525 2458 774 2536 cesim]
812 2455 1168 2542 Episcopus
1193 2475 1346 2519 vero
1367 2454 1758 2540 appellabat,
1780 2469 1849 2520 et
1871 2455 2275 2540 impetrabat,
2297 2467 2363 2518 et
2385 2477 2600 2519 coram
2624 2455 2835 2521 Dele-

521 2549 688 2636 gatis
707 2544 1064 2631 litigabant,
1077 2543 1286 2628 primo
1303 2541 1476 2625 apud
1493 2540 1719 2606 Lincol
1727 2543 1918 2620 niam,
1930 2541 2215 2605 secundo
2229 2542 2402 2627 apud
2415 2541 2825 2622 Karleolum,

523 2641 655 2714 [et]
666 2635 860 2698 tertio
873 2629 1110 2715 [apud]
1129 2626 1514 2716 Lychefeld3
1539 2629 1652 2694 sed
1680 2628 2034 2714 Episcopus
2054 2649 2305 2714 semper
2320 2629 2591 2714 amplius
2613 2629 2833 2696 effun-

522 2721 740 2787 debat.
834 2716 1178 2801 Allegabat
1203 2715 1558 2801 Episcopus
1579 2715 2129 2801 praescriptionem
2162 2721 2423 2798 [contra
2452 2717 2837 2802 Archiepis-

525 2827 780 2892 copum,
801 2803 952 2892 quia
974 2801 1436 2869 Allertonschir
1453 2825 1709 2889 semper
1729 2804 2069 2868 visitabant
2082 2801 2389 2888 Episcopi
2417 2801 2830 2868 Dunelmen-

521 2917 648 2972 seS,
681 2909 750 2957 et
791 2913 920 2956 nun
969 2913 1114 2956 uam
1149 2889 1707 2975 Archiepiscopus.
1786 2889 1876 2954 Et
1903 2888 2465 2975 Archiepiscopus,
2498 2912 2535 2954 e
2566 2904 2825 2970 contra,

519 2981 697 3069 quod
727 2981 796 3044 in
824 3000 930 3042 mu
961 2977 1038 3043 tis
1067 2977 1318 3042 casibus
1358 2998 1486 3040 non
1525 2978 1744 3062 potuit
1796 2975 2153 3062 Episcopus
2186 2976 2640 3042 Dunelmensis
2671 2977 2831 3043 visi-

517 3083 674 3146 tare,
701 3067 853 3154 quia
879 3088 998 3131 nec
1020 3065 1108 3129 ibi
1140 3063 1416 3130 instituit
1431 3085 1552 3128 nec
1570 3061 1879 3140 destituit,
1904 3085 2027 3128 nec
2092 3085 2279 3127 ueros
2308 3065 2664 3143 confirmat,
2698 3086 2829 3136 nec

517 3152 784 3220 clericos
813 3151 1087 3230 ordinat,
1120 3174 1240 3216 nec
1269 3149 1513 3238 aliquid
1536 3173 1711 3215 mere
1740 3151 2043 3235 episcopa
2064 3173 2101 3215 e
2131 3149 2221 3214 ibi
2248 3164 2527 3228 exercet,
2560 3165 2627 3215 et
2666 3151 2829 3222 ideo

519 3265 641 3307 nec
659 3263 852 3327 super
873 3239 992 3304 hiis
1014 3238 1270 3304 visitare
1292 3238 1507 3316 debet,
1539 3260 1660 3302 nec
1682 3251 1911 3302 contra
1930 3237 2499 3322 Archiepiscopum
2523 3244 2827 3323 proescri-

519 3329 673 3394 bere
703 3337 924 3415 posset
954 3326 1019 3388 in
1047 3325 1189 3402 hiis,
1221 3324 1342 3388 nisi
1365 3325 1500 3409 ipse
1543 3340 1612 3388 et
1655 3324 2151 3412 predecessores
2180 3323 2279 3388 sui
2310 3324 2463 3388 talia
2490 3329 2827 3396 exercuis-

519 3431 681 3480 sent.
773 3416 886 3490 At,
917 3435 954 3476 e
983 3424 1226 3489 contra,
1263 3409 1657 3496 Episcopus3
1703 3433 1849 3476 cum
1879 3411 2013 3476 duo
2041 3411 2190 3488 sint,
2224 3433 2397 3476 mere
2426 3413 2825 3498 episcopalia

524 3521 850 3576 exercere,
884 3510 952 3561 et
998 3519 1190 3581 super
1234 3496 1353 3560 hiis
1397 3497 1742 3583 inquirere,
1789 3497 1943 3586 quia
1982 3513 2198 3586 potest
2238 3497 2590 3585 Episcopus
2635 3523 2821 3568 com-

521 3587 778 3652 mittere
825 3585 1034 3662 alteri,
1093 3606 1228 3648 non
1289 3581 1633 3683 EpiscopO,
1679 3583 2175 3673 inquisitionem,
2225 3585 2339 3651 sed
2391 3607 2527 3650 non
2569 3590 2825 3656 ordinis

520 3672 941 3748 exercitium3
1033 3683 1202 3736 otest
1252 3693 1425 3735 emm
1479 3670 1884 3736 committere
1928 3672 2110 3737 alteri
2138 3672 2222 3737 ad
2250 3671 2725 3771 inquirendum,
2757 3679 2822 3743 si

519 3760 787 3826 ecclesia
829 3758 912 3823 sit
1009 3757 1259 3823 edicata
1303 3758 1403 3822 vel
1448 3758 1713 3843 polluta,
1746 3758 2045 3823 sacerdos
2073 3759 2198 3824 rite
2228 3760 2585 3842 ordinatus,
2618 3776 2689 3828 et
2720 3765 2821 3832 sie

518 3849 605 3914 de
633 3846 906 3923 talibus3
951 3844 1072 3909 etsi
1103 3867 1236 3910 non
1279 3843 1570 3910 conferat
1623 3845 1713 3910 illi
1760 3858 2141 3930 potestatem
2174 3847 2537 3927 dedicandi,
2582 3872 2821 3915 recon-

519 3935 803 4014 ciliandi,
853 3933 988 3998 sive
1034 3931 1404 4008 ordinandi;
1465 3946 1684 4015 posset
1714 3955 1871 4018 ergo
1920 3933 2296 4021 EpiscopuS,
2328 3937 2546 4022 quoad
2592 3937 2825 4004 visita.

519 4023 791 4101 cionem,
839 4019 1276 4109 praescribere,
1311 4019 1427 4085 etsi
1480 4043 1611 4084 non
1657 4021 2144 4106 proescripsisset
2184 4024 2401 4109 quoad
2440 4025 2815 4110 episcopale

518 4109 833 4187 officium3
878 4124 947 4175 et
974 4109 1189 4195 potuit
1219 4129 1416 4172 unum
1448 4107 1746 4186 conferri,
1777 4107 1829 4171 si
1859 4107 1993 4173 sine
2021 4109 2171 4187 alio,
2204 4131 2320 4195 per
2350 4111 2813 4197 privilegium.]

518 4195 826 4262 Tandem.
847 4210 996 4282 post
1026 4197 1258 4262 multas
1286 4193 1691 4280 fatigationes
1720 4211 1785 4260 et
1816 4217 2153 4282 expensas»,
2187 4197 2603 4265 amicabiliter
2630 4222 2821 4266 com-

515 4297 872 4369 posuerunt
923 4283 1024 4364 [in
1069 4284 1275 4348 forma
1319 4283 1500 4370 quasi
1544 4303 1673 4369 qua
1708 4280 1893 4346 Prior
1922 4297 1989 4347 et
2025 4285 2397 4370 Capitulum
2427 4308 2821 4372 composue-

515 4382 666 4436 runt
696 4371 871 4459 prius
901 4392 1047 4436 cum
1081 4369 1614 4456 Archiepiscopo.
1714 4369 1872 4449 Sed]
1900 4371 2441 4459 Archiepiscopus
2472 4375 2819 4452 ecclesiam
