<?xml version="1.0" encoding="UTF-8"?>
<!DOCTYPE html PUBLIC "-//W3C//DTD XHTML 1.0 Transitional//EN"
    "http://www.w3.org/TR/xhtml1/DTD/xhtml1-transitional.dtd">
<html xmlns="http://www.w3.org/1999/xhtml" xml:lang="en" lang="en">
 <head>
  <title>
</title>
<meta http-equiv="Content-Type" content="text/html;charset=utf-8" />
  <meta name='ocr-system' content='tesseract 3.04.00' />
  <meta name='ocr-capabilities' content='ocr_page ocr_carea ocr_par ocr_line ocrx_word'/>
</head>
<body>
  <div class='ocr_page' id='page_1' title='image "./historiaedunelm00raingoog_0145.png"; bbox 0 0 3000 5117; ppageno 0'>
   <div class='ocr_carea' id='block_1_1' title="bbox 61 385 94 423">
    <p class='ocr_par' dir='ltr' id='par_1_1' title="bbox 61 385 94 423">
     <span class='ocr_line' id='line_1_1' title="bbox 61 385 94 423; baseline 0 0"><span class='ocrx_word' id='word_1_1' title='bbox 61 385 94 423; x_wconf 73' lang='lat'><em>0</em></span> 
     </span>
    </p>
   </div>
   <div class='ocr_carea' id='block_1_2' title="bbox 796 443 2503 534">
    <p class='ocr_par' dir='ltr' id='par_1_2' title="bbox 796 443 2503 534">
     <span class='ocr_line' id='line_1_2' title="bbox 796 443 2503 534; baseline 0.004 -22"><span class='ocrx_word' id='word_1_2' title='bbox 796 451 1200 514; x_wconf 65' lang='lat' dir='ltr'><strong>nonanus</strong></span> <span class='ocrx_word' id='word_1_3' title='bbox 1237 453 1340 514; x_wconf 68' lang='lat' dir='ltr'><strong>nr.</strong></span> <span class='ocrx_word' id='word_1_4' title='bbox 1379 458 1899 516; x_wconf 67' lang='lat' dir='ltr'><strong>oaArsrANss·.</strong></span> <span class='ocrx_word' id='word_1_5' title='bbox 2400 443 2503 534; x_wconf 83' lang='lat'><strong>79</strong></span> 
     </span>
    </p>
   </div>
   <div class='ocr_carea' id='block_1_3' title="bbox 109 621 2504 716">
    <p class='ocr_par' dir='ltr' id='par_1_3' title="bbox 109 621 2504 716">
     <span class='ocr_line' id='line_1_3' title="bbox 109 621 2504 716; baseline 0.003 -30"><span class='ocrx_word' id='word_1_6' title='bbox 109 621 144 716; x_wconf 91' lang='lat'>[</span> <span class='ocrx_word' id='word_1_7' title='bbox 196 623 550 708; x_wconf 75' lang='lat' dir='ltr'><strong>impleatur</strong></span> <span class='ocrx_word' id='word_1_8' title='bbox 595 622 662 688; x_wconf 89' lang='lat' dir='ltr'><strong>in</strong></span> <span class='ocrx_word' id='word_1_9' title='bbox 705 622 820 686; x_wconf 90' lang='lat' dir='ltr'><strong>illo</strong></span> <span class='ocrx_word' id='word_1_10' title='bbox 865 622 931 686; x_wconf 90' lang='lat' dir='ltr'><strong>id</strong></span> <span class='ocrx_word' id='word_1_11' title='bbox 986 622 1221 687; x_wconf 83' lang='lat' dir='ltr'><strong>Psalmi</strong></span> <span class='ocrx_word' id='word_1_12' title='bbox 1255 633 1298 668; x_wconf 76' lang='lat'><strong>‘⁸</strong></span> <span class='ocrx_word' id='word_1_13' title='bbox 1322 624 1648 692; x_wconf 85' lang='lat' dir='ltr'><strong>Percussit</strong></span> <span class='ocrx_word' id='word_1_14' title='bbox 1704 647 1856 691; x_wconf 89' lang='lat' dir='ltr'><strong>eum</strong></span> <span class='ocrx_word' id='word_1_15' title='bbox 1908 625 1974 690; x_wconf 92' lang='lat' dir='ltr'><strong>in</strong></span> <span class='ocrx_word' id='word_1_16' title='bbox 2020 627 2504 712; x_wconf 73' lang='lat' dir='ltr'><strong>posterioribus,</strong></span> 
     </span>
    </p>
   </div>
   <div class='ocr_carea' id='block_1_4' title="bbox 193 710 2523 4356">
    <p class='ocr_par' dir='ltr' id='par_1_4' title="bbox 193 710 2522 4100">
     <span class='ocr_line' id='line_1_4' title="bbox 194 710 2509 798; baseline 0.002 -23"><span class='ocrx_word' id='word_1_17' title='bbox 194 712 628 797; x_wconf 75' lang='lat' dir='ltr'>obprobrium</span> <span class='ocrx_word' id='word_1_18' title='bbox 659 710 1120 794; x_wconf 85' lang='lat' dir='ltr'><strong>sempiternum</strong></span> <span class='ocrx_word' id='word_1_19' title='bbox 1149 711 1333 776; x_wconf 88' lang='lat' dir='ltr'><strong>dedit</strong></span> <span class='ocrx_word' id='word_1_20' title='bbox 1362 712 1519 790; x_wconf 89' lang='lat' dir='ltr'><strong>ei.&#39;’]</strong></span> <span class='ocrx_word' id='word_1_21' title='bbox 1640 711 1927 778; x_wconf 81' lang='lat' dir='ltr'>Veniens</span> <span class='ocrx_word' id='word_1_22' title='bbox 1962 712 2157 798; x_wconf 87' lang='lat' dir='ltr'><strong>igitur</strong></span> <span class='ocrx_word' id='word_1_23' title='bbox 2193 714 2509 781; x_wconf 88' lang='lat' dir='ltr'><strong>Ricardus</strong></span> 
     </span>
     <span class='ocr_line' id='line_1_5' title="bbox 193 796 2505 886; baseline 0.004 -24"><span class='ocrx_word' id='word_1_24' title='bbox 193 799 274 862; x_wconf 88' lang='lat' dir='ltr'><strong>ad</strong></span> <span class='ocrx_word' id='word_1_25' title='bbox 329 801 602 876; x_wconf 84' lang='lat' dir='ltr'><strong>curiam,</strong></span> <span class='ocrx_word' id='word_1_26' title='bbox 651 796 803 860; x_wconf 88' lang='lat' dir='ltr'><strong>satis</strong></span> <span class='ocrx_word' id='word_1_27' title='bbox 848 796 1236 863; x_wconf 79' lang='lat' dir='ltr'><strong>favorabiles</strong></span> <span class='ocrx_word' id='word_1_28' title='bbox 1281 797 1400 862; x_wconf 88' lang='lat' dir='ltr'><strong>sibi</strong></span> <span class='ocrx_word' id='word_1_29' title='bbox 1435 798 1676 863; x_wconf 89' lang='lat' dir='ltr'><strong>invenit</strong></span> <span class='ocrx_word' id='word_1_30' title='bbox 1721 800 1963 886; x_wconf 85' lang='lat' dir='ltr'><strong>Papam</strong></span> <span class='ocrx_word' id='word_1_31' title='bbox 1995 813 2062 865; x_wconf 91' lang='lat' dir='ltr'><strong>et</strong></span> <span class='ocrx_word' id='word_1_32' title='bbox 2104 801 2505 872; x_wconf 78' lang='lat' dir='ltr'><strong>cardinales.</strong></span> 
     </span>
     <span class='ocr_line' id='line_1_6' title="bbox 201 884 2509 980; baseline 0.002 -31"><span class='ocrx_word' id='word_1_33' title='bbox 201 885 372 951; x_wconf 71' lang='lat' dir='ltr'><strong>Erat</strong></span> <span class='ocrx_word' id='word_1_34' title='bbox 402 887 578 952; x_wconf 88' lang='lat' dir='ltr'><strong>enim</strong></span> <span class='ocrx_word' id='word_1_35' title='bbox 609 886 805 948; x_wconf 89' lang='lat' dir='ltr'><strong>homo</strong></span> <span class='ocrx_word' id='word_1_36' title='bbox 833 884 1004 948; x_wconf 87' lang='lat' dir='ltr'><strong>bene</strong></span> <span class='ocrx_word' id='word_1_37' title='bbox 1035 884 1344 963; x_wconf 89' lang='lat' dir='ltr'><strong>literatus,</strong></span> <span class='ocrx_word' id='word_1_38' title='bbox 1378 884 1683 973; x_wconf 88' lang='lat' dir='ltr'><strong>eloquens</strong></span> <span class='ocrx_word' id='word_1_39' title='bbox 1713 900 1780 951; x_wconf 91' lang='lat' dir='ltr'><strong>et</strong></span> <span class='ocrx_word' id='word_1_40' title='bbox 1810 902 2205 972; x_wconf 77' lang='lat' dir='ltr'><strong>personatus,</strong></span> <span class='ocrx_word' id='word_1_41' title='bbox 2304 889 2509 980; x_wconf 88' lang='lat' dir='ltr'><strong>[Cum</strong></span> 
     </span>
     <span class='ocr_line' id='line_1_7' title="bbox 195 970 2509 1062; baseline 0.001 -25"><span class='ocrx_word' id='word_1_42' title='bbox 195 974 404 1057; x_wconf 88' lang='lat' dir='ltr'><strong>igitur</strong></span> <span class='ocrx_word' id='word_1_43' title='bbox 453 971 870 1038; x_wconf 84' lang='lat' dir='ltr'><strong>conduxisset</strong></span> <span class='ocrx_word' id='word_1_44' title='bbox 923 970 1330 1049; x_wconf 88' lang='lat' dir='ltr'><strong>advocatum,</strong></span> <span class='ocrx_word' id='word_1_45' title='bbox 1379 971 1489 1059; x_wconf 88' lang='lat' dir='ltr'><strong>qui</strong></span> <span class='ocrx_word' id='word_1_46' title='bbox 1537 972 1801 1062; x_wconf 84' lang='lat' dir='ltr'><strong>negotia</strong></span> <span class='ocrx_word' id='word_1_47' title='bbox 1850 973 1989 1058; x_wconf 84' lang='lat' dir='ltr'><strong>ejus</strong></span> <span class='ocrx_word' id='word_1_48' title='bbox 2033 975 2099 1039; x_wconf 91' lang='lat' dir='ltr'><strong>in</strong></span> <span class='ocrx_word' id='word_1_49' title='bbox 2130 976 2509 1041; x_wconf 87' lang='lat' dir='ltr'><strong>consistorio</strong></span> 
     </span>
     <span class='ocr_line' id='line_1_8' title="bbox 193 1057 2509 1146; baseline 0.002 -22"><span class='ocrx_word' id='word_1_50' title='bbox 193 1075 628 1146; x_wconf 80' lang='lat' dir='ltr'><strong>proponeret,</strong></span> <span class='ocrx_word' id='word_1_51' title='bbox 677 1057 922 1123; x_wconf 81' lang='lat' dir='ltr'><strong>direxit</strong></span> <span class='ocrx_word' id='word_1_52' title='bbox 951 1058 1036 1121; x_wconf 84' lang='lat' dir='ltr'><strong>ad</strong></span> <span class='ocrx_word' id='word_1_53' title='bbox 1065 1081 1211 1122; x_wconf 88' lang='lat' dir='ltr'><strong>eum</strong></span> <span class='ocrx_word' id='word_1_54' title='bbox 1247 1058 1428 1144; x_wconf 88' lang='lat' dir='ltr'><strong>Papa</strong></span> <span class='ocrx_word' id='word_1_55' title='bbox 1455 1081 1843 1139; x_wconf 86' lang='lat' dir='ltr'><strong>sermonem,</strong></span> <span class='ocrx_word' id='word_1_56' title='bbox 1878 1060 2131 1138; x_wconf 79' lang='lat' dir='ltr'><strong>dicens3</strong></span> <span class='ocrx_word' id='word_1_57' title='bbox 2180 1071 2227 1105; x_wconf 79' lang='lat'><strong>‘⁶</strong></span> <span class='ocrx_word' id='word_1_58' title='bbox 2257 1063 2399 1140; x_wconf 88' lang='lat' dir='ltr'><strong>Fili,</strong></span> <span class='ocrx_word' id='word_1_59' title='bbox 2433 1078 2509 1128; x_wconf 85' lang='lat' dir='ltr'><strong>tu</strong></span> 
     </span>
     <span class='ocr_line' id='line_1_9' title="bbox 195 1144 2511 1234; baseline 0.002 -24"><span class='ocrx_word' id='word_1_60' title='bbox 195 1148 379 1212; x_wconf 88' lang='lat' dir='ltr'><strong>nosti</strong></span> <span class='ocrx_word' id='word_1_61' title='bbox 437 1148 703 1223; x_wconf 85' lang='lat' dir='ltr'><strong>factum,</strong></span> <span class='ocrx_word' id='word_1_62' title='bbox 755 1159 826 1209; x_wconf 90' lang='lat' dir='ltr'><strong>tu</strong></span> <span class='ocrx_word' id='word_1_63' title='bbox 880 1144 1116 1208; x_wconf 85' lang='lat' dir='ltr'><strong>dices.”</strong></span> <span class='ocrx_word' id='word_1_64' title='bbox 1205 1145 1294 1210; x_wconf 88' lang='lat' dir='ltr'><strong>Et</strong></span> <span class='ocrx_word' id='word_1_65' title='bbox 1327 1144 1484 1230; x_wconf 86' lang='lat' dir='ltr'><strong>ipse,</strong></span> <span class='ocrx_word' id='word_1_66' title='bbox 1529 1160 1801 1232; x_wconf 89' lang='lat' dir='ltr'><strong>accepto</strong></span> <span class='ocrx_word' id='word_1_67' title='bbox 1846 1169 2163 1226; x_wconf 79' lang='lat' dir='ltr'><strong>sermone,</strong></span> <span class='ocrx_word' id='word_1_68' title='bbox 2210 1171 2511 1234; x_wconf 84' lang='lat' dir='ltr'><strong>perorare</strong></span> 
     </span>
     <span class='ocr_line' id='line_1_10' title="bbox 197 1231 2511 1322; baseline 0.001 -24"><span class='ocrx_word' id='word_1_69' title='bbox 197 1235 428 1320; x_wconf 70' lang='lat' dir='ltr'><strong>erepit,</strong></span> <span class='ocrx_word' id='word_1_70' title='bbox 475 1257 610 1298; x_wconf 88' lang='lat' dir='ltr'><strong>non</strong></span> <span class='ocrx_word' id='word_1_71' title='bbox 661 1233 796 1296; x_wconf 88' lang='lat' dir='ltr'><strong>sine</strong></span> <span class='ocrx_word' id='word_1_72' title='bbox 844 1231 1268 1318; x_wconf 81' lang='lat' dir='ltr'><strong>lacrymarum</strong></span> <span class='ocrx_word' id='word_1_73' title='bbox 1321 1231 1655 1312; x_wconf 85' lang='lat' dir='ltr'><strong>effusione,</strong></span> <span class='ocrx_word' id='word_1_74' title='bbox 1717 1233 1979 1317; x_wconf 86' lang='lat' dir='ltr'><strong>injurias</strong></span> <span class='ocrx_word' id='word_1_75' title='bbox 2026 1248 2093 1298; x_wconf 88' lang='lat' dir='ltr'><strong>et</strong></span> <span class='ocrx_word' id='word_1_76' title='bbox 2142 1236 2511 1322; x_wconf 83' lang='lat' dir='ltr'><strong>gravamina</strong></span> 
     </span>
     <span class='ocr_line' id='line_1_11' title="bbox 197 1318 2513 1408; baseline 0.001 -24"><span class='ocrx_word' id='word_1_77' title='bbox 197 1322 385 1388; x_wconf 86' lang='lat' dir='ltr'><strong>illata</strong></span> <span class='ocrx_word' id='word_1_78' title='bbox 414 1344 534 1406; x_wconf 90' lang='lat' dir='ltr'><strong>per</strong></span> <span class='ocrx_word' id='word_1_79' title='bbox 573 1319 960 1403; x_wconf 85' lang='lat' dir='ltr'><strong>Episcopum</strong></span> <span class='ocrx_word' id='word_1_80' title='bbox 982 1318 1100 1382; x_wconf 90' lang='lat' dir='ltr'><strong>sibi</strong></span> <span class='ocrx_word' id='word_1_81' title='bbox 1131 1333 1200 1384; x_wconf 90' lang='lat' dir='ltr'><strong>et</strong></span> <span class='ocrx_word' id='word_1_82' title='bbox 1227 1322 1597 1399; x_wconf 83' lang='lat' dir='ltr'><strong>conventui,</strong></span> <span class='ocrx_word' id='word_1_83' title='bbox 1630 1334 1695 1386; x_wconf 91' lang='lat' dir='ltr'><strong>et</strong></span> <span class='ocrx_word' id='word_1_84' title='bbox 1725 1341 1917 1405; x_wconf 88' lang='lat' dir='ltr'><strong>super</strong></span> <span class='ocrx_word' id='word_1_85' title='bbox 1943 1320 2217 1406; x_wconf 86' lang='lat' dir='ltr'><strong>rogabat</strong></span> <span class='ocrx_word' id='word_1_86' title='bbox 2246 1321 2365 1386; x_wconf 87' lang='lat' dir='ltr'><strong>sibi</strong></span> <span class='ocrx_word' id='word_1_87' title='bbox 2395 1343 2513 1408; x_wconf 85' lang='lat' dir='ltr'><strong>per</strong></span> 
     </span>
     <span class='ocr_line' id='line_1_12' title="bbox 203 1405 2511 1496; baseline 0.001 -24"><span class='ocrx_word' id='word_1_88' title='bbox 203 1409 466 1494; x_wconf 81' lang='lat' dir='ltr'><strong>Papam</strong></span> <span class='ocrx_word' id='word_1_89' title='bbox 491 1406 848 1472; x_wconf 81' lang='lat' dir='ltr'><strong>remedium</strong></span> <span class='ocrx_word' id='word_1_90' title='bbox 881 1405 1218 1490; x_wconf 87' lang='lat' dir='ltr'><strong>provideri.</strong></span> <span class='ocrx_word' id='word_1_91' title='bbox 1311 1406 1420 1473; x_wconf 87' lang='lat' dir='ltr'><strong>Sic</strong></span> <span class='ocrx_word' id='word_1_92' title='bbox 1449 1419 1666 1471; x_wconf 87' lang='lat' dir='ltr'><strong>autem</strong></span> <span class='ocrx_word' id='word_1_93' title='bbox 1698 1407 2045 1493; x_wconf 88' lang='lat' dir='ltr'><strong>peroravit,</strong></span> <span class='ocrx_word' id='word_1_94' title='bbox 2079 1409 2255 1496; x_wconf 84' lang='lat' dir='ltr'><strong>quod</strong></span> <span class='ocrx_word' id='word_1_95' title='bbox 2286 1431 2511 1475; x_wconf 86' lang='lat' dir='ltr'><strong>omnes</strong></span> 
     </span>
     <span class='ocr_line' id='line_1_13' title="bbox 200 1487 2513 1583; baseline 0 -22"><span class='ocrx_word' id='word_1_96' title='bbox 200 1497 270 1560; x_wconf 78' lang='lat' dir='ltr'><strong>in</strong></span> <span class='ocrx_word' id='word_1_97' title='bbox 321 1493 834 1580; x_wconf 80' lang='lat' dir='ltr'><strong>compassionem</strong></span> <span class='ocrx_word' id='word_1_98' title='bbox 863 1492 984 1555; x_wconf 90' lang='lat' dir='ltr'><strong>sibi</strong></span> <span class='ocrx_word' id='word_1_99' title='bbox 1013 1487 1340 1558; x_wconf 83' lang='lat' dir='ltr'><strong>excitavit.</strong></span> <span class='ocrx_word' id='word_1_100' title='bbox 1428 1493 1725 1580; x_wconf 88' lang='lat' dir='ltr'><strong>Cumque</strong></span> <span class='ocrx_word' id='word_1_101' title='bbox 1754 1491 2141 1579; x_wconf 75' lang='lat' dir='ltr'><strong>allegaretur</strong></span> <span class='ocrx_word' id='word_1_102' title='bbox 2169 1516 2291 1580; x_wconf 89' lang='lat' dir='ltr'><strong>pro</strong></span> <span class='ocrx_word' id='word_1_103' title='bbox 2322 1495 2513 1583; x_wconf 88' lang='lat' dir='ltr'><strong>Epis-</strong></span> 
     </span>
     <span class='ocr_line' id='line_1_14' title="bbox 201 1577 2509 1669; baseline 0.001 -23"><span class='ocrx_word' id='word_1_104' title='bbox 201 1605 396 1668; x_wconf 87' lang='lat' dir='ltr'><strong>copo,</strong></span> <span class='ocrx_word' id='word_1_105' title='bbox 432 1581 610 1669; x_wconf 87' lang='lat' dir='ltr'><strong>quod</strong></span> <span class='ocrx_word' id='word_1_106' title='bbox 641 1580 774 1666; x_wconf 88' lang='lat' dir='ltr'><strong>ipse</strong></span> <span class='ocrx_word' id='word_1_107' title='bbox 805 1577 1110 1664; x_wconf 88' lang='lat' dir='ltr'><strong>prioratui</strong></span> <span class='ocrx_word' id='word_1_108' title='bbox 1141 1592 1374 1664; x_wconf 88' lang='lat' dir='ltr'><strong>sponte</strong></span> <span class='ocrx_word' id='word_1_109' title='bbox 1403 1580 1910 1658; x_wconf 85' lang='lat' dir='ltr'><strong>renunciaverat,</strong></span> <span class='ocrx_word' id='word_1_110' title='bbox 1943 1580 2275 1668; x_wconf 86' lang='lat' dir='ltr'><strong>respondit</strong></span> <span class='ocrx_word' id='word_1_111' title='bbox 2308 1583 2509 1668; x_wconf 73' lang='lat' dir='ltr'><strong>Papa,</strong></span> 
     </span>
     <span class='ocr_line' id='line_1_15' title="bbox 202 1667 2509 1756; baseline 0.001 -24"><span class='ocrx_word' id='word_1_112' title='bbox 202 1671 386 1756; x_wconf 85' lang='lat' dir='ltr'><strong>quod</strong></span> <span class='ocrx_word' id='word_1_113' title='bbox 431 1669 646 1733; x_wconf 86' lang='lat' dir='ltr'><strong>nullus</strong></span> <span class='ocrx_word' id='word_1_114' title='bbox 676 1669 1023 1751; x_wconf 85' lang='lat' dir='ltr'><strong>prioratum</strong></span> <span class='ocrx_word' id='word_1_115' title='bbox 1053 1687 1404 1749; x_wconf 81' lang='lat' dir='ltr'><strong>agnoscens</strong></span> <span class='ocrx_word' id='word_1_116' title='bbox 1433 1667 1837 1734; x_wconf 82' lang='lat' dir='ltr'><strong>renunciaret</strong></span> <span class='ocrx_word' id='word_1_117' title='bbox 1908 1667 2083 1734; x_wconf 90' lang='lat' dir='ltr'><strong>ratis.</strong></span> <span class='ocrx_word' id='word_1_118' title='bbox 2160 1668 2509 1744; x_wconf 82' lang='lat' dir='ltr'><strong>Quaerente</strong></span> 
     </span>
     <span class='ocr_line' id='line_1_16' title="bbox 205 1753 2509 1843; baseline 0 -22"><span class='ocrx_word' id='word_1_119' title='bbox 205 1757 407 1822; x_wconf 86' lang='lat' dir='ltr'><strong>etiam</strong></span> <span class='ocrx_word' id='word_1_120' title='bbox 455 1755 661 1840; x_wconf 80' lang='lat' dir='ltr'><strong>Papa,</strong></span> <span class='ocrx_word' id='word_1_121' title='bbox 718 1775 850 1838; x_wconf 89' lang='lat' dir='ltr'><strong>qua</strong></span> <span class='ocrx_word' id='word_1_122' title='bbox 891 1753 1276 1817; x_wconf 82' lang='lat' dir='ltr'><strong>auctoritate</strong></span> <span class='ocrx_word' id='word_1_123' title='bbox 1331 1753 1692 1840; x_wconf 80' lang='lat' dir='ltr'><strong>Episcopus</strong></span> <span class='ocrx_word' id='word_1_124' title='bbox 1729 1753 1815 1818; x_wconf 88' lang='lat' dir='ltr'><strong>H.</strong></span> <span class='ocrx_word' id='word_1_125' title='bbox 1907 1777 1945 1820; x_wconf 90' lang='lat' dir='ltr'><strong>e</strong></span> <span class='ocrx_word' id='word_1_126' title='bbox 1980 1753 2249 1843; x_wconf 85' lang='lat' dir='ltr'><strong>Luceby</strong></span> <span class='ocrx_word' id='word_1_127' title='bbox 2276 1756 2509 1842; x_wconf 81' lang='lat' dir='ltr'><strong>proefe-</strong></span> 
     </span>
     <span class='ocr_line' id='line_1_17' title="bbox 205 1839 2509 1928; baseline 0 -21"><span class='ocrx_word' id='word_1_128' title='bbox 205 1843 425 1921; x_wconf 87' lang='lat' dir='ltr'><strong>cisset‚</strong></span> <span class='ocrx_word' id='word_1_129' title='bbox 475 1839 1144 1926; x_wconf 85' lang='lat' dir='ltr'><strong>respondentibusque</strong></span> <span class='ocrx_word' id='word_1_130' title='bbox 1189 1839 1673 1926; x_wconf 87' lang='lat' dir='ltr'><strong>episcopalibus,</strong></span> <span class='ocrx_word' id='word_1_131' title='bbox 1706 1841 1881 1928; x_wconf 86' lang='lat' dir='ltr'><strong>quod</strong></span> <span class='ocrx_word' id='word_1_132' title='bbox 1920 1863 2039 1926; x_wconf 89' lang='lat' dir='ltr'><strong>per</strong></span> <span class='ocrx_word' id='word_1_133' title='bbox 2068 1842 2315 1928; x_wconf 86' lang='lat' dir='ltr'><strong>lapsum</strong></span> <span class='ocrx_word' id='word_1_134' title='bbox 2346 1857 2509 1910; x_wconf 88' lang='lat' dir='ltr'><strong>tem-</strong></span> 
     </span>
     <span class='ocr_line' id='line_1_18' title="bbox 204 1926 2508 2016; baseline 0.001 -22"><span class='ocrx_word' id='word_1_135' title='bbox 204 1929 406 2016; x_wconf 83' lang='lat' dir='ltr'><strong>poris,</strong></span> <span class='ocrx_word' id='word_1_136' title='bbox 456 1927 814 1994; x_wconf 87' lang='lat' dir='ltr'><strong>secundum</strong></span> <span class='ocrx_word' id='word_1_137' title='bbox 859 1940 1102 1991; x_wconf 86' lang='lat' dir='ltr'><strong>statuta</strong></span> <span class='ocrx_word' id='word_1_138' title='bbox 1141 1926 1595 1992; x_wconf 87' lang='lat' dir='ltr'><strong>Lateranensis</strong></span> <span class='ocrx_word' id='word_1_139' title='bbox 1628 1927 1898 1994; x_wconf 90' lang='lat' dir='ltr'><strong>Concilii</strong></span> <span class='ocrx_word' id='word_1_140' title='bbox 1946 1928 2031 1992; x_wconf 88' lang='lat' dir='ltr'><strong>de</strong></span> <span class='ocrx_word' id='word_1_141' title='bbox 2083 1927 2393 1994; x_wconf 85' lang='lat' dir='ltr'><strong>electione</strong></span> <span class='ocrx_word' id='word_1_142' title='bbox 2436 1943 2508 1996; x_wconf 91' lang='lat' dir='ltr'><strong>et</strong></span> 
     </span>
     <span class='ocr_line' id='line_1_19' title="bbox 205 2012 2509 2103; baseline 0 -21"><span class='ocrx_word' id='word_1_143' title='bbox 205 2017 404 2082; x_wconf 87' lang='lat' dir='ltr'><strong>electi</strong></span> <span class='ocrx_word' id='word_1_144' title='bbox 433 2028 776 2103; x_wconf 87' lang='lat' dir='ltr'><strong>potestate,</strong></span> <span class='ocrx_word' id='word_1_145' title='bbox 825 2012 925 2078; x_wconf 83' lang='lat' dir='ltr'><strong>Ne</strong></span> <span class='ocrx_word' id='word_1_146' title='bbox 943 2035 1066 2096; x_wconf 86' lang='lat' dir='ltr'><strong>pro</strong></span> <span class='ocrx_word' id='word_1_147' title='bbox 1093 2015 1344 2096; x_wconf 58' lang='lat' dir='ltr'><strong>deficta,</strong></span> <span class='ocrx_word' id='word_1_148' title='bbox 1377 2027 1464 2094; x_wconf 89' lang='lat' dir='ltr'><strong>et,</strong></span> <span class='ocrx_word' id='word_1_149' title='bbox 1504 2015 1772 2080; x_wconf 72' lang='lat' dir='ltr'><strong>Cavetur</strong></span> <span class='ocrx_word' id='word_1_150' title='bbox 1790 2019 1955 2099; x_wconf 80' lang='lat' dir='ltr'><strong>quod</strong></span> <span class='ocrx_word' id='word_1_151' title='bbox 1972 2017 2255 2080; x_wconf 76' lang='lat' dir='ltr'><strong>Ecclesia</strong></span> <span class='ocrx_word' id='word_1_152' title='bbox 2286 2021 2509 2083; x_wconf 68' lang='lat' dir='ltr'><strong>Cathe-</strong></span> 
     </span>
     <span class='ocr_line' id='line_1_20' title="bbox 205 2102 2503 2184; baseline -0 -15"><span class='ocrx_word' id='word_1_153' title='bbox 205 2109 414 2169; x_wconf 71' lang='lat' dir='ltr'><strong>drah‘s</strong></span> <span class='ocrx_word' id='word_1_154' title='bbox 457 2105 559 2168; x_wconf 78' lang='lat' dir='ltr'><strong>vel</strong></span> <span class='ocrx_word' id='word_1_155' title='bbox 599 2103 910 2183; x_wconf 75' lang='lat' dir='ltr'><strong>reyularis</strong></span> <span class='ocrx_word' id='word_1_156' title='bbox 954 2123 1080 2165; x_wconf 78' lang='lat' dir='ltr'><strong>non</strong></span> <span class='ocrx_word' id='word_1_157' title='bbox 1121 2102 1293 2165; x_wconf 73' lang='lat' dir='ltr'><strong>debet</strong></span> <span class='ocrx_word' id='word_1_158' title='bbox 1331 2123 1549 2167; x_wconf 82' lang='lat' dir='ltr'><strong>carere</strong></span> <span class='ocrx_word' id='word_1_159' title='bbox 1577 2104 1853 2184; x_wconf 73' lang='lat' dir='ltr'><strong>praelaso</strong></span> <span class='ocrx_word' id='word_1_160' title='bbox 1892 2104 2059 2168; x_wconf 76' lang='lat' dir='ltr'><strong>ultra</strong></span> <span class='ocrx_word' id='word_1_161' title='bbox 2085 2112 2209 2168; x_wconf 75' lang='lat' dir='ltr'><strong>tres</strong></span> <span class='ocrx_word' id='word_1_162' title='bbox 2248 2125 2503 2182; x_wconf 75' lang='lat' dir='ltr'><strong>menses,</strong></span> 
     </span>
     <span class='ocr_line' id='line_1_21' title="bbox 207 2187 2507 2276; baseline -0 -21"><span class='ocrx_word' id='word_1_163' title='bbox 207 2189 554 2276; x_wconf 59' lang='lat' dir='ltr'><strong>respondit</strong></span> <span class='ocrx_word' id='word_1_164' title='bbox 605 2189 804 2272; x_wconf 88' lang='lat' dir='ltr'><strong>Papa,</strong></span> <span class='ocrx_word' id='word_1_165' title='bbox 849 2188 1024 2274; x_wconf 90' lang='lat' dir='ltr'><strong>quod</strong></span> <span class='ocrx_word' id='word_1_166' title='bbox 1059 2204 1188 2252; x_wconf 74' lang='lat' dir='ltr'><strong>u‘na</strong></span> <span class='ocrx_word' id='word_1_167' title='bbox 1215 2187 1485 2252; x_wconf 77' lang='lat' dir='ltr'><strong>ecclesia</strong></span> <span class='ocrx_word' id='word_1_168' title='bbox 1514 2209 1643 2252; x_wconf 85' lang='lat' dir='ltr'><strong>non</strong></span> <span class='ocrx_word' id='word_1_169' title='bbox 1674 2187 1874 2252; x_wconf 89' lang='lat' dir='ltr'><strong>habet</strong></span> <span class='ocrx_word' id='word_1_170' title='bbox 1900 2187 2019 2252; x_wconf 89' lang='lat' dir='ltr'><strong>nisi</strong></span> <span class='ocrx_word' id='word_1_171' title='bbox 2054 2211 2246 2252; x_wconf 89' lang='lat' dir='ltr'><strong>unum</strong></span> <span class='ocrx_word' id='word_1_172' title='bbox 2278 2189 2507 2275; x_wconf 86' lang='lat' dir='ltr'><strong>proela·</strong></span> 
     </span>
     <span class='ocr_line' id='line_1_22' title="bbox 208 2273 2509 2362; baseline 0 -20"><span class='ocrx_word' id='word_1_173' title='bbox 208 2293 350 2342; x_wconf 88' lang='lat' dir='ltr'><strong>tum</strong></span> <span class='ocrx_word' id='word_1_174' title='bbox 397 2293 467 2340; x_wconf 89' lang='lat' dir='ltr'><strong>et</strong></span> <span class='ocrx_word' id='word_1_175' title='bbox 512 2296 710 2340; x_wconf 89' lang='lat' dir='ltr'><strong>unum</strong></span> <span class='ocrx_word' id='word_1_176' title='bbox 753 2295 1078 2358; x_wconf 88' lang='lat' dir='ltr'><strong>sponsum,</strong></span> <span class='ocrx_word' id='word_1_177' title='bbox 1127 2286 1192 2338; x_wconf 90' lang='lat' dir='ltr'><strong>et</strong></span> <span class='ocrx_word' id='word_1_178' title='bbox 1231 2273 1297 2338; x_wconf 90' lang='lat' dir='ltr'><strong>in</strong></span> <span class='ocrx_word' id='word_1_179' title='bbox 1336 2275 1609 2340; x_wconf 86' lang='lat' dir='ltr'><strong>ecclesia</strong></span> <span class='ocrx_word' id='word_1_180' title='bbox 1651 2273 2000 2340; x_wconf 86' lang='lat' dir='ltr'><strong>cathedrali</strong></span> <span class='ocrx_word' id='word_1_181' title='bbox 2030 2289 2129 2339; x_wconf 88' lang='lat' dir='ltr'><strong>est</strong></span> <span class='ocrx_word' id='word_1_182' title='bbox 2160 2275 2509 2362; x_wconf 82' lang='lat' dir='ltr'><strong>Episcopus</strong></span> 
     </span>
     <span class='ocr_line' id='line_1_23' title="bbox 207 2359 2509 2450; baseline 0 -23"><span class='ocrx_word' id='word_1_183' title='bbox 207 2386 482 2450; x_wconf 83' lang='lat' dir='ltr'><strong>sponsus</strong></span> <span class='ocrx_word' id='word_1_184' title='bbox 511 2378 576 2428; x_wconf 91' lang='lat' dir='ltr'><strong>et</strong></span> <span class='ocrx_word' id='word_1_185' title='bbox 606 2361 930 2447; x_wconf 85' lang='lat' dir='ltr'><strong>praelatus.</strong></span> <span class='ocrx_word' id='word_1_186' title='bbox 1009 2359 1116 2425; x_wconf 88' lang='lat' dir='ltr'><strong>Sic</strong></span> <span class='ocrx_word' id='word_1_187' title='bbox 1147 2360 1344 2448; x_wconf 86' lang='lat' dir='ltr'><strong>igitur</strong></span> <span class='ocrx_word' id='word_1_188' title='bbox 1372 2361 1609 2426; x_wconf 89' lang='lat' dir='ltr'><strong>edocto</strong></span> <span class='ocrx_word' id='word_1_189' title='bbox 1638 2383 1853 2426; x_wconf 86' lang='lat' dir='ltr'><strong>coram</strong></span> <span class='ocrx_word' id='word_1_190' title='bbox 1889 2362 2107 2447; x_wconf 84' lang='lat' dir='ltr'><strong>Papa3</strong></span> <span class='ocrx_word' id='word_1_191' title='bbox 2216 2363 2348 2428; x_wconf 90' lang='lat' dir='ltr'><strong>uod</strong></span> <span class='ocrx_word' id='word_1_192' title='bbox 2376 2385 2509 2429; x_wconf 89' lang='lat' dir='ltr'><strong>non</strong></span> 
     </span>
     <span class='ocr_line' id='line_1_24' title="bbox 208 2385 2510 2536; baseline -0 -20"><span class='ocrx_word' id='word_1_193' title='bbox 208 2463 395 2517; x_wconf 87' lang='lat' dir='ltr'><strong>erant</strong></span> <span class='ocrx_word' id='word_1_194' title='bbox 441 2471 562 2514; x_wconf 86' lang='lat' dir='ltr'><strong>sex</strong></span> <span class='ocrx_word' id='word_1_195' title='bbox 613 2469 862 2513; x_wconf 84' lang='lat' dir='ltr'><strong>menses</strong></span> <span class='ocrx_word' id='word_1_196' title='bbox 907 2446 1107 2531; x_wconf 89' lang='lat' dir='ltr'><strong>elapsi</strong></span> <span class='ocrx_word' id='word_1_197' title='bbox 1136 2470 1177 2512; x_wconf 87' lang='lat' dir='ltr'><strong>a</strong></span> <span class='ocrx_word' id='word_1_198' title='bbox 1205 2447 1562 2534; x_wconf 86' lang='lat' dir='ltr'><strong>privatione</strong></span> <span class='ocrx_word' id='word_1_199' title='bbox 1606 2449 1867 2514; x_wconf 82' lang='lat' dir='ltr'><strong>Ricardi</strong></span> <span class='ocrx_word' id='word_1_200' title='bbox 1896 2471 2097 2536; x_wconf 89' lang='lat' dir='ltr'><strong>usque</strong></span> <span class='ocrx_word' id='word_1_201' title='bbox 2126 2385 2215 2513; x_wconf 57' lang='lat' dir='ltr'><strong>ag</strong></span> <span class='ocrx_word' id='word_1_202' title='bbox 2238 2449 2510 2535; x_wconf 78' lang='lat' dir='ltr'><strong>praefec-</strong></span> 
     </span>
     <span class='ocr_line' id='line_1_25' title="bbox 209 2533 2512 2621; baseline 0 -19"><span class='ocrx_word' id='word_1_203' title='bbox 209 2539 454 2602; x_wconf 88' lang='lat' dir='ltr'><strong>tionem</strong></span> <span class='ocrx_word' id='word_1_204' title='bbox 507 2535 627 2610; x_wconf 90' lang='grc' dir='ltr'><strong>Η.,</strong></span> <span class='ocrx_word' id='word_1_205' title='bbox 665 2533 1146 2619; x_wconf 85' lang='lat' dir='ltr'><strong>praefectionem</strong></span> <span class='ocrx_word' id='word_1_206' title='bbox 1177 2533 1448 2600; x_wconf 82' lang='lat' dir='ltr'><strong>cassavit</strong></span> <span class='ocrx_word' id='word_1_207' title='bbox 1479 2546 1573 2621; x_wconf 83' lang='lat' dir='ltr'><strong>[et</strong></span> <span class='ocrx_word' id='word_1_208' title='bbox 1605 2535 2039 2621; x_wconf 86' lang='lat' dir='ltr'><strong>privacionem</strong></span> <span class='ocrx_word' id='word_1_209' title='bbox 2067 2536 2410 2613; x_wconf 84' lang='lat' dir='ltr'><strong>revocavit,</strong></span> <span class='ocrx_word' id='word_1_210' title='bbox 2443 2549 2512 2602; x_wconf 93' lang='lat' dir='ltr'><strong>et</strong></span> 
     </span>
     <span class='ocr_line' id='line_1_26' title="bbox 207 2621 2511 2704; baseline 0 -16"><span class='ocrx_word' id='word_1_211' title='bbox 207 2626 298 2690; x_wconf 88' lang='lat' dir='ltr'><strong>sic</strong></span> <span class='ocrx_word' id='word_1_212' title='bbox 319 2624 628 2691; x_wconf 85' lang='lat' dir='ltr'><strong>Priorem</strong></span> <span class='ocrx_word' id='word_1_213' title='bbox 653 2621 1002 2685; x_wconf 84' lang='lat' dir='ltr'><strong>Ricardum</strong></span> <span class='ocrx_word' id='word_1_214' title='bbox 1027 2621 1306 2686; x_wconf 85' lang='lat' dir='ltr'><strong>restituit</strong></span> <span class='ocrx_word' id='word_1_215' title='bbox 1330 2635 1395 2686; x_wconf 91' lang='lat' dir='ltr'><strong>et</strong></span> <span class='ocrx_word' id='word_1_216' title='bbox 1423 2621 1519 2690; x_wconf 91' lang='lat' dir='ltr'><strong>H.</strong></span> <span class='ocrx_word' id='word_1_217' title='bbox 1548 2623 1851 2704; x_wconf 85' lang='lat' dir='ltr'><strong>cassavit]</strong></span> <span class='ocrx_word' id='word_1_218' title='bbox 1878 2642 1959 2686; x_wconf 89' lang='lat'><strong>111</strong></span> <span class='ocrx_word' id='word_1_219' title='bbox 1978 2621 2103 2688; x_wconf 78' lang='lat' dir='ltr'><strong>kal.</strong></span> <span class='ocrx_word' id='word_1_220' title='bbox 2135 2621 2511 2688; x_wconf 86' lang='lat' dir='ltr'><strong>Decembris</strong></span> 
     </span>
     <span class='ocr_line' id='line_1_27' title="bbox 209 2706 2509 2796; baseline -0 -19"><span class='ocrx_word' id='word_1_221' title='bbox 209 2735 384 2777; x_wconf 84' lang='lat' dir='ltr'><strong>anno</strong></span> <span class='ocrx_word' id='word_1_222' title='bbox 398 2707 666 2775; x_wconf 89' lang='lat' dir='ltr'><strong>Domini</strong></span> <span class='ocrx_word' id='word_1_223' title='bbox 681 2728 918 2772; x_wconf 72' lang='lat' dir='ltr'><strong>mcccl.</strong></span> <span class='ocrx_word' id='word_1_224' title='bbox 969 2706 1074 2772; x_wconf 90' lang='lat' dir='ltr'><strong>Sic</strong></span> <span class='ocrx_word' id='word_1_225' title='bbox 1095 2723 1308 2772; x_wconf 85' lang='lat' dir='ltr'><strong>tamen</strong></span> <span class='ocrx_word' id='word_1_226' title='bbox 1329 2707 1505 2795; x_wconf 92' lang='lat' dir='ltr'><strong>quod</strong></span> <span class='ocrx_word' id='word_1_227' title='bbox 1527 2709 1577 2772; x_wconf 90' lang='lat' dir='ltr'><strong>si</strong></span> <span class='ocrx_word' id='word_1_228' title='bbox 1592 2709 1943 2794; x_wconf 84' lang='lat' dir='ltr'><strong>Episcopus</strong></span> <span class='ocrx_word' id='word_1_229' title='bbox 1962 2710 2153 2775; x_wconf 83' lang='lat' dir='ltr'><strong>vellet</strong></span> <span class='ocrx_word' id='word_1_230' title='bbox 2169 2711 2509 2796; x_wconf 86' lang='lat' dir='ltr'><strong>praefatam</strong></span> 
     </span>
     <span class='ocr_line' id='line_1_28' title="bbox 209 2793 2509 2898; baseline 0 -36"><span class='ocrx_word' id='word_1_231' title='bbox 209 2799 642 2886; x_wconf 86' lang='lat' dir='ltr'><strong>privationem</strong></span> <span class='ocrx_word' id='word_1_232' title='bbox 675 2794 1050 2872; x_wconf 81' lang='lat' dir='ltr'><strong>defendere,</strong></span> <span class='ocrx_word' id='word_1_233' title='bbox 1075 2808 1146 2858; x_wconf 93' lang='lat' dir='ltr'><strong>ut</strong></span> <span class='ocrx_word' id='word_1_234' title='bbox 1169 2793 1406 2860; x_wconf 77' lang='lat' dir='ltr'><strong>factam</strong></span> <span class='ocrx_word' id='word_1_235' title='bbox 1425 2794 1727 2880; x_wconf 84' lang='lat' dir='ltr'><strong>legitime,</strong></span> <span class='ocrx_word' id='word_1_236' title='bbox 1751 2794 1847 2882; x_wconf 91' lang='lat' dir='ltr'><strong>[in</strong></span> <span class='ocrx_word' id='word_1_237' title='bbox 1878 2794 2181 2881; x_wconf 87' lang='lat' dir='ltr'><strong>petitorio</strong></span> <span class='ocrx_word' id='word_1_238' title='bbox 2200 2797 2509 2898; x_wconf 78' lang='lat' dir='ltr'><strong>judiciol,</strong></span> 
     </span>
     <span class='ocr_line' id='line_1_29' title="bbox 211 2881 2513 2981; baseline -0.001 -30"><span class='ocrx_word' id='word_1_239' title='bbox 211 2900 440 2951; x_wconf 80' lang='lat' dir='ltr'><strong>contra</strong></span> <span class='ocrx_word' id='word_1_240' title='bbox 487 2881 840 2947; x_wconf 86' lang='lat' dir='ltr'><strong>Ricardum</strong></span> <span class='ocrx_word' id='word_1_241' title='bbox 884 2895 1330 2968; x_wconf 84' lang='lat' dir='ltr'><strong>prosequatur,</strong></span> <span class='ocrx_word' id='word_1_242' title='bbox 1363 2896 1703 2981; x_wconf 84' lang='lat' dir='ltr'><strong>postquam</strong></span> <span class='ocrx_word' id='word_1_243' title='bbox 1732 2881 2031 2946; x_wconf 86' lang='lat' dir='ltr'><strong>inductus</strong></span> <span class='ocrx_word' id='word_1_244' title='bbox 2061 2881 2339 2950; x_wconf 75' lang='lat' dir='ltr'><strong>fueritin</strong></span> <span class='ocrx_word' id='word_1_245' title='bbox 2370 2907 2513 2950; x_wconf 91' lang='lat' dir='ltr'><strong>cor-</strong></span> 
     </span>
     <span class='ocr_line' id='line_1_30' title="bbox 209 2966 2513 3072; baseline -0.001 -36"><span class='ocrx_word' id='word_1_246' title='bbox 209 2971 508 3072; x_wconf 85' lang='lat' dir='ltr'><strong>poralem</strong></span> <span class='ocrx_word' id='word_1_247' title='bbox 548 2967 1036 3054; x_wconf 78' lang='lat' dir='ltr'><strong>possessionem.</strong></span> <span class='ocrx_word' id='word_1_248' title='bbox 1135 2966 1351 3052; x_wconf 86' lang='lat' dir='ltr'><strong>Hujus</strong></span> <span class='ocrx_word' id='word_1_249' title='bbox 1400 2968 1821 3034; x_wconf 80' lang='lat' dir='ltr'><strong>restitutionis</strong></span> <span class='ocrx_word' id='word_1_250' title='bbox 1871 2969 2171 3034; x_wconf 87' lang='lat' dir='ltr'><strong>executio</strong></span> <span class='ocrx_word' id='word_1_251' title='bbox 2213 2971 2384 3036; x_wconf 86' lang='lat' dir='ltr'><strong>facta</strong></span> <span class='ocrx_word' id='word_1_252' title='bbox 2412 2985 2513 3036; x_wconf 90' lang='lat' dir='ltr'><strong>est</strong></span> 
     </span>
     <span class='ocr_line' id='line_1_31' title="bbox 213 3053 2515 3132; baseline 0.001 -11"><span class='ocrx_word' id='word_1_253' title='bbox 213 3082 278 3122; x_wconf 83' lang='lat' dir='ltr'><strong>m</strong></span> <span class='ocrx_word' id='word_1_254' title='bbox 307 3061 494 3123; x_wconf 87' lang='lat' dir='ltr'><strong>curia</strong></span> <span class='ocrx_word' id='word_1_255' title='bbox 527 3056 844 3132; x_wconf 68' lang='lat' dir='ltr'><strong>Romana,</strong></span> <span class='ocrx_word' id='word_1_256' title='bbox 882 3075 984 3118; x_wconf 83' lang='lat' dir='ltr'><strong>xu</strong></span> <span class='ocrx_word' id='word_1_257' title='bbox 1031 3053 1137 3118; x_wconf 90' lang='lat' dir='ltr'><strong>die</strong></span> <span class='ocrx_word' id='word_1_258' title='bbox 1179 3053 1532 3132; x_wconf 89' lang='lat' dir='ltr'><strong>Februarii,</strong></span> <span class='ocrx_word' id='word_1_259' title='bbox 1564 3053 1797 3119; x_wconf 91' lang='lat' dir='ltr'><strong>eodem</strong></span> <span class='ocrx_word' id='word_1_260' title='bbox 1827 3075 2019 3132; x_wconf 90' lang='lat' dir='ltr'><strong>anno,</strong></span> <span class='ocrx_word' id='word_1_261' title='bbox 2054 3068 2121 3120; x_wconf 87' lang='lat' dir='ltr'><strong>et</strong></span> <span class='ocrx_word' id='word_1_262' title='bbox 2148 3059 2215 3120; x_wconf 89' lang='lat' dir='ltr'><strong>in</strong></span> <span class='ocrx_word' id='word_1_263' title='bbox 2244 3057 2515 3123; x_wconf 86' lang='lat' dir='ltr'><strong>ecclesia</strong></span> 
     </span>
     <span class='ocr_line' id='line_1_32' title="bbox 213 3139 2511 3226; baseline -0 -16"><span class='ocrx_word' id='word_1_264' title='bbox 213 3144 648 3210; x_wconf 86' lang='lat' dir='ltr'><strong>Dunelmensi</strong></span> <span class='ocrx_word' id='word_1_265' title='bbox 705 3141 954 3206; x_wconf 87' lang='lat' dir='ltr'><strong>decima</strong></span> <span class='ocrx_word' id='word_1_266' title='bbox 1008 3139 1115 3206; x_wconf 83' lang='lat' dir='ltr'><strong>die</strong></span> <span class='ocrx_word' id='word_1_267' title='bbox 1173 3141 1412 3207; x_wconf 86' lang='lat' dir='ltr'><strong>mensis</strong></span> <span class='ocrx_word' id='word_1_268' title='bbox 1473 3140 1713 3226; x_wconf 85' lang='lat' dir='ltr'><strong>Aprilis</strong></span> <span class='ocrx_word' id='word_1_269' title='bbox 1760 3139 2079 3218; x_wconf 84' lang='lat' dir='ltr'><strong>exeuntis,</strong></span> <span class='ocrx_word' id='word_1_270' title='bbox 2156 3145 2306 3207; x_wconf 86' lang='lat' dir='ltr'><strong>anni</strong></span> <span class='ocrx_word' id='word_1_271' title='bbox 2365 3157 2511 3222; x_wconf 89' lang='lat' dir='ltr'><strong>etc.,</strong></span> 
     </span>
     <span class='ocr_line' id='line_1_33' title="bbox 214 3227 2513 3305; baseline -0.001 -9"><span class='ocrx_word' id='word_1_272' title='bbox 214 3230 532 3296; x_wconf 71' lang='lat' dir='ltr'><strong>necem*</strong></span> <span class='ocrx_word' id='word_1_273' title='bbox 633 3229 784 3304; x_wconf 84' lang='lat' dir='ltr'><strong>Quo</strong></span> <span class='ocrx_word' id='word_1_274' title='bbox 828 3249 1023 3305; x_wconf 88' lang='lat' dir='ltr'><strong>ann0,</strong></span> <span class='ocrx_word' id='word_1_275' title='bbox 1073 3248 1218 3291; x_wconf 90' lang='lat' dir='ltr'><strong>cum</strong></span> <span class='ocrx_word' id='word_1_276' title='bbox 1266 3229 1332 3290; x_wconf 89' lang='lat' dir='ltr'><strong>in</strong></span> <span class='ocrx_word' id='word_1_277' title='bbox 1385 3249 1572 3293; x_wconf 82' lang='lat' dir='ltr'><strong>coena</strong></span> <span class='ocrx_word' id='word_1_278' title='bbox 1620 3227 1889 3293; x_wconf 88' lang='lat' dir='ltr'><strong>Domini</strong></span> <span class='ocrx_word' id='word_1_279' title='bbox 1922 3228 2169 3292; x_wconf 87' lang='lat' dir='ltr'><strong>veniret</strong></span> <span class='ocrx_word' id='word_1_280' title='bbox 2200 3228 2513 3294; x_wconf 85' lang='lat' dir='ltr'><strong>Ricardus</strong></span> 
     </span>
     <span class='ocr_line' id='line_1_34' title="bbox 215 3312 2517 3402; baseline -0.001 -18"><span class='ocrx_word' id='word_1_281' title='bbox 215 3319 298 3384; x_wconf 88' lang='lat' dir='ltr'><strong>de</strong></span> <span class='ocrx_word' id='word_1_282' title='bbox 351 3315 612 3382; x_wconf 80' lang='lat' dir='ltr'><strong>Kellow</strong></span> <span class='ocrx_word' id='word_1_283' title='bbox 657 3337 804 3380; x_wconf 88' lang='lat' dir='ltr'><strong>cum</strong></span> <span class='ocrx_word' id='word_1_284' title='bbox 847 3335 1184 3400; x_wconf 87' lang='lat' dir='ltr'><strong>processus</strong></span> <span class='ocrx_word' id='word_1_285' title='bbox 1212 3313 1422 3399; x_wconf 86' lang='lat' dir='ltr'><strong>copia,</strong></span> <span class='ocrx_word' id='word_1_286' title='bbox 1453 3313 1763 3379; x_wconf 86' lang='lat' dir='ltr'><strong>admissus</strong></span> <span class='ocrx_word' id='word_1_287' title='bbox 1788 3326 1885 3378; x_wconf 88' lang='lat' dir='ltr'><strong>est</strong></span> <span class='ocrx_word' id='word_1_288' title='bbox 1914 3312 2191 3400; x_wconf 81' lang='lat' dir='ltr'><strong>benigne</strong></span> <span class='ocrx_word' id='word_1_289' title='bbox 2220 3339 2261 3380; x_wconf 87' lang='lat' dir='ltr'><strong>a</strong></span> <span class='ocrx_word' id='word_1_290' title='bbox 2288 3315 2517 3402; x_wconf 85' lang='lat' dir='ltr'><strong>majori</strong></span> 
     </span>
     <span class='ocr_line' id='line_1_35' title="bbox 213 3398 2515 3490; baseline -0.001 -20"><span class='ocrx_word' id='word_1_291' title='bbox 213 3419 402 3490; x_wconf 85' lang='lat' dir='ltr'><strong>parte</strong></span> <span class='ocrx_word' id='word_1_292' title='bbox 473 3416 852 3479; x_wconf 87' lang='lat' dir='ltr'><strong>conventus,</strong></span> <span class='ocrx_word' id='word_1_293' title='bbox 920 3416 989 3465; x_wconf 91' lang='lat' dir='ltr'><strong>et</strong></span> <span class='ocrx_word' id='word_1_294' title='bbox 1049 3398 1114 3464; x_wconf 89' lang='lat' dir='ltr'><strong>in</strong></span> <span class='ocrx_word' id='word_1_295' title='bbox 1165 3401 1565 3487; x_wconf 72' lang='lat' dir='ltr'><strong>suppl-iorem</strong></span> <span class='ocrx_word' id='word_1_296' title='bbox 1623 3401 1953 3466; x_wconf 75' lang='lat' dir='ltr'><strong>admissus.</strong></span> <span class='ocrx_word' id='word_1_297' title='bbox 2063 3401 2157 3466; x_wconf 91' lang='lat' dir='ltr'><strong>H.</strong></span> <span class='ocrx_word' id='word_1_298' title='bbox 2218 3425 2372 3468; x_wconf 85' lang='lat' dir='ltr'><strong>vero</strong></span> <span class='ocrx_word' id='word_1_299' title='bbox 2432 3403 2515 3468; x_wconf 89' lang='lat' dir='ltr'><strong>de</strong></span> 
     </span>
     <span class='ocr_line' id='line_1_36' title="bbox 219 3487 2519 3576; baseline -0.002 -17"><span class='ocrx_word' id='word_1_300' title='bbox 219 3491 518 3576; x_wconf 88' lang='lat' dir='ltr'><strong>Luceby‚</strong></span> <span class='ocrx_word' id='word_1_301' title='bbox 555 3501 709 3553; x_wconf 89' lang='lat' dir='ltr'><strong>tunc</strong></span> <span class='ocrx_word' id='word_1_302' title='bbox 755 3509 1074 3552; x_wconf 87' lang='lat' dir='ltr'><strong>cameram</strong></span> <span class='ocrx_word' id='word_1_303' title='bbox 1122 3487 1364 3551; x_wconf 87' lang='lat' dir='ltr'><strong>Prioris</strong></span> <span class='ocrx_word' id='word_1_304' title='bbox 1394 3509 1737 3574; x_wconf 89' lang='lat' dir='ltr'><strong>occupans,</strong></span> <span class='ocrx_word' id='word_1_305' title='bbox 1770 3509 1918 3552; x_wconf 87' lang='lat' dir='ltr'><strong>cum</strong></span> <span class='ocrx_word' id='word_1_306' title='bbox 1970 3488 2355 3574; x_wconf 86' lang='lat' dir='ltr'><strong>quibusdam</strong></span> <span class='ocrx_word' id='word_1_307' title='bbox 2404 3491 2519 3556; x_wconf 82' lang='lat' dir='ltr'><strong>ad-</strong></span> 
     </span>
     <span class='ocr_line' id='line_1_37' title="bbox 213 3574 2518 3662; baseline -0.001 -18"><span class='ocrx_word' id='word_1_308' title='bbox 213 3577 614 3644; x_wconf 81' lang='lat' dir='ltr'><strong>hoerentibus</strong></span> <span class='ocrx_word' id='word_1_309' title='bbox 661 3574 800 3652; x_wconf 87' lang='lat' dir='ltr'><strong>sibi,</strong></span> <span class='ocrx_word' id='word_1_310' title='bbox 833 3574 1092 3658; x_wconf 86' lang='lat' dir='ltr'><strong>collegit</strong></span> <span class='ocrx_word' id='word_1_311' title='bbox 1145 3575 1326 3660; x_wconf 89' lang='lat' dir='ltr'><strong>quod</strong></span> <span class='ocrx_word' id='word_1_312' title='bbox 1371 3587 1645 3659; x_wconf 67' lang='lat' dir='ltr'><strong>poterat,</strong></span> <span class='ocrx_word' id='word_1_313' title='bbox 1678 3575 1762 3639; x_wconf 89' lang='lat' dir='ltr'><strong>de</strong></span> <span class='ocrx_word' id='word_1_314' title='bbox 1786 3574 1923 3639; x_wconf 87' lang='lat' dir='ltr'><strong>cifis</strong></span> <span class='ocrx_word' id='word_1_315' title='bbox 1950 3574 2150 3660; x_wconf 85' lang='lat' dir='ltr'><strong>pedes</strong></span> <span class='ocrx_word' id='word_1_316' title='bbox 2180 3589 2518 3662; x_wconf 79' lang='lat' dir='ltr'><strong>argenteos</strong></span> 
     </span>
     <span class='ocr_line' id='line_1_38' title="bbox 213 3659 2521 3749; baseline -0.001 -18"><span class='ocrx_word' id='word_1_317' title='bbox 213 3663 582 3740; x_wconf 89' lang='lat' dir='ltr'><strong>evellendo,</strong></span> <span class='ocrx_word' id='word_1_318' title='bbox 614 3673 684 3726; x_wconf 87' lang='lat' dir='ltr'><strong>et</strong></span> <span class='ocrx_word' id='word_1_319' title='bbox 711 3660 870 3726; x_wconf 80' lang='lat' dir='ltr'><strong>cifos</strong></span> <span class='ocrx_word' id='word_1_320' title='bbox 898 3673 1240 3749; x_wconf 81' lang='lat' dir='ltr'><strong>argenteos</strong></span> <span class='ocrx_word' id='word_1_321' title='bbox 1269 3673 1338 3725; x_wconf 89' lang='lat' dir='ltr'><strong>et</strong></span> <span class='ocrx_word' id='word_1_322' title='bbox 1359 3659 1675 3726; x_wconf 83' lang='lat' dir='ltr'><strong>coclearia</strong></span> <span class='ocrx_word' id='word_1_323' title='bbox 1702 3661 2194 3748; x_wconf 83' lang='lat' dir='ltr'><strong>congregand03</strong></span> <span class='ocrx_word' id='word_1_324' title='bbox 2226 3665 2339 3728; x_wconf 87' lang='lat' dir='ltr'><strong>sed</strong></span> <span class='ocrx_word' id='word_1_325' title='bbox 2372 3685 2521 3729; x_wconf 87' lang='lat' dir='ltr'><strong>cum</strong></span> 
     </span>
     <span class='ocr_line' id='line_1_39' title="bbox 211 3746 2515 3838; baseline -0.002 -20"><span class='ocrx_word' id='word_1_326' title='bbox 211 3755 302 3818; x_wconf 85' lang='lat' dir='ltr'><strong>ad</strong></span> <span class='ocrx_word' id='word_1_327' title='bbox 353 3766 618 3838; x_wconf 86' lang='lat' dir='ltr'><strong>portam</strong></span> <span class='ocrx_word' id='word_1_328' title='bbox 661 3754 842 3828; x_wconf 87' lang='lat' dir='ltr'><strong>[cum</strong></span> <span class='ocrx_word' id='word_1_329' title='bbox 893 3769 1120 3812; x_wconf 86' lang='lat' dir='ltr'><strong>eorum</strong></span> <span class='ocrx_word' id='word_1_330' title='bbox 1165 3746 1515 3830; x_wconf 85' lang='lat' dir='ltr'><strong>herneciis]</strong></span> <span class='ocrx_word' id='word_1_331' title='bbox 1560 3769 1693 3813; x_wconf 89' lang='lat' dir='ltr'><strong>non</strong></span> <span class='ocrx_word' id='word_1_332' title='bbox 1738 3759 1923 3812; x_wconf 83' lang='lat' dir='ltr'><strong>erant</strong></span> <span class='ocrx_word' id='word_1_333' title='bbox 1968 3748 2149 3813; x_wconf 84' lang='lat' dir='ltr'><strong>exire</strong></span> <span class='ocrx_word' id='word_1_334' title='bbox 2192 3751 2515 3834; x_wconf 87' lang='lat' dir='ltr'><strong>permissi,</strong></span> 
     </span>
     <span class='ocr_line' id='line_1_40' title="bbox 213 3832 2522 3920; baseline -0.002 -15"><span class='ocrx_word' id='word_1_335' title='bbox 213 3837 552 3904; x_wconf 85' lang='lat' dir='ltr'><strong>monachis</strong></span> <span class='ocrx_word' id='word_1_336' title='bbox 611 3835 852 3900; x_wconf 85' lang='lat' dir='ltr'><strong>ibidem</strong></span> <span class='ocrx_word' id='word_1_337' title='bbox 911 3834 1000 3898; x_wconf 87' lang='lat' dir='ltr'><strong>eis</strong></span> <span class='ocrx_word' id='word_1_338' title='bbox 1070 3833 1539 3910; x_wconf 85' lang='lat' dir='ltr'><strong>resistentibus,</strong></span> <span class='ocrx_word' id='word_1_339' title='bbox 1596 3856 1716 3920; x_wconf 89' lang='lat' dir='ltr'><strong>per</strong></span> <span class='ocrx_word' id='word_1_340' title='bbox 1772 3832 2113 3918; x_wconf 81' lang='lat' dir='ltr'><strong>gardinum</strong></span> <span class='ocrx_word' id='word_1_341' title='bbox 2172 3857 2522 3920; x_wconf 87' lang='lat' dir='ltr'><strong>porcorum</strong></span> 
     </span>
     <span class='ocr_line' id='line_1_41' title="bbox 215 3918 2521 4008; baseline -0.002 -18"><span class='ocrx_word' id='word_1_342' title='bbox 215 3927 394 3992; x_wconf 85' lang='lat' dir='ltr'><strong>ultra</strong></span> <span class='ocrx_word' id='word_1_343' title='bbox 423 3945 638 3989; x_wconf 84' lang='lat' dir='ltr'><strong>muros</strong></span> <span class='ocrx_word' id='word_1_344' title='bbox 670 3921 838 3986; x_wconf 86' lang='lat' dir='ltr'><strong>villae</strong></span> <span class='ocrx_word' id='word_1_345' title='bbox 860 3919 1074 4008; x_wconf 85' lang='lat' dir='ltr'><strong>aliqua</strong></span> <span class='ocrx_word' id='word_1_346' title='bbox 1103 3923 1535 4008; x_wconf 88' lang='lat' dir='ltr'><strong>projecerunt,</strong></span> <span class='ocrx_word' id='word_1_347' title='bbox 1568 3935 1633 3986; x_wconf 89' lang='lat' dir='ltr'><strong>et</strong></span> <span class='ocrx_word' id='word_1_348' title='bbox 1661 3918 1751 3985; x_wconf 88' lang='lat' dir='ltr'><strong>sic</strong></span> <span class='ocrx_word' id='word_1_349' title='bbox 1774 3934 2199 4000; x_wconf 82' lang='lat' dir='ltr'><strong>recesserunt,</strong></span> <span class='ocrx_word' id='word_1_350' title='bbox 2232 3937 2302 3986; x_wconf 88' lang='lat' dir='ltr'><strong>et</strong></span> <span class='ocrx_word' id='word_1_351' title='bbox 2336 3920 2521 4006; x_wconf 87' lang='lat' dir='ltr'><strong>Epis-</strong></span> 
     </span>
     <span class='ocr_line' id='line_1_42' title="bbox 217 4010 806 4100; baseline -0.005 -21"><span class='ocrx_word' id='word_1_352' title='bbox 217 4035 457 4100; x_wconf 82' lang='lat' dir='ltr'><strong>copum</strong></span> <span class='ocrx_word' id='word_1_353' title='bbox 487 4010 806 4076; x_wconf 87' lang='lat' dir='ltr'><strong>adierunt.</strong></span> 
     </span>
    </p>

    <p class='ocr_par' dir='ltr' id='par_1_5' title="bbox 219 4092 2523 4356">
     <span class='ocr_line' id='line_1_43' title="bbox 311 4092 2521 4185; baseline -0.002 -21"><span class='ocrx_word' id='word_1_354' title='bbox 311 4099 708 4185; x_wconf 87' lang='lat' dir='ltr'><strong>Episcopum</strong></span> <span class='ocrx_word' id='word_1_355' title='bbox 765 4117 944 4174; x_wconf 82' lang='lat' dir='ltr'><strong>vero,</strong></span> <span class='ocrx_word' id='word_1_356' title='bbox 1007 4097 1158 4183; x_wconf 88' lang='lat' dir='ltr'><strong>quia</strong></span> <span class='ocrx_word' id='word_1_357' title='bbox 1207 4107 1474 4162; x_wconf 82' lang='lat' dir='ltr'><strong>vocatus</strong></span> <span class='ocrx_word' id='word_1_358' title='bbox 1522 4093 1606 4159; x_wconf 81' lang='lat' dir='ltr'><strong>ad</strong></span> <span class='ocrx_word' id='word_1_359' title='bbox 1659 4092 1904 4158; x_wconf 88' lang='lat' dir='ltr'><strong>curiam</strong></span> <span class='ocrx_word' id='word_1_360' title='bbox 1956 4114 2092 4158; x_wconf 86' lang='lat' dir='ltr'><strong>non</strong></span> <span class='ocrx_word' id='word_1_361' title='bbox 2146 4114 2521 4180; x_wconf 87' lang='lat' dir='ltr'><strong>comparere</strong></span> 
     </span>
     <span class='ocr_line' id='line_1_44' title="bbox 219 4179 2521 4270; baseline -0.001 -20"><span class='ocrx_word' id='word_1_362' title='bbox 219 4187 440 4264; x_wconf 85' lang='lat' dir='ltr'><strong>voluit,</strong></span> <span class='ocrx_word' id='word_1_363' title='bbox 491 4185 674 4270; x_wconf 85' lang='lat' dir='ltr'><strong>Papa</strong></span> <span class='ocrx_word' id='word_1_364' title='bbox 703 4195 1146 4248; x_wconf 86' lang='lat' dir='ltr'><strong>contumacem</strong></span> <span class='ocrx_word' id='word_1_365' title='bbox 1177 4179 1643 4267; x_wconf 81' lang='lat' dir='ltr'><strong>pronuntiavit,</strong></span> <span class='ocrx_word' id='word_1_366' title='bbox 1674 4201 1715 4244; x_wconf 86' lang='lat' dir='ltr'><strong>a</strong></span> <span class='ocrx_word' id='word_1_367' title='bbox 1742 4179 2119 4265; x_wconf 86' lang='lat' dir='ltr'><strong>pontificatu</strong></span> <span class='ocrx_word' id='word_1_368' title='bbox 2149 4181 2521 4268; x_wconf 81' lang='lat' dir='ltr'><strong>suspendi-t3</strong></span> 
     </span>
     <span class='ocr_line' id='line_1_45' title="bbox 222 4267 2523 4356; baseline -0.003 -16"><span class='ocrx_word' id='word_1_369' title='bbox 222 4289 286 4340; x_wconf 88' lang='lat' dir='ltr'><strong>et</strong></span> <span class='ocrx_word' id='word_1_370' title='bbox 313 4276 546 4340; x_wconf 80' lang='lat' dir='ltr'><strong>iterato</strong></span> <span class='ocrx_word' id='word_1_371' title='bbox 589 4270 836 4349; x_wconf 84' lang='lat' dir='ltr'><strong>citavit,</strong></span> <span class='ocrx_word' id='word_1_372' title='bbox 872 4285 944 4334; x_wconf 91' lang='lat' dir='ltr'><strong>ut</strong></span> <span class='ocrx_word' id='word_1_373' title='bbox 974 4268 1138 4336; x_wconf 86' lang='lat' dir='ltr'><strong>infra</strong></span> <span class='ocrx_word' id='word_1_374' title='bbox 1169 4291 1234 4334; x_wconf 71' lang='grc' dir='ltr'><strong>νι</strong></span> <span class='ocrx_word' id='word_1_375' title='bbox 1265 4291 1538 4348; x_wconf 67' lang='lat' dir='ltr'><strong>menses»,</strong></span> <span class='ocrx_word' id='word_1_376' title='bbox 1573 4267 1693 4334; x_wconf 88' lang='lat' dir='ltr'><strong>sub</strong></span> <span class='ocrx_word' id='word_1_377' title='bbox 1724 4287 1917 4352; x_wconf 87' lang='lat' dir='ltr'><strong>poena</strong></span> <span class='ocrx_word' id='word_1_378' title='bbox 1944 4267 2299 4334; x_wconf 80' lang='lat' dir='ltr'><strong>amissionis</strong></span> <span class='ocrx_word' id='word_1_379' title='bbox 2338 4269 2523 4356; x_wconf 84' lang='lat' dir='ltr'><strong>Epis-</strong></span> 
     </span>
    </p>
   </div>
   <div class='ocr_carea' id='block_1_5' title="bbox 323 4445 2423 4504">
    <p class='ocr_par' dir='ltr' id='par_1_6' title="bbox 323 4445 2423 4504">
     <span class='ocr_line' id='line_1_46' title="bbox 323 4445 2423 4504; baseline -0.004 -3"><span class='ocrx_word' id='word_1_380' title='bbox 323 4453 352 4482; x_wconf 71' lang='lat'>⁸</span> <span class='ocrx_word' id='word_1_381' title='bbox 392 4447 728 4504; x_wconf 71' lang='lat' dir='ltr'><strong>Arrmzmx.</strong></span> <span class='ocrx_word' id='word_1_382' title='bbox 760 4445 866 4498; x_wconf 75' lang='lat' dir='ltr'><strong>No-</strong></span> <span class='ocrx_word' id='word_1_383' title='bbox 905 4459 1128 4498; x_wconf 67' lang='lat' dir='ltr'><strong>txxvn.</strong></span> <span class='ocrx_word' id='word_1_384' title='bbox 1167 4457 1364 4497; x_wconf 68' lang='lat' dir='ltr'>Lxxxx.</span> <span class='ocrx_word' id='word_1_385' title='bbox 1399 4457 1601 4498; x_wconf 72' lang='lat' dir='ltr'>Lxxxx.</span> <span class='ocrx_word' id='word_1_386' title='bbox 1642 4457 1865 4500; x_wconf 69' lang='lat' dir='ltr'><strong>tamn·</strong></span> <span class='ocrx_word' id='word_1_387' title='bbox 1900 4457 2151 4498; x_wconf 62' lang='lat' dir='ltr'><strong>luxmu-</strong></span> <span class='ocrx_word' id='word_1_388' title='bbox 2184 4457 2423 4497; x_wconf 55' lang='lat' dir='ltr'><strong>&amp;xxxxv-</strong></span> 
     </span>
    </p>
   </div>
  </div>
 </body>
</html>
