3000 5117
731 518 1176 573 caui-mnus
1227 520 1332 571 m:
1384 518 1923 571 conpunctum.
2434 502 2483 576 9

167 681 686 767 multiplicandis
714 694 782 746 et
817 679 1324 767 possessionibus
1376 679 1717 745 dilatandis
1764 700 2019 743 omnem
2050 678 2318 763 gerebat
2362 678 2489 742 sol-

165 769 578 833 licitudinem
607 793 627 845 ;
672 782 745 833 ut
789 768 858 833 in
897 760 1076 833 brevi
1107 767 1357 853 priores
1386 767 1677 832 redditus
1708 782 1877 830 nova
1902 765 2319 852 adaequarent
2350 762 2485 829 sive

171 858 531 921 transirent
579 856 1007 930 incrementa3
1099 876 1200 918 uae
1244 875 1374 918 non
1405 868 1541 918 tam
1593 852 1719 919 suis
1769 874 1961 940 quam
2006 850 2487 917 succedentium

179 942 301 1007 sibi
321 942 670 1029 judicabat
700 941 920 1006 usibus
939 962 1060 1026 pro
1087 955 1294 1006 utura.
1374 932 1740 1005 Libertates
1758 960 2014 1041 quoque
2045 960 2189 1003 suas
2212 958 2329 1003 nec
2360 936 2489 1003 Re-

173 1029 276 1113 gis
351 1050 476 1094 nec
558 1026 1042 1113 Archiepiscopi
1107 1049 1232 1093 nec
1293 1026 1565 1091 aliorum
1625 1026 2053 1113 quorumlibet
2112 1024 2487 1109 obreptione

179 1115 456 1191 violari3
501 1137 626 1180 nec
653 1114 951 1201 aliquem,
985 1113 1092 1200 qui
1123 1134 1259 1178 suae
1287 1112 1518 1177 ditioni
1545 1113 1939 1197 subjacebat,
1970 1112 2078 1177 vel
2106 1112 2244 1195 ejus
2274 1124 2491 1197 patro-

181 1202 360 1266 cinio
387 1224 462 1266 se
492 1200 960 1278 committebat,
991 1200 1074 1264 im
1161 1199 1434 1265 tentium
1461 1198 1845 1265 fortitudine
1874 1220 2095 1284 passus
2118 1213 2216 1263 est
2236 1211 2493 1262 contur-

178 1287 350 1353 bari.
443 1288 606 1353 Erat
635 1290 702 1351 in
735 1287 1032 1352 omnibus
1101 1286 1655 1363 ortunatissimus3
1701 1298 1791 1364 et,
1833 1284 1917 1351 ad
1946 1305 2347 1371 quaecunque
2374 1304 2490 1371 ge-

177 1374 392 1440 renda
435 1376 540 1439 vel
569 1372 1038 1439 adinvenienda
1077 1372 1316 1437 direxit
1345 1371 1651 1451 animum,
1684 1372 1771 1437 ad
1800 1372 2151 1453 vot[iv]um
2180 1391 2487 1455 prospere

178 1460 623 1525 succedebant
671 1460 1058 1543 [affectum]
1152 1458 1350 1525 Unde
1401 1480 1533 1523 non
1565 1458 1773 1523 minus
1815 1457 2201 1543 stupendum
2236 1456 2493 1521 videtur

181 1569 382 1633 quam
425 1546 804 1623 dolendum,
853 1546 921 1609 in
963 1545 1169 1609 solum
1214 1543 1585 1645 cupiditatis
1628 1545 1883 1613 devolvi
1930 1546 2175 1624 vitium,
2217 1542 2321 1608 cui
2352 1540 2491 1607 fere

186 1636 636 1700 universorum
667 1633 1134 1717 suffiagabatur
1160 1645 1368 1717 gratia
1397 1653 1671 1701 morum.

405 2046 556 2091 CAP.
601 2046 666 2089 V.
755 2044 848 2089 DB
899 2042 1110 2089 omTu
1159 2042 1402 2087 sancn
1449 2040 1765 2101 domuel,
1813 2042 1901 2088 M·
1946 2042 2271 2090 Passlofflt

466 2131 709 2177 saner!
755 2130 1020 2177 TnouAE
1065 2128 1615 2175 cauruamnrsls
1658 2128 2215 2179 ancuuffmcorl.

960 2268 1119 2335 {MS-
1155 2268 1282 2337 Cap.
1303 2284 1444 2322 exn.
1465 2268 1555 2323 fol.
1585 2268 1723 2339 toz]

283 2411 488 2475 Anno
509 2408 924 2493 pontificatus
953 2407 1050 2472 sui
1073 2408 1348 2494 septimo
1365 2408 1643 2489 decimo,
1714 2409 1989 2475 rioratns
2008 2412 2321 2479 Germani
2346 2434 2495 2493 vm,

189 2520 366 2561 anno
389 2494 828 2561 incarnatione
849 2494 1118 2560 Domini
1141 2515 1402 2573 mcnxx,
1427 2432 1812 2562 venei-agilis
1830 2496 2145 2563 heremita
2172 2499 2495 2566 Godricus

191 2585 262 2648 in
308 2597 654 2647 senectute
698 2582 872 2645 bona
912 2582 1213 2665 migravit
1249 2603 1294 2646 a
1332 2584 1591 2658 secu103
1638 2584 2007 2664 [laudabilis
2053 2585 2203 2650 vitae
2237 2608 2497 2652 cursum

189 2670 484 2757 glorioso
515 2670 644 2733 fine
665 2667 1076 2743 concludens,
1107 2690 1290 2733 suam
1318 2682 1637 2754 perpetuo
1660 2672 2057 2751 memoriam,
2080 2672 2208 2756 piae
2230 2696 2499 2740 conver-

188 2756 456 2820 sationis
489 2754 796 2839 exemplo
823 2754 1068 2819 mundo
1096 2754 1496 2854 dereliquit.]
1572 2754 1827 2821 Eodem
1858 2780 2115 2845 quoque
2146 2781 2318 2825 anno
2349 2783 2494 2847 pre-

192 2842 398 2906 tiosus
440 2840 710 2905 Domini
743 2840 1004 2918 athleta,
1044 2842 1527 2906 cantuariensis
1578 2840 2131 2929 Archiepiscopus,
2182 2846 2495 2925 Thoma8‚

195 2941 380 3015 [post
406 2928 726 2991 diutinam
757 2940 827 2990 et
857 2927 1298 2993 multimodam
1321 2928 1502 2993 exilii
1524 2932 1847 3014 septennis
1867 2930 2325 3019 fatigationem,
2350 2948 2501 3018 post

191 3014 629 3079 miserandam
647 3013 1020 3078 clericorum
1038 3036 1298 3079 suorum
1321 3028 1390 3079 et
1419 3015 2066 3097 consanguineorum,
2091 3020 2505 3103 parvulorum

195 3102 393 3167 etiam
441 3100 530 3165 ad
578 3102 780 3165 ubera
828 3100 1248 3184 pendentium
1301 3114 1370 3165 et
1415 3100 1481 3163 in
1536 3102 1715 3166 cunis
1748 3102 2155 3183 vagientium,
2187 3105 2509 3191 prescrip.

193 3188 468 3263 tionem,
503 3186 592 3251 ad
641 3186 858 3251 sedem
910 3208 1092 3251 suam
1134 3189 1256 3252 sub
1285 3208 1399 3270 spe
1429 3186 1603 3272 pacis
1632 3200 1987 3265 revocatus,
2019 3189 2245 3273 quinta
2271 3190 2503 3256 natalis

197 3273 576 3339 Dominicae
614 3273 744 3351 die,
787 3294 1004 3338 coram
1055 3273 1264 3351 altari,
1313 3272 1379 3337 in
1421 3272 1691 3339 ecclesia
1721 3273 1987 3352 Christi,
2024 3274 2234 3341 hostia
2265 3276 2503 3344 Christi

193 3361 367 3425 inter
395 3382 650 3437 manus,
665 3381 928 3424 suorum
957 3358 1224 3425 funestis
1249 3373 1527 3460 quatuor
1555 3360 1915 3448 iniquorum
1945 3360 2195 3449 gladiis,
2226 3362 2505 3447 plurimo

193 3460 528 3512 conventu
589 3446 1118 3529 malingnantium
1170 3446 1494 3511 civitatem
1555 3462 1623 3512 et
1668 3446 2005 3513 ecclesiam
2068 3449 2372 3535 replente,
2432 3451 2505 3516 in

197 3556 446 3599 corona
475 3532 879 3617 corruptibili
909 3554 1028 3617 pro
1056 3554 1300 3597 corona
1352 3532 1846 3612 inmarcessibili,
1879 3536 2149 3601 cerebro
2178 3538 2387 3623 ejecto
2432 3550 2501 3602 et

195 3642 310 3705 per
355 3620 808 3705 pavimentum
860 3619 1084 3698 effuso,
1135 3640 1336 3683 caesus
1387 3632 1505 3688 est.
1632 3620 1819 3686 Solus
1868 3622 2191 3697 occubuit,
2252 3624 2501 3689 coeteris

194 3708 436 3783 illaesis,
472 3719 542 3769 et
573 3720 790 3769 tamen
819 3703 1034 3770 animo
1077 3706 1424 3791 conpassis‚
1457 3704 1804 3790 plurimum
1836 3706 2105 3773 formam
2138 3708 2505 3775 Dominicae

197 3793 458 3857 imitans
513 3790 844 3875 passionis,
906 3806 1184 3875 excepto
1243 3791 1420 3878 quod
1471 3791 1539 3855 in
1598 3792 1893 3877 passione
1934 3794 2179 3858 socium
2222 3794 2505 3861 noluerit

197 3878 440 3943 habere
511 3876 845 3961 passionis.
966 3878 1501 3963 stupendumque
1560 3879 1992 3957 vehementer,
2052 3892 2121 3945 et
2176 3901 2292 3964 per
2382 3880 2507 3946 tuis

203 3963 610 4049 temporibus
661 3964 1176 4040 memorandum,
1219 3977 1533 4065 quantum
1580 3963 1925 4029 admissum
1957 3964 2150 4030 suerit
2190 3988 2294 4030 sce
2324 3990 2393 4031 us
2438 3966 2505 4031 in

203 4072 500 4127 matrem,
531 4071 682 4114 cum
711 4051 780 4114 in
809 4050 1056 4135 gremio
1086 4063 1304 4115 matris
1324 4049 1719 4115 trucidarent
1744 4050 1855 4114 filii
1889 4064 2173 4135 patrem;
2202 4066 2269 4117 et
2300 4066 2505 4125 tantae

203 4140 463 4225 quidem
514 4136 982 4220 solempnitatis
1031 4150 1428 4201 venustatem
1479 4135 1819 4220 impiorum
1854 4136 2188 4202 inmanitas
2218 4140 2503 4225 polluit:

201 4226 308 4289 sed
337 4226 480 4309 ipse
513 4246 666 4288 eam
695 4244 814 4286 suo
843 4244 1072 4287 cruore
1093 4222 1505 4307 perfundens,
1531 4222 1856 4309 amplioris
1878 4222 2101 4310 gloriae
2124 4225 2505 4295 claritudine

203 4308 596 4395 illustravit]
699 4308 800 4373 Eo
831 4330 1006 4385 vern,
1039 4310 1406 4396 priusquam
1439 4308 1591 4372 talia
1622 4310 1867 4385 fierent,
1900 4310 2109 4375 adhuc
2141 4334 2261 4397 pro
2283 4314 2506 4379 debito

203 4396 538 4483 pastoralis
557 4394 756 4459 officii
778 4395 1105 4469 exulante,
1131 4397 1465 4483 episcopus
1490 4393 2010 4473 DunhelmensiS,
2038 4398 2200 4463 sicut
2230 4400 2505 4465 universi

203 4506 356 4568 pene
385 4505 512 4571 per
550 4480 858 4566 Angliam
889 4481 1302 4567 co—episcopi,
1338 4504 1416 4548 eo
1464 4481 1642 4569 quod
1675 4496 1899 4548 contra
1926 4482 2172 4572 iniquas
2203 4486 2505 4570 praevari-
