3000 5117
519 413 737 497 cxviii
999 433 1207 492 mss.
1247 431 1609 490 numam.
1649 429 2118 486 semri-onus
2153 427 2367 485 rans.

519 611 702 689 tegre
748 615 815 671 et
867 600 932 668 iu
979 601 1254 667 solidum
1287 596 1438 685 ipsis
1480 595 1966 673 mercatoribus,
1996 615 2147 660 cum
2176 593 2409 682 quibus
2436 591 2651 659 dictos
2684 613 2852 678 pro-

519 705 850 758 curatores
902 687 1283 755 contrahere
1335 681 1701 770 contigerit,
1746 681 1851 747 vel
1902 681 2427 767 procuratoribus
2471 679 2849 745 eorundem

521 776 927 856 satisfacturi,
985 797 1226 863 vosque
1270 772 1488 838 indem
1536 793 1652 836 nes
1681 788 2086 847 conservare,
2118 781 2191 834 ut
2220 764 2658 853 praemitt‘nur,
2686 787 2853 852 pro-

525 867 837 930 mittimus
863 887 977 950 per
1005 875 1354 950 proesentes
1380 881 1399 936 3
1431 881 1470 924 a
1518 857 1788 922 imentes
1818 855 2083 941 insuper
2110 853 2571 922 executoribus
2602 855 2851 918 nostris
2944 916 2946 940 Ι

527 952 1054 1040 quibuscumque,
1085 949 1137 1014 si
1183 949 1267 1014 de
1295 945 1480 1011 uobis
1504 943 1871 1011 humanitus
1899 944 2265 1044 contigerit,
2297 941 2747 1007 omnimodam
2780 939 2849 1004 iu

525 1039 711 1104 bonis
771 1038 1008 1104 nostris
1059 1048 1208 1124 post
1250 1046 1529 1100 mortem
1556 1043 1844 1097 nostram
1873 1029 2387 1096 administrandis
2417 1028 2851 1104 facultatem3

527 1127 740 1192 donec
769 1127 854 1192 de
885 1125 1196 1210 praedicta
1218 1121 1507 1207 pecunioe
1550 1139 1798 1183 summa
1825 1117 2306 1196 mercatoribus,
2340 1128 2414 1180 ut
2434 1114 2848 1202 praedicitur,

531 1236 609 1280 ac
639 1216 833 1279 etiam
868 1211 1046 1278 vobis
1065 1212 1148 1276 de
1173 1207 1466 1294 dampnis
1497 1219 1568 1272 et
1596 1207 1924 1282 interesse,
1948 1203 1997 1268 si
2030 1219 2177 1291 quse
2195 1204 2390 1268 dictae
2414 1200 2851 1290 obligacionis

529 1311 861 1386 pretextu,
894 1298 1072 1386 quod
1123 1296 1313 1374 absit,
1374 1292 1554 1360 vobis
1607 1292 1961 1370 evenerint,
1994 1290 2277 1376 plenarie
2328 1289 2523 1354 suerit
2552 1288 2853 1354 satisfac·
2947 1324 2948 1350 ι

533 1387 740 1464 tium3
786 1409 921 1451 non
949 1385 1248 1450 obstante
1293 1381 1345 1446 si
1375 1380 1442 1446 in
1475 1392 1865 1445 testamento
1896 1392 2119 1444 nostro
2147 1377 2259 1466 qui
2344 1377 2455 1441 uid
2483 1375 2551 1440 in
2582 1389 2855 1441 contra-

533 1477 706 1540 rium
731 1472 926 1538 suerit
953 1471 1321 1537 ordinatum
1347 1491 1374 1546 ς
1419 1465 1850 1554 promittimus
1894 1465 2087 1530 etiam
2115 1466 2290 1530 bona
2368 1464 2452 1528 de
2482 1463 2665 1550 quod
2698 1485 2855 1526 cum

537 1583 772 1626 munus
797 1555 1310 1624 consecracionis
1347 1552 1613 1640 inpendi
1640 1552 1985 1638 contigerit
2014 1547 2345 1701 praemissa
2372 1549 2590 1616 omnia
2617 1562 2693 1614 et
2724 1549 2857 1614 sin-

533 1646 694 1733 gula
721 1644 1177 1712 ratificabimus
1206 1656 1272 1710 et
1309 1637 1854 1716 confirmabimus,
1896 1637 2017 1723 sigi
2040 1638 2234 1727 loque
2262 1651 2482 1702 nostro
2512 1638 2857 1702 autentico

543 1757 676 1822 quo
717 1748 870 1800 tunc
917 1749 1172 1797 utemur
1215 1726 1736 1816 consignabimus
1766 1726 1836 1790 in
1866 1739 2126 1791 eventu.
2217 1725 2294 1790 In
2326 1723 2506 1809 cujus
2537 1723 2631 1788 rei
2666 1723 2857 1788 testi-

539 1821 830 1886 monium
889 1819 1168 1904 sigillum
1229 1830 1521 1881 nostrum
1581 1812 2007 1900 praesentibus
2054 1825 2155 1877 est
2198 1832 2577 1896 appensum.
2674 1809 2865 1876 Data

541 1908 718 1994 apud
749 1907 1048 1995 Rychall,
1079 1926 1178 1972 vu
1208 1901 1519 1970 kalendas
1549 1947 1571 1968 .
1616 1946 1635 1967 .
1682 1921 1872 1978 anno,
1904 1913 2057 1980 etc.²
2084 1897 2637 1986 septimodecimo.

734 2309 796 2360 C.
878 2308 1363 2356 montanica
1407 2311 1499 2357 xl.
1548 2313 1827 2358 DIERUM
1874 2311 2219 2358 CONCBSSA
2264 2309 2403 2356 PRO
2451 2311 2679 2356 Anum

729 2397 1017 2442 mentm
1064 2399 1156 2442 ΒΕ
1206 2397 1542 2444 xssLLown
1592 2401 1939 2451 QUoNDAM
1972 2397 2463 2444 DUNELMssNsts
2496 2399 2683 2443 EPIS-

729 2484 889 2529 coPI
921 2485 1059 2528 PER
1093 2485 1506 2531 LunovthM
1533 2484 2069 2532 DUNRLMENSRM
2095 2485 2491 2531 131218001’051
2524 2485 2683 2532 SUC-

727 2551 1087 2616 bussonnu
1163 2571 1355 2618 mc'rt
1433 2565 1733 2619 mclmm'
1800 2573 2113 2620 BPlscol’l
2184 2571 2686 2618 numentanam

734 2657 1222 2703 mantuanum.

1408 2775 1570 2846 [neg.
1597 2775 1717 2828 111.
1739 2774 1779 2828 f.
1801 2778 1921 2828 215.
1941 2777 2017 2846 n]

653 2915 995 2984 Universis
1053 2927 1297 2981 sanctae
1327 2915 1553 2982 matris
1611 2915 1903 2982 ecclesiae
1964 2915 2133 2995 filiis,
2193 2916 2279 2982 ad
2324 2935 2486 3004 quos
2516 2929 2867 3002 praesentes

559 3007 768 3072 literae
795 3005 1227 3090 pervenerint,
1259 3003 1656 3082 Ludovicus,
1688 3003 2115 3090 permissione
2130 3002 2375 3068 Divina
2405 3001 2866 3069 Dunelmensis

571 3093 952 3193 Episcopus,
984 3091 1257 3156 salutem
1287 3089 1353 3154 in
1382 3089 1521 3155 filio
1552 3089 1685 3155 Dei
1715 3091 2075 3175 unigenito,
2107 3091 2220 3179 qui
2248 3091 2469 3176 culpas
2496 3090 2777 3156 remittit
2802 3101 2867 3153 et

567 3179 902 3266 supplicia,
955 3191 1024 3243 et
1077 3180 1192 3244 dat
1237 3199 1396 3243 vera
1436 3177 1705 3278 praemia
1730 3177 2137 3266 gaudiorum.
2231 3177 2547 3243 Humana
2574 3190 2871 3243 creatura

569 3267 838 3332 vanitati
864 3264 1217 3351 supposita,
1251 3262 1491 3349 fragilis
1522 3265 1719 3329 ctiam
1748 3277 1817 3330 et
1848 3263 2033 3330 finita
2060 3263 2145 3330 ad
2172 3263 2505 3330 infinitatis
2534 3275 2604 3329 et
2632 3261 2870 3330 eterni-

571 3352 720 3418 tatis
765 3349 1038 3438 gioriam
1088 3351 1404 3433 ordinata,
1440 3372 1568 3416 non
1618 3351 1819 3418 habet
1860 3373 1949 3417 ex
1976 3373 2047 3418 se
2076 3374 2208 3440 quo
2236 3351 2431 3437 digne
2460 3373 2579 3418 suo
2606 3371 2872 3439 respon·

571 3439 724 3504 deat
759 3438 1078 3507 Creatori.
1151 3437 1286 3504 Sed
1330 3438 1404 3516 si,
1436 3461 1524 3503 ex
1552 3459 1771 3504 amore
1798 3437 2095 3518 creantis,
2127 3439 2268 3504 zelo
2295 3438 2547 3504 fervido
2574 3440 2875 3504 vulnere·

577 3539 706 3604 tur,
757 3522 974 3610 sicque
1018 3522 1084 3589 in
1136 3524 1343 3610 ipsum
1401 3525 1599 3590 velud
1649 3547 1869 3592 amans
1898 3524 1963 3590 in
1993 3539 2315 3592 amantem
2343 3525 2692 3613 obsequior
2722 3545 2876 3592 con·

576 3610 940 3678 tinuacione
969 3610 1476 3677 desiderabiliter
1522 3613 2029 3694 transformetur,
2052 3613 2204 3679 Deo
2232 3612 2477 3679 creanti
2504 3611 2876 3699 aliquantis-

573 3719 696 3786 per
741 3717 811 3763 se
856 3696 1136 3783 applicat
1194 3710 1264 3762 et
1321 3699 1703 3778 conformat,
1740 3699 2037 3766 Creatori
2072 3700 2272 3785 juxta
2319 3721 2455 3765 suae
2509 3697 2877 3784 fragilitatis

573 3785 914 3853 modulum
965 3783 1449 3870 complacendo.
1544 3787 1755 3866 Licet,
1810 3785 1831 3850 i
1878 3787 2025 3865 'tur,
2076 3786 2203 3872 pias
2250 3800 2317 3852 et
2346 3785 2872 3852 commendabilis

575 3871 908 3942 memorioe
945 3870 1262 3936 Ricardus
1287 3871 1614 3959 quondam
1643 3873 1841 3938 Dune
1868 3872 2099 3940 mensis
2126 3873 2505 3959 Episcopus,
2534 3871 2877 3959 predeces-

583 3982 697 4027 sor
751 3971 971 4025 noster
1043 3957 1474 4038 immediatum,
1536 3960 1695 4026 dam
1752 3959 1939 4039 vixit,
2004 3959 2153 4024 Deo
2205 3959 2579 4046 dignissime·
2634 3958 2879 4027 studuit

579 4045 899 4126 famulari,
947 4043 1067 4111 sibi
1118 4068 1407 4131 congruo
1446 4047 1785 4112 conamine
1827 4047 1893 4111 in
1923 4045 2264 4113 commisso
2294 4046 2353 4112 ei
2382 4045 2694 4136 regimine
2750 4063 2877 4114 tam

582 4133 681 4199 sui
703 4155 898 4220 quam
927 4132 1330 4198 subditorum
1363 4157 1625 4199 suorum
1645 4133 1911 4220 jugiter,
1945 4147 2018 4199 ut
2033 4133 2439 4213 confidimus,
2464 4133 2874 4220 respondem,

585 4234 656 4286 et
685 4219 859 4307 quia,
914 4241 1060 4284 cum
1120 4219 1330 4284 omnis
1381 4223 1599 4287 anima
1690 4221 2039 4288 eneraliter
2076 4243 2233 4307 erga
2263 4222 2644 4288 Creatorem
2696 4238 2877 4287 suum

585 4305 803 4406 aliquo
833 4307 1012 4392 lapsu
1060 4306 1283 4374 deficit
1334 4244 1754 4392 offendendo,
1815 4307 2035 4396 sicque
2079 4330 2196 4395 per
2222 4329 2621 4397 consequens
2648 4329 2880 4396 purgu-

587 4393 738 4460 'toni
764 4414 1022 4480 poenam
1037 4395 1234 4509 juxta
1262 4394 1470 4484 culpae
1497 4395 1883 4465 demeritum
1912 4395 2251 4485 purganda
2276 4397 2362 4465 ad
2384 4409 2640 4486 tempus
2664 4399 2876 4465 subire
