3000 5117
401 494 684 573 coc‘lxiv·
875 514 1073 569 rus-r.
1113 514 1468 571 num-zm.
1512 514 1965 571 sempronus
1998 514 2208 605 rsus.

397 680 628 769 ligious
657 695 1106 766 governuunce
1135 678 1312 745 wher
1349 680 1429 745 of
1465 702 1563 745 we
1591 678 1801 767 gretly
1829 677 2083 761 tendre,
2114 700 2185 761 as
2214 700 2309 747 we
2336 678 2710 749 bebounde

395 784 470 834 to
495 767 649 847 doe,
679 766 998 853 wherfore
1045 784 1162 846 we,
1191 766 1604 853 commea-ing
1633 766 1779 833 how
1808 768 1975 853 greti
2048 766 2099 833 it
2121 764 2284 835 lieth
2330 788 2403 833 us
2446 768 2510 833 i'n
2544 786 2707 835 cono

393 855 648 923 scieuce
677 869 748 922 to
775 876 846 921 se
873 854 988 921 the
1017 853 1134 920 sad
1161 854 1294 920 and
1321 854 1539 942 goode
1562 854 1889 921 direccion
1917 876 1962 919 o
2016 854 2147 919 this
2176 866 2447 933 metere,
2488 856 2709 925 desire

395 943 526 1011 and
555 964 714 1029 puy
740 963 870 1031 you
901 941 1045 1008 that
1090 962 1176 1028 ye
1229 942 1444 1028 upplie
1491 964 1625 1029 you
1672 940 1824 1008 with
1876 962 2005 1007 one
2032 942 2161 1007 win
2206 942 2341 1007 und
2390 958 2605 1010 assent
2630 958 2707 1011 to

395 1030 588 1097 chese
615 1030 748 1095 and
777 1028 1050 1116 provide
1077 1051 1208 1117 you
1235 1028 1316 1093 of
1333 1028 1492 1095 such
1523 1052 1565 1095 u
1592 1028 1773 1095 fudi-e
1798 1029 1861 1095 δι
1887 1048 2253 1115 governour
2300 1052 2371 1095 as
2424 1030 2491 1095 in
2582 1048 2707 1097 our

395 1138 580 1183 verre
607 1115 934 1183 couceites
977 1134 1126 1202 may
1153 1116 1238 1181 be
1269 1132 1438 1181 most
1485 1116 1859 1203 acceptuble
1888 1131 1961 1183 to
2013 1116 2123 1182 the
2150 1116 2386 1203 pleasir
2414 1114 2494 1183 os
2518 1050 2704 1198 god,

394 1202 682 1294 through
711 1202 812 1269 his
841 1216 1098 1270 vet-tues
1125 1202 1254 1269 und
1279 1202 1570 1283 habilite,
1612 1204 1745 1269 eud
1774 1217 1943 1269 most
1971 1202 2399 1289 circumspect
2442 1202 2545 1270 for
2588 1206 2707 1271 the

393 1290 743 1358 universali
770 1290 932 1357 wele
985 1290 1063 1356 of
1097 1289 1210 1357 the
1251 1289 1389 1356 said
1419 1304 1826 1371 monastervz
1873 1286 2003 1356 aud
2054 1291 2198 1357 that
2228 1292 2449 1357 herein
2480 1292 2567 1359 be
2608 1316 2706 1359 no

393 1377 665 1444 division
683 1400 761 1443 or
779 1377 1194 1465 discrepnnce
1213 1398 1456 1463 among
1473 1371 1631 1463 you.
1728 1360 2085 1443 Wherunto
2106 1400 2191 1464 ye
2210 1378 2357 1442 thus
2378 1374 2711 1445 conform*

391 1485 548 1555 yng,
589 1488 674 1553 γε
697 1464 862 1531 shall
891 1479 1010 1531 not
1037 1465 1231 1551 onely
1261 1464 1389 1530 doe
1437 1464 1643 1551 thyng
1678 1464 1816 1531 thet
1846 1486 1993 1551 may
2022 1466 2105 1529 bc
2152 1478 2221 1530 to
2266 1465 2379 1531 the
2424 1466 2707 1554 worship

391 1554 454 1619 8:
483 1554 642 1620 wele
667 1552 750 1619 of
811 1574 932 1619 our
971 1552 1180 1640 place,
1211 1553 1333 1618 but
1360 1551 1500 1619 also
1520 1572 1710 1618 cause
1749 1552 1883 1618 end
1918 1552 2153 1618 induce
2176 1574 2253 1617 us
2286 1566 2357 1618 to
2384 1553 2469 1619 be
2495 1574 2707 1641 youre

391 1639 609 1727 goode
657 1640 720 1705 δι
787 1662 966 1728 oyng
1023 1640 1206 1705 lorde
1257 1640 1322 1704 in
1382 1654 1559 1726 tyme
1614 1653 1689 1705 to
1736 1660 1964 1717 come3
2039 1660 2111 1705 us
2170 1640 2326 1705 God
2372 1640 2703 1712 knoweth.

395 1727 646 1793 Which
675 1727 839 1793 have
865 1750 994 1816 you
1026 1727 1089 1791 in
1119 1726 1217 1791 his
1247 1725 1398 1814 holy
1421 1726 1669 1793 tuicion
1700 1726 1761 1791 8ι
1789 1744 2259 1813 governaunce.
2360 1724 2587 1795 Writiu
2634 1742 2709 1795 ut

395 1815 701 1967 audon,
749 1814 862 1881 the
891 1839 930 1883 v
959 1816 1088 1904 day
1117 1814 1200 1880 of
1233 1812 1416 1903 May.
1502 1813 1770 1903 [lma]
1870 1814 2054 1881 Your
2096 1814 2337 1905 lovyug
2376 1812 2561 1883 fudre
2598 1816 2701 1886 W.

520 1921 774 1973 susan.

571 2270 869 2317 chxxx.
981 2266 1468 2315 courmMActo
1518 2266 1933 2313 numerosus
1986 2266 2321 2315 MAGISTR!
2394 2266 2519 2313 RO-

569 2356 784 2403 mum
819 2356 1228 2403 Bncuzs'rnn
1263 2355 1337 2400 ΙΝ
1385 2354 1708 2399 ΡΒῙΟΒΒΜ
1754 2354 2286 2402 nunssnmssnstm
2320 2356 2515 2403 Anno

1115 2444 1394 2489 emusw
1441 2440 1963 2488 NCCCCLXXVHI·

835 2560 1014 2631 [Cart.
1037 2560 1154 2615 111.
1180 2558 1220 2613 f.
1241 2562 1358 2621 296.
1383 2560 1432 2612 b.
1456 2566 1514 2612 et
1537 2558 1685 2629 osg.
1714 2558 1759 2611 ι.
1780 2560 1833 2612 6.
1856 2558 2051 2613 Pontif.
2072 2560 2134 2613 o.
2166 2560 2239 2627 ¹-1

479 2676 814 2746 Universis
841 2688 908 2741 et
949 2674 1219 2764 singulis
1267 2674 1507 2742 Christi
1556 2674 1877 2754 fidelibus,
1931 2688 2283 2761 praesentes
2332 2674 2545 2743 literas
2599 2678 2700 2743 in-

387 2764 724 2854 specturis,
759 2764 968 2849 Hugo
1003 2761 1207 2841 Suell,
1239 2762 1652 2828 decretorum
1682 2761 1937 2838 doctor,
1960 2762 2287 2827 reverendi
2332 2763 2398 2829 in
2434 2764 2699 2831 Christo

387 2852 590 2942 putris
611 2865 680 2919 et
707 2850 948 2918 domiui
979 2850 1224 2915 domiui
1259 2847 1603 2915 Willielmi
1632 2850 1765 2915 Dei
1794 2849 2012 2935 gracia
2040 2850 2499 2916 Dunelmensis
2527 2852 2699 2938 epis·

385 2943 537 3027 copi
563 2937 1032 3006 commissarius
1053 2950 1123 3003 et
1144 2936 1352 3023 judex
1381 2936 1629 3017 unicus,
1662 2937 1747 3003 ad
1770 2936 2171 3022 infrascripta
2200 2936 2563 3023 specialiter
2578 2940 2699 3005 de-

383 3042 668 3116 putatus,
699 3026 972 3093 salutem
1001 3025 1067 3091 in
1097 3038 1360 3089 auctore
1387 3024 1631 3091 salutis.
1746 3023 1919 3099 Quia
1958 3046 2099 3101 nos,
2146 3024 2378 3089 rimato
2420 3024 2697 3113 diligen·-

383 3134 616 3203 terquc
643 3114 1020 3181 examinato
1051 3124 1122 3177 et
1149 3111 1442 3177 discusso
1471 3124 1613 3177 toto
1644 3110 1917 3200 negocio
1934 3125 2003 3177 et
2020 3128 2323 3198 processu
2348 3112 2693 3180 eleccionis

385 3204 578 3271 factae
607 3202 692 3269 de
741 3199 1090 3267 venerabili
1121 3216 1188 3265 et
1218 3198 1521 3283 religioso
1550 3198 1687 3263 viro
1731 3197 2043 3283 magistro
2079 3198 2373 3264 Roberto
2410 3199 2697 3266 Ebches·

387 3304 510 3369 tre,
538 3310 740 3355 sacroe
771 3287 1023 3376 pagium
1052 3285 1432 3371 professore,
1463 3284 1529 3349 in
1576 3284 1865 3351 Priorem
1912 3286 2284 3351 monasterii
2324 3286 2458 3351 sive
2502 3288 2691 3355 Prio-

387 3391 565 3445 ratus
593 3375 882 3443 eeclesiae
919 3370 1376 3441 Dnnelmensis
1406 3390 1608 3458 nuper
1636 3372 1865 3449 electo,
1894 3372 2161 3439 servatis
2192 3372 2481 3459 primitus
2513 3374 2577 3439 in
2608 3393 2690 3442 ea

387 3478 578 3552 parte
627 3463 711 3529 de
750 3461 900 3547 jure
951 3459 1302 3537 servandis,
1351 3458 1778 3544 comperimus
1825 3458 2027 3544 ipsam
2072 3458 2460 3527 eleccionem
2494 3462 2690 3531 fuisse

387 3554 513 3617 rite
537 3572 613 3615 uc
631 3549 938 3615 canonice
961 3546 1370 3624 celebratam,
1393 3543 1731 3634 ipsumque
1750 3547 2024 3613 electum
2050 3546 2329 3613 habilem
2358 3562 2423 3614 et
2442 3550 2693 3634 ydone-

385 3661 524 3717 um,
557 3636 826 3702 liberum
855 3647 926 3698 et
955 3633 1039 3699 de
1083 3632 1288 3698 libero
1332 3633 1749 3721 legitimoque
1795 3633 2203 3700 matrimonio
2248 3652 2684 3721 procreatum,

387 3726 455 3791 in
485 3736 680 3789 aetate
707 3722 1014 3807 legitima,
1039 3734 1108 3785 et
1129 3718 1355 3786 ordine
1376 3720 1728 3786 sacerdocii
1750 3722 2189 3801 constitutum,
2212 3744 2411 3787 sacrae
2429 3725 2688 3809 paginae

384 3813 836 3901 professorem,
867 3808 1160 3873 ordinem
1189 3806 1394 3872 sancti
1453 3807 1787 3873 Benedicti
1834 3830 2136 3895 expresse
2188 3810 2569 3895 professum,
2618 3810 2687 3877 in

385 3898 823 3986 spiritualibus
853 3908 922 3961 et
952 3893 1408 3981 temporalibus
1447 3896 2007 3981 circumspectum,
2053 3896 2321 3983 aliisque
2370 3898 2689 3963 virtutum

385 3987 630 4053 meritis
677 3982 1111 4067 multipliciter
1149 3980 1543 4069 insignitum,
1592 3982 1915 4071 nichilque
1954 3982 2265 4049 obsistere
2306 3984 2689 4049 canonicum

387 4073 727 4161 quominus
799 4069 1038 4137 eleccio
1110 4068 1479 4155 hujusmodi
1539 4067 1621 4134 de
1682 4091 1951 4157 persona
2018 4092 2133 4135 suu
2206 4070 2377 4135 facta
2448 4071 2691 4140 debeat

387 4158 772 4237 confirmari,
820 4157 1062 4221 idcirco
1109 4155 1310 4241 ipsam
1342 4152 1425 4221 de
1456 4179 1545 4234 se,
1581 4171 1883 4243 tanquam
1918 4156 2000 4221 de
2034 4178 2309 4242 persona
2337 4156 2601 4243 ydonee
2618 4175 2689 4226 et

385 4246 764 4323 sufficiente,
795 4244 1052 4323 factam,
1093 4242 1286 4311 fuisse
1332 4258 1400 4309 et
1443 4264 1585 4308 esse
1625 4242 1747 4309 rite
1792 4255 1869 4308 ac
1914 4242 2221 4309 canonice
2267 4244 2686 4328 celebratum,

392 4332 637 4401 Christi
667 4330 926 4397 nomine
953 4330 1243 4415 primitus
1273 4330 1593 4407 invocato,
1634 4329 2063 4411 decrevimus,
2103 4331 2686 4416 pronunciavimus,

383 4434 456 4487 et
484 4418 992 4494 declaravimusz
1037 4438 1112 4481 ac
1157 4416 1360 4501 ipsam
1409 4417 1943 4483 concurrentibus
1986 4419 2287 4484 omnibus
2322 4434 2389 4484 et
2419 4420 2689 4505 singulis

385 4508 472 4573 de
490 4506 641 4594 jure
665 4502 999 4593 requisitis,
1028 4506 1414 4571 auctoritate
1447 4504 1629 4570 nobis
1670 4504 2027 4585 commissa,
2068 4505 2539 4587 ratificavimus,
2572 4528 2688 4595 up-
