3000 5117
437 502 588 568 100
919 517 1126 569 Ηιετ.
1163 517 1524 568 nun-amu.
1566 515 2031 568 scnu’rmms
2066 518 2283 570 Tuas.

645 1012 794 1060 CAP.
845 1011 1136 1060 xxxvnl.
1231 1013 1320 1055 m:
1373 993 1869 1081 [SPoLIAcmNE
1906 973 2396 1058 cAanALmffi
2444 992 2569 1082 ET]

814 1098 1317 1142 CAPTlvacmNR
1353 1099 1701 1142 Lonowtcz
1734 1095 1820 1142 m·
1855 1099 2149 1143 namus
2178 1099 2367 1150 Esus,

1169 1236 1313 1301 filis.
1335 1239 1460 1305 Cap.
1483 1251 1673 1290 cmxxx.
1696 1236 1785 1290 fol.
1808 1239 1905 1288 211
1935 1240 2013 1308 b.]

527 1375 722 1440 Anno
747 1375 1010 1440 Domini
1041 1395 1230 1439 mccc
1257 1374 1529 1460 septimo
1553 1374 1829 1454 decimo,
1854 1377 1939 1442 ad
1968 1375 2333 1442 faciendum
2359 1400 2581 1464 pacem
2609 1379 2751 1460 [vel

437 1461 894 1546 imponendum
921 1471 1214 1546 treugas]
1265 1462 1430 1526 inter
1459 1461 1765 1546 Angliam
1811 1475 1877 1528 et
1926 1463 2241 1542 Scociam,
2276 1483 2591 1530 venerunt
2610 1465 2753 1532 duo

443 1547 816 1614 cardinales
838 1550 901 1612 in
921 1549 1249 1632 Angliam,
1275 1548 1641 1631 [dominus]
1658 1547 1903 1614 scilicet
1922 1550 2313 1616 Gauselinus
2336 1552 2542 1631 [tituli
2560 1575 2751 1617 sanc-

437 1649 654 1699 torum
715 1635 1084 1700 Marcellini
1137 1647 1205 1698 et
1269 1631 1446 1698 Petri
1499 1635 1837 1719 presbiteri
1892 1635 2265 1719 cardinalis]
2295 1653 2362 1703 et
2410 1639 2622 1704 Lucas
2656 1641 2747 1704 de

441 1719 652 1785 Flisco
687 1723 978 1806 [Sanctoe
1005 1719 1235 1784 Mariae
1261 1721 1326 1783 in
1357 1719 1481 1784 Via
1512 1721 1682 1786 Lata
1712 1721 2022 1788 diaconus
2046 1723 2441 1808 cardinalia]
2492 1725 2746 1790 Habuit

437 1807 705 1893 [eciam]
756 1807 1141 1872 Ludowicus
1159 1807 1366 1871 bullas
1393 1829 1587 1892 super
1619 1808 2457 1896 {collacioneJepiscopatus
2487 1813 2753 1878 Dunel-

433 1893 668 1960 mensis
693 1893 814 1959 sibi
857 1895 1047 1972 facta,
1095 1916 1346 1960 necnon
1379 1909 1444 1958 et
1478 1907 1551 1958 ut
1579 1907 1795 1979 posset
1824 1896 2183 1960 consecrari
2214 1897 2325 1962 ubi
2348 1898 2563 1976 vellet,
2593 1914 2661 1963 et
2704 1921 2755 1964 a
2808 1901 2817 1906 “

434 2002 572 2066 quo
609 1981 842 2050 vellet..
919 1979 1246 2068 Cogitavit
1291 1981 1515 2064 igitur,
1544 1981 1628 2045 ad
1660 1981 2200 2066 magnificentiam
2226 1983 2501 2048 nominis
2531 1985 2651 2064 sui,
2677 1986 2751 2049 in

434 2069 776 2152 praesentia
793 2067 1210 2132 cardinalium
1242 2089 1454 2132 versus
1493 2067 1775 2132 Scotiam
1803 2068 2219 2146 tendentium,
2247 2071 2313 2134 in
2335 2071 2502 2135 festo
2524 2073 2743 2136 sancti

439 2155 788 2220 Cuthberti
817 2155 884 2218 in
919 2153 1306 2238 Septembri,
1329 2176 1498 2217 anno
1528 2153 1792 2220 Domini
1818 2155 2209 2239 supradicte,
2236 2170 2302 2220 et
2327 2179 2560 2222 munus
2578 2181 2741 2223 con-

433 2237 804 2308 secrationis
849 2242 1026 2325 apud
1059 2240 1456 2305 Dunelmurn
1499 2243 1811 2325 recipere,
1835 2255 1907 2305 et
1934 2241 2305 2306 intronizari
2348 2243 2577 2309 eodem
2606 2243 2745 2314 die.

442 2330 574 2394 Sed
610 2350 756 2394 cum
790 2327 1082 2392 venirent
1118 2325 1367 2407 [simul]
1413 2325 1771 2391 cardinales
1812 2341 1880 2392 et
1926 2327 2311 2393 Lodowicus
2351 2330 2437 2395 ad
2472 2331 2763 2397 Vadum.

441 2417 784 2501 Cirporum
815 2414 983 2478 inter
1017 2413 1163 2478 Feri
1194 2428 1258 2478 et
1298 2411 1589 2491 Wodom‚
1624 2413 1901 2478 occurrit
1931 2414 2020 2479 eis
2060 2415 2390 2480 Gilbertus
2420 2417 2503 2481 de
2556 2417 2742 2483 Mid-

435 2503 697 2568 deltona
744 2523 891 2565 cum
939 2499 1348 2564 multitudine
1395 2514 1833 2578 armatorum3
1876 2500 1985 2588 qui
2038 2525 2187 2566 cum
2242 2503 2336 2588 [in
2392 2503 2743 2590 principio]

433 2589 859 2654 cardinalibus
905 2601 970 2652 et
1021 2586 1150 2650 suis
1197 2601 1555 2671 parcerent,
1612 2609 1743 2650 non
1789 2591 1957 2652 enim
2014 2587 2440 2654 intendebant
2499 2613 2742 2656 nocere

434 2676 544 2754 eis,
577 2690 646 2739 et
677 2675 860 2737 multi
891 2697 959 2738 se
991 2697 1125 2738 esse
1157 2674 1238 2736 de
1268 2673 1513 2737 familia
1541 2672 1959 2737 cardinalium
2005 2677 2394 2754 asserebant,
2426 2699 2550 2742 nec
2594 2700 2740 2742 car-

433 2763 752 2827 dinalibus
817 2771 1253 2845 pepercerunt
1327 2781 1451 2824 nec
1524 2759 1689 2838 aliis,
1754 2761 1911 2846 quin
1986 2783 2207 2826 omnes
2272 2763 2739 2849 spoliarent.—

437 2849 881 2932 Lodowycum
939 2869 1093 2910 vero
1149 2860 1216 2910 et
1281 2844 1641 2910 Henricum
1698 2846 1961 2910 fratrem
2049 2847 2336 2933 captivos
2408 2850 2741 2916 duxerunt

436 2939 714 3021 [secum]
762 2955 962 3018 usque
1011 2930 1380 3010 Mitteford,
1414 2935 1597 3016 cujus
1635 2932 1825 2997 castri
1866 2933 2171 3018 pra-fatus
2202 2934 2539 3001 Gilbertus
2592 2951 2737 3002 erat

433 3036 648 3086 custos
679 3033 745 3085 et
773 3042 906 3084 non
937 3019 1258 3087 dominus,
1373 3018 1653 3082 Duobus
1699 3039 1851 3083 vero
1882 3019 2309 3086 cardinalibus
2338 3024 2501 3088 duos
2532 3046 2738 3110 equos

430 3107 787 3173 liberabant
803 3130 824 3183 ς
868 3118 936 3170 et
995 3128 1108 3170 eos
1167 3105 1260 3170 ire
1319 3104 1490 3188 apud
1555 3103 1946 3170 Dunelmum
2006 3107 2207 3172 libere
2252 3109 2739 3193 permittebant.

439 3195 710 3260 Factum
740 3205 836 3258 est
863 3191 990 3257 hoc
1012 3191 1120 3256 die
1163 3192 1366 3256 sancti
1395 3187 1664 3275 AEgidii,
1696 3190 1904 3274 primo
1942 3194 2267 3279 [scilicet]
2298 3194 2404 3260 die
2438 3197 2523 3261 Se
2572 3212 2739 3262 tem-

433 3281 564 3346 bris
605 3287 810 3362 [anno
851 3277 1122 3343 Domini
1174 3277 1563 3362 supradicto.
1659 3277 1995 3343 Venerunt
2025 3279 2219 3364 igitur
2262 3283 2525 3347 cardina
2584 3306 2613 3346 s
2642 3282 2740 3350 sie

431 3369 606 3452 apud
637 3364 1060 3441 Dunelmum,
1076 3365 1214 3428 sine
1236 3362 1657 3442 lectisterniis,
1680 3378 1916 3448 praeter
1935 3381 2161 3444 vestes,
2187 3389 2343 3455 quas
2362 3369 2734 3450 induerant,

433 3451 728 3517 omnibus
758 3449 1032 3534 spoliati.
1128 3448 1418 3513 Providit
1447 3450 1644 3537 igitur
1674 3450 1763 3514 eis
1796 3451 1983 3516 Prior
2012 3455 2234 3531 lect08,
2268 3477 2489 3541 equOS,
2522 3469 2739 3522 vestes

431 3561 640 3604 sacras
670 3537 951 3620 integras
985 3535 1105 3600 utri
1155 3558 1235 3599 ue
1265 3557 1513 3612 eorum,
1540 3559 1661 3620 pro
1691 3537 2023 3603 sacerdote
2047 3539 2262 3605 altaris
2286 3554 2355 3606 et
2377 3540 2683 3606 ministris
2714 3567 2735 3622 ς

433 3646 555 3689 nec
585 3638 798 3689 tamen
829 3623 896 3685 in
933 3622 1060 3686 hoc
1085 3559 1336 3707 pciacati,
1384 3620 1539 3708 quin
1584 3635 1825 3688 stantes
1869 3646 2085 3689 coram
2128 3625 2368 3691 feretro
2417 3627 2736 3708 dicerent,

440 3711 626 3788 “Tu,
659 3708 1038 3786 Cuthberte,
1071 3707 1485 3792 respondebis
1516 3707 1698 3772 nobis
1723 3710 1805 3773 de
1835 3712 2130 3776 omnibus
2162 3713 2393 3778 ablatis
2403 3716 2462 3790 ;”
2487 3731 2551 3780 et
2575 3715 2734 3800 lapi-

431 3797 580 3862 dem
600 3818 795 3881 super
810 3794 1090 3880 lapidem
1109 3793 1194 3858 de
1210 3792 1477 3859 ecclesia
1501 3817 1630 3858 non
1650 3795 1807 3859 relin
1857 3819 2011 3861 uere
2032 3797 2521 3886 minarentur.]*
2549 3801 2734 3866 Prae-

434 3883 708 3950 munivit
727 3897 942 3948 tamen
959 3880 1145 3945 Prior
1158 3879 1345 3946 Lodo
1355 3883 1580 3947 wicum
1598 3881 1771 3966 apud
1864 3883 2191 3972 erlington
2210 3885 2592 3952 existentem
2610 3911 2737 3974 per

432 3971 738 4036 nuncium
765 3990 950 4033 suum
983 3967 1066 4032 de
1095 3989 1359 4032 occursu
1391 3981 1785 4032 armatorum
1815 3969 2311 4053 praedictorum3
2355 3973 2469 4038 sed
2500 3972 2637 4059 ipse
2666 3989 2738 4042 et

432 4057 630 4121 frater
647 4057 783 4141 ejus
803 4054 982 4140 parvi
1005 4053 1412 4140 pendebant3
1445 4053 1728 4118 dicentes
1758 4053 1934 4145 quod
1964 4055 2111 4122 Rex
2133 4058 2370 4123 Scotiae
2404 4059 2733 4146 [Franciae

433 4147 504 4206 in
533 4143 680 4210 MS.
713 4145 906 4206 Ebor.
937 4145 1016 4224 by
1040 4144 1334 4224 mistaloe]
1373 4140 1526 4205 talia
1549 4162 1678 4204 non
1707 4141 1977 4207 auderet
1998 4157 2426 4229 attemptare3
2459 4161 2528 4212 et
2554 4149 2738 4234 quod

437 4227 626 4292 Prior
671 4227 823 4292 talia
878 4228 1149 4311 scripsit,
1199 4227 1349 4314 quia
1417 4226 1959 4294 consecrationem
2022 4230 2353 4296 Lodowici
2414 4230 2733 4318 impedire

429 4314 653 4382 voluit.
748 4314 883 4381 Pro
918 4313 1271 4380 Lodowico
1318 4335 1469 4378 vero
1499 4313 1591 4378 sic
1619 4315 1950 4400 captivato
1994 4316 2229 4383 obtulit
2278 4317 2467 4385 Prior
2497 4332 2731 4400 vestes,

1205 4493 1234 4519 ⁶
1268 4486 1594 4538 Arnxmx.
1626 4484 1731 4538 No.
1756 4502 1943 4540 cncu-
