3000 5117
461 408 836 487 ccclxxxiv
925 432 1130 485 msr.
1169 430 1528 484 mmmm.
1567 432 2033 486 scnrrronns
2070 434 2283 489 rats.

459 592 644 659 cione
700 593 969 659 Domini
1019 592 1356 660 millesimo
1413 592 1833 681 nonagesimo
1892 596 2111 677 tercio,
2156 620 2197 663 a
2240 598 2513 664 transitu
2558 600 2781 685 patrie

457 680 798 747 cuthberti
831 689 1033 747 ccc¹¹²⁰
1057 696 1127 747 et
1157 688 1585 759 Lxxxxvum,
1618 704 1707 747 ex
1737 704 1870 769 quo
1900 698 2116 748 autem
2150 684 2234 749 ab
2270 685 2534 751 Aldnno
2570 688 2773 773 Epis-

453 790 622 853 copo
649 769 1092 855 incorruptum
1129 769 1420 854 ejusdem
1460 768 1661 854 patris
1704 791 1936 855 eorpus
1976 769 2043 835 in
2091 770 2425 837 Dunelmo
2466 789 2567 838 est
2612 796 2771 859 per-

454 854 660 919 latum
703 857 1102 945 octogesimo
1143 878 1340 934 nono,
1418 856 1482 919 ui
1514 870 1613 919 est
1656 878 1863 921 annue
1890 858 2074 941 regni
2104 856 2436 923 Willielmi
2468 859 2766 925 decimus

453 958 740 1022 octavus,
762 964 847 1007 ex
875 966 1006 1030 quo
1023 956 1240 1009 autem
1275 942 1355 1007 Al
1408 965 1570 1007 unus
1600 965 1749 1007 cum
1772 943 2025 1008 duobus
2057 944 2243 1009 sociis
2274 944 2337 1009 in
2357 947 2765 1031 provinciam

456 1028 1200 1096 Northamhumbrorum
1232 1046 1497 1095 venerat
1526 1028 1837 1109 decimus,
1862 1030 2267 1116 episcopatus
2290 1055 2445 1099 vero
2472 1034 2767 1100 williel-

448 1117 540 1181 mi
570 1118 826 1199 tercius,
859 1124 1032 1183 v11¹¹³⁰
1053 1116 1362 1183 kalendas
1384 1116 1426 1182 J
1431 1114 1583 1195 unii,
1602 1115 1767 1182 feria
1793 1122 1941 1197 v1‘⁸,
1974 1131 2363 1185 memoratus
2396 1119 2763 1208 Episcopus

447 1206 798 1272 monachos
841 1228 926 1271 ex
971 1205 1224 1271 duobus
1267 1204 1698 1285 monasteriis,
1729 1204 1970 1271 scilicet
1998 1205 2210 1272 Jarew
2240 1220 2311 1271 et
2348 1206 2755 1287 Warmouth,

449 1292 637 1359 simul
682 1308 1133 1383 congregatos,
1181 1290 1247 1355 in
1292 1288 1694 1357 Dunelmum
1740 1291 2073 1378 produxit,
2120 1293 2376 1393 quibus,
2430 1300 2595 1359 ιῐιιιο
2640 1296 2760 1363 die

567 1396 616 1461 t,
661 1381 729 1447 in
775 1380 916 1467 ipso
959 1381 1068 1447 dic
1109 1390 1334 1445 sancto
1381 1378 1799 1445 Pentecosten
1842 1381 1908 1443 in
1940 1380 2275 1446 ecclesiam
2304 1382 2506 1448 sancti
2543 1383 2764 1449 cuth-

445 1402 618 1534 ἕξεί
676 1466 1020 1554 perductis,
1081 1465 1416 1553 apostolici
1479 1466 1679 1551 Papae
1726 1465 2083 1552 jussionem
2134 1489 2251 1555 per
2290 1468 2757 1537 auctoritatem

447 1555 625 1623 beati
681 1556 860 1622 Petri
917 1579 958 1621 a
983 1554 1354 1621 'ostolorum
1411 1552 1723 1639 principis
1779 1552 2039 1633 factam,
2098 1569 2293 1657 atque
2344 1557 2757 1625 excellentis-

445 1643 592 1709 simi
656 1646 826 1729 regis
902 1578 1219 1707 willielmi
1283 1640 1713 1719 voluntatem,
1764 1642 2038 1727 populis,
2102 1665 2215 1729 qui
2279 1662 2757 1726 convenerant,

445 1730 901 1800 manifestavit.
1029 1729 1184 1807 Quo
1233 1729 1428 1807 factu,
1479 1728 1868 1794 beatissimae
1918 1728 2054 1795 Dei
2110 1729 2435 1815 genitricis
2484 1732 2751 1813 Mariae,

444 1817 846 1884 sanctissimo
933 1840 1056 1884 suo
1147 1834 1420 1903 patrono
1508 1815 1895 1896 cuthberto,
1986 1818 2335 1883 monachos
2413 1842 2755 1886 commen-

445 1905 628 1985 dans,
681 1906 1020 1972 ecclesiam
1069 1904 1193 1969 illis
1244 1919 1312 1971 et
1355 1902 1502 1969 illos
1548 1902 1836 1969 ecclesia».
1883 1904 2298 1974 contradidit.
2393 1906 2530 1974 Eos
2558 1930 2755 1987 vero,

443 1995 558 2080 qui
629 1991 812 2079 prius
869 1992 1028 2058 inibi
1099 1991 1572 2069 habitaverant,
1648 2012 1889 2057 nomen
1964 2004 2217 2057 tantum
2282 1994 2753 2061 canonicorum

441 2080 776 2159 habentes,
825 2080 942 2144 sed
993 2084 1060 2143 in
1107 2079 1286 2145 nullo
1331 2078 1790 2145 canonicorum
1836 2078 2127 2165 regulam
2176 2096 2533 2168 sequentes,
2567 2104 2751 2168 prae-

444 2166 641 2253 cepit,
689 2181 784 2245 ut,
825 2166 878 2231 si
918 2168 985 2233 in
1016 2168 1154 2252 ipsa
1182 2166 1452 2231 ecclesia
1484 2165 1767 2232 residere
1798 2166 2059 2246 vellent,
2089 2167 2392 2255 deinceps
2422 2168 2489 2233 in
2512 2192 2748 2236 mona-

444 2253 630 2319 chico
657 2255 992 2355 proposito
1020 2276 1170 2319 cum
1213 2252 1547 2319 monachis
1588 2252 1785 2319 vitam
1814 2268 2100 2339 agerent.
2184 2255 2387 2323 Atini
2415 2257 2499 2322 de
2528 2258 2748 2324 eccle-

440 2339 536 2406 sia
579 2364 756 2409 exure
797 2363 992 2430 quam
1022 2340 1238 2408 taliter
1266 2340 1603 2431 ingredere
1631 2343 2044 2419 maluerunt;
2087 2356 2321 2428 praeter
2352 2366 2575 2423 unum,
2609 2345 2739 2415 viz.

446 2428 786 2495 Decanum
827 2452 1071 2509 eorum,
1121 2429 1224 2495 cui
1277 2450 1318 2493 a
1361 2428 1498 2493 filio
1543 2429 1860 2495 monacho
1911 2427 2023 2493 vix
2066 2444 2141 2495 ut
2170 2430 2519 2496 monachus
2548 2434 2743 2499 fieret

439 2516 809 2603 persuaderi
859 2518 1123 2605 poterit.
1217 2517 1495 2603 Propter
1546 2518 1723 2604 quod
1766 2516 2001 2582 dicitur
2044 2518 2219 2604 quod
2248 2518 2619 2604 praebendae
2649 2520 2745 2587 de

447 2604 812 2683 Aukeland,
864 2604 1272 2691 Derlington,
1327 2604 1609 2683 Not-ton,
1642 2620 1711 2669 et
1756 2604 2209 2690 Heghington,
2252 2606 2441 2671 factae
2470 2606 2743 2674 fuerunt

437 2702 692 2756 tantum
721 2714 841 2777 pro
871 2692 992 2758 illis
1019 2692 1368 2772 canonicis,
1393 2715 1480 2758 ex
1509 2691 1877 2776 provisione
1906 2692 2153 2757 domini
2184 2693 2401 2778 Papae,
2436 2707 2508 2759 ut
2534 2694 2745 2762 habe-

433 2792 580 2844 rent
611 2780 784 2845 unde
815 2780 1106 2846 viverent
1129 2803 1246 2844 suo
1276 2795 1613 2866 perpetuo,
1709 2780 1787 2843 In
1817 2782 1997 2867 cujus
2026 2780 2118 2846 rei
2146 2783 2581 2846 testimonium
2606 2782 2739 2847 hoc

433 2888 718 2953 praesens
745 2868 1052 2956 scriptum
1079 2868 1272 2954 sigilli
1301 2867 1504 2934 nostri
1530 2866 1879 2932 munimine
1902 2880 1999 2933 est
2020 2868 2417 2938 roboratum.
2495 2869 2739 2952 Datus,

435 2968 546 3025 ete.

699 3368 1020 3419 ccxcvlu.
1071 3372 1492 3418 connomtm
1526 3374 1919 3419 cnmsrmffi
1951 3374 2455 3425 BLENKHARNE.

1189 3518 1348 3587 [neg.
1379 3518 1483 3571 lv.
1510 3519 1661 3573 rm.
1684 3518 1773 3571 fol.
1794 3523 1861 3571 ω
1884 3518 1963 3584 12.)

520 3660 749 3725 Pateat
797 3658 1108 3724 universis
1159 3680 1277 3745 per
1330 3674 1679 3745 praesentes
1732 3683 1854 3725 nos
1907 3658 2255 3739 Thomam,
2308 3660 2737 3747 permissione

429 3749 648 3826 divina
693 3746 984 3813 Priorem
1028 3746 1313 3812 ecclesiae
1357 3747 1745 3813 cathedralis
1792 3747 2261 3827 Dunelmensis,
2292 3748 2377 3813 de
2406 3771 2731 3817 consensu

429 3851 499 3905 et
525 3836 852 3901 voluntate
881 3834 1274 3901 confratrum
1296 3849 1684 3913 nostrorum,
1718 3834 1991 3914 dedisse,
2018 3836 2425 3914 concessisse,
2458 3853 2527 3902 et
2556 3841 2737 3907 cari-

427 3924 578 4003 tatis
637 3924 869 3990 intuitu
927 3924 1360 4001 confirmasse,
1425 3922 1773 3988 Christinae
1828 3922 2259 4002 Blenkharne‚
2310 3924 2572 4011 puellae,
2637 3928 2730 3994 de

429 4012 781 4091 Dunelmo‚
829 4012 992 4077 illud
1043 4010 1411 4077 corrodium
1453 4009 1517 4074 in
1566 4010 1760 4077 domo
1812 4009 1965 4089 Dei,
2020 4010 2369 4096 vulgariter
2416 4032 2727 4080 vocatum

429 4095 710 4167 Maisien
757 4101 842 4166 de
888 4098 1085 4178 Dien,
1141 4098 1319 4186 quod
1364 4098 1666 4187 quaedam
1716 4096 1925 4163 Alicio,
1968 4098 2233 4165 Ordeur
2260 4120 2468 4185 nuper
2490 4100 2727 4167 habuit

423 4187 492 4252 in
519 4187 769 4264 eadem,
799 4188 956 4251 dum
988 4186 1152 4251 vixit
1176 4210 1194 4263 3
1224 4185 1596 4252 habendum
1616 4199 1682 4251 et
1706 4184 2053 4252 tenendum
2082 4186 2325 4251 dictum
2349 4188 2725 4254 corrodium

422 4274 712 4362 praefatae
739 4274 1084 4341 Christinae
1109 4274 1192 4342 de
1215 4274 1402 4339 nobis
1424 4286 1490 4339 et
1514 4272 1985 4339 successoribus
2008 4275 2238 4339 nostris
2262 4274 2345 4339 ad
2370 4275 2723 4342 terminum

426 4364 578 4426 vitae
601 4362 914 4446 ejusdem,
939 4362 1031 4425 ita
1049 4361 1498 4427 habundanter
1526 4362 1593 4426 in
1612 4360 1909 4426 omnibus
1938 4360 2103 4427 sicut
2132 4360 2360 4450 aliquis
2390 4362 2589 4429 frater
2615 4366 2723 4443 vel

421 4470 604 4514 soror
649 4449 938 4535 ejusdem
989 4448 1220 4515 domus
1264 4448 1533 4537 percipit
1586 4450 1651 4514 in
1703 4449 2027 4535 praesenti.
2118 4450 2223 4516 Ita
2275 4464 2493 4517 tamen
2536 4450 2725 4541 quod
