3000 5117
479 411 834 487 clxxxviii
953 432 1160 484 ms'r.
1201 430 1564 481 nouum.
1592 429 2063 483 semem-nes
2102 430 2317 487 tram.

469 596 612 681 jam
643 596 727 661 de
757 616 932 661 novo
961 594 1344 661 constructis
1375 614 1581 681 usque
1608 591 1695 658 ad
1722 592 2059 659 eeclesiam
2090 592 2605 659 Duueimemem
2622 606 2805 661 ante-

481 682 761 759 dictam3
823 681 914 747 ita
966 682 1290 758 decenter,
1347 680 1625 758 fortiter,
1680 702 1756 745 ae
1802 678 2051 757 melius,
2098 678 2265 745 sieut
2306 694 2463 745 sunt
2506 681 2801 767 praedicti

480 772 654 833 mi
671 792 816 855 pur·
839 768 928 833 de
953 786 1126 833 novo
1157 767 1553 842 constructi-3
1595 765 1895 831 videlicet
1924 766 2102 853 quod
2132 788 2353 831 murus
2380 768 2803 834 occidentalis

479 858 602 921 erit
637 856 699 919 in
732 856 1153 920 fundamento
1183 852 1609 937 spissitudinis
1640 854 1775 919 sive
1800 852 2155 918 latitudinis
2180 853 2451 918 duarum
2482 855 2796 934 ulnarum,

479 965 626 1006 cum
672 940 1152 1007 searciamentis·
1177 940 1362 1005 bonis
1391 938 1883 1017 sufficientibus,
1910 952 2103 1024 prout
2134 954 2285 1005 sunt
2316 940 2381 1004 in
2412 963 2603 1006 muro
2634 942 2799 1011 oeci-

477 1029 722 1094 dentali
765 1032 902 1116 jam
949 1040 1361 1103 construct03
1412 1038 1478 1091 et
1523 1025 1718 1091 saciet
1748 1028 1813 1090 in
1845 1027 2076 1091 eodem
2110 1050 2297 1091 muro
2328 1027 2411 1093 de
2442 1050 2617 1093 novo
2646 1050 2795 1093 eon-

477 1116 807 1195 struendo,
859 1115 979 1179 sub
1031 1114 1229 1191 volta,
1271 1114 1557 1201 quinque
1604 1112 1939 1191 fenestras,
1990 1113 2343 1177 consimilis
2392 1113 2649 1185 formae.
2694 1116 2795 1181 vel

475 1202 883 1268 deceneionis
914 1202 1016 1267 vel
1047 1200 1350 1277 melioris,
1383 1199 1547 1264 sicut
1576 1212 1675 1264 est
1706 1198 1917 1265 media
1942 1198 2221 1265 fenestra
2252 1200 2317 1263 in
2344 1200 2569 1265 Domo
2599 1202 2792 1267 Com-

474 1290 648 1354 muni
677 1316 710 1366 }
747 1303 816 1354 et
843 1306 1048 1353 unum
1071 1306 1344 1373 parvam·
1369 1285 1722 1351 fenestram·
1747 1286 1812 1350 in
1844 1286 1908 1351 le
1943 1286 2393 1363 Wollehouse3
2438 1288 2791 1353 secundum

473 1378 940 1443 avisamentum
989 1374 1235 1439 consilii
1287 1372 1570 1449 Priori„
1614 1394 1701 1437 ac·
1738 1374 1939 1437 eciam
1972 1386 2071 1437 tot
2103 1373 2314 1439 hostia
2342 1375 2791 1459 competencia

471 1476 543 1530 et
588 1465 861 1529 honesta
904 1476 1064 1549 quot
1112 1459 1427 1525 voluerint
1475 1458 1632 1524 dicti
1670 1458 1854 1525 Prior
1883 1473 1950 1524 et
2004 1460 2375 1525 Conventus
2404 1464 2695 1525 construi
2725 1462 2787 1527 in

470 1574 666 1635 opere
718 1548 1067 1616 antediem.
1164 1546 1355 1625 Item,
1401 1568 1525 1632 pro
1566 1546 1661 1609 sin
1712 1546 1831 1610 ulis
1873 1546 2061 1611 lectis
2104 1548 2568 1611 monachorum
2600 1546 2791 1614 faciet

471 1638 651 1701 idem·
705 1630 934 1701 Petrus
987 1636 1052 1698 in
1101 1646 1378 1720 utroque
1430 1650 1615 1697 muro
1685 1646 1973 1698 >euestrus
2004 1634 2607 1719 correspondentes,
2643 1658 2789 1701 cum

471 1723 708 1789 securis
738 1718 1126 1787 archevol'tis
1153 1740 1351 1807 supra
1374 1740 1467 1798 se,
1499 1719 1857 1784 secundum·
1882 1720 2147 1785 modum
2180 1743 2312 1807 quo
2340 1722 2552 1806 prima
2580 1722 2789 1787 fenes-

467 1826 570 1877 tra
599 1812 660 1874 in
693 1809 1006 1895 praedicto
1035 1826 1220 1871 muro
1250 1806 1337 1871 de
1365 1826 1539 1872 novo
1558 1807 1703 1891 jam
1724 1806 1899 1872 facto
1918 1808 1987 1871 in
2009 1807 2219 1873 altero
2242 1808 2373 1873 fine
2397 1808 2789 1874 Dormitorii

467 1898 805 1983 praedicti3
855 1916 1048 1981 supra
1099 1916 1256 1981 quas
1299 1894 1611 1959 fenestras
1656 1893 1965 1959 lectorum
1996 1894 2459 1959 monachorum
2493 1894 2694 1961 faciet
2721 1899 2787 1961 in

467 2006 654 2049 muro
703 1980 1086 2049 occidentali
1131 1980 1446 2066 praedicto
1492 1998 1621 2044 tres
1653 1980 1983 2059 fenestras,
2030 1981 2131 2045 vel
2162 1981 2402 2067 plures»,
2436 1981 2493 2045 si
2521 2004 2786 2047 neeesse

467 2072 698 2147 suerit3
753 2084 821 2134 et
869 2070 934 2133 in
965 2090 1150 2132 muro
1181 2066 1479 2131 orientali
1520 2080 1799 2154 quatuor
1828 2067 2171 2131 consimilis
2201 2067 2448 2145 formae,
2484 2068 2621 2134 sive
2654 2092 2785 2133 me·

465 2158 661 2234 lieris,
707 2159 887 2244 eujus
932 2168 1083 2219 sun-t
1113 2153 1408 2219 fenestrae
1438 2155 1805 2237 superiores
1830 2154 2031 2218 modo
2057 2152 2245 2218 {iictae
2275 2154 2343 2218 in
2376 2177 2551 2219 novo
2580 2178 2783 2241 opere

462 2244 797 2331 praedicto.
896 2242 982 2307 Et
1025 2260 1220 2325 supra
1246 2237 1413 2325 ipsas
1444 2238 1755 2304 fenestras
1784 2240 2151 2325 superiores
2178 2240 2370 2305 faciet
2402 2244 2467 2305 in
2501 2255 2783 2330 utroque
2858 2296 2865 2303 .

465 2350 656 2397 muro
695 2330 932 2395 ai-lours
960 2340 1027 2392 et
1056 2326 1543 2392 bretissementa
1568 2324 1925 2404 battellata,
1953 2326 2037 2391 de
2062 2348 2227 2413 puro
2256 2328 2519 2405 achiler,
2550 2352 2785 2394 seeun-

464 2420 618 2483 dum
667 2415 998 2501 exemplar
1043 2414 1501 2499 praedictorum
1553 2434 1881 2477 murorum
1922 2414 2059 2498 jam
2112 2413 2431 2479 factorum
2486 2415 2551 2478 in
2604 2434 2785 2481 novo

462 2525 668 2591 opere
709 2502 1062 2589 proediet03
1111 2499 1290 2587 quod
1340 2520 1501 2585 opus
1548 2520 1788 2564 novum
1834 2500 1955 2564 erit
2000 2500 2069 2563 in·
2112 2500 2409 2565 omnibus
2438 2504 2783 2589 exemplar

461 2608 796 2656 murorum
846 2589 930 2653 de
975 2606 1145 2651 novo
1197 2587 1797 2651 construendorum.
1892 2585 1981 2651 Et
2026 2601 2216 2653 erunt
2268 2586 2424 2652 dicti
2477 2592 2647 2652 muri
2700 2592 2783 2654 de

461 2700 628 2765 puro
671 2676 914 2741 achiler
957 2674 1265 2750 exterius,
1315 2686 1385 2737 et
1413 2674 1500 2738 de
1526 2673 1690 2757 rogh
1719 2672 1864 2737 wall
1894 2674 2183 2752 interius,
2216 2696 2361 2739 cum
2392 2675 2569 2739 bono
2600 2677 2782 2743 calce

460 2768 630 2830 bene
675 2776 742 2828 et
786 2761 1176 2825 sufficienter
1219 2758 1427 2823 mixto
1458 2774 1709 2825 cemate
1739 2761 2156 2845 competenti.
2250 2761 2417 2825 Item
2448 2762 2781 2827 caminum

447 2854 594 2940 jam·
619 2852 683 2914 in
719 2850 940 2915 Domo
953 2845 1297 2914 Communi
1329 2846 1647 2931 praedicta
1666 2847 1971 2925 existenti
1992 2846 2385 2911 sufficienter
2406 2863 2475 2912 et
2500 2848 2781 2915 honeste
2826 2903 2831 2907 .

457 2938 729 3003 salvabit
748 2948 816 3001 et
841 2935 1150 3020 perficiet,
1176 2950 1368 3018 prout
1397 2932 1641 2997 eisdem
1676 2932 1882 2997 Priori
1908 2946 1975 2997 et
2002 2933 2365 2999 Conventui
2398 2934 2631 2999 melius
2662 2939 2781 3001 visi

455 3026 698 3091 fuerint
729 3018 1055 3107 expedire.
1153 3020 1240 3083 Et
1270 3017 1406 3083 erit·
1424 3018 1484 3083 le
1517 3016 1825 3105 beddyng
1848 3020 2190 3104 cujuslibet
2218 3020 2461 3085 achilei·
2490 3024 2780 3107 ponendi

455 3111 522 3176 in
563 3112 688 3176 isto
718 3132 915 3195 opere
943 3105 1362 3191 longitudinis
1395 3105 1581 3169 unius
1612 3105 1797 3191 pedis
1827 3105 1911 3171 de
1942 3128 2181 3192 assyse,
2214 3106 2295 3171 ad
2330 3107 2587 3184 minus.;
2626 3131 2779 3175 cum

451 3197 793 3264 latitudine
821 3193 1240 3278 competenti.
1319 3190 1410 3257 Et
1437 3191 1551 3255 fiet
1583 3214 1781 3255 unum
1812 3194 2261 3271 ascensorium,
2296 3210 2601 3259 vocatum
2636 3219 2777 3282 vys,

453 3285 520 3349 in
558 3282 899 3369 campanili
931 3276 1366 3366 propinquiori
1401 3277 1805 3343 Dormitorio
1831 3279 2147 3377 praedieto
2176 3281 2531 3345 secundum
2564 3282 2779 3349 avisa-

449 3386 737 3437 mentum
801 3365 1040 3434 Prioris
1093 3380 1159 3430 et
1214 3365 1584 3429 Conventus
1645 3366 2125 3449 praedlctorum,
2179 3388 2299 3452 pro
2351 3368 2775 3435 ascendendo

452 3479 649 3543 supra
701 3450 1180 3519 Dormitorium-
1232 3450 1653 3515 antedictum.
1770 3452 1859 3535 Et
1909 3451 2033 3517 erit
2078 3452 2203 3516 hoe
2262 3475 2425 3538 opus
2484 3454 2775 3521 finaliter

450 3543 839 3627 completum
884 3538 1046 3604 eitra
1088 3540 1316 3602 festum
1356 3536 1667 3602 Omnium
1706 3537 2087 3603 Sanctorum
2128 3540 2305 3626 quod
2337 3540 2459 3604 erit
2492 3541 2557 3603 in
2592 3564 2770 3607 anno

451 3629 722 3697 Domini
771 3624 1106 3691 millesimo
1150 3631 1373 3689 cecemo
1427 3638 1681 3708 quarto·
1794 3624 1882 3688 Et
1928 3626 2275 3710 praedictus
2327 3630 2771 3695 cementarius

445 3713 888 3783 warantizabit
917 3725 984 3776 et
1013 3709 1395 3775 sustentabit
1416 3710 1657 3774 voltam
1683 3709 1847 3774 infra
1870 3712 2253 3796 praedictum
2283 3712 2763 3779 Dormitorium

445 3824 620 3870 nune
649 3799 1053 3875 existentem,
1087 3798 1152 3860 in
1183 3798 1350 3861 adeo
1371 3797 1549 3860 bono
1578 3809 1747 3861 statu
1778 3796 1945 3863 sicut
1973 3812 2076 3863 est
2095 3798 2157 3861 in
2186 3798 2293 3862 die
2324 3799 2769 3865 conseccionis

445 3888 860 3978 presentium,
883 3886 1122 3971 absque
1141 3884 1354 3969 aliqua
1371 3882 1887 3948 deterioracione
1918 3885 2227 3969 ejusdem.
2325 3885 2413 3949 Et
2444 3887 2622 3950 idem
2654 3910 2767 3952 ce-

445 3977 796 4044 mentm-ius
836 3974 1094 4056 frmget
1139 3990 1499 4070 quai-eram,
1534 3968 1791 4033 ardebit
1818 3971 2085 4048 calcem,
2116 3984 2186 4036 et
2212 3970 2501 4036 inveniet
2536 3976 2763 4041 omnia

442 4080 508 4131 et
557 4060 934 4129 omnimoda
976 4078 1230 4144 caragis
1279 4056 1769 4143 quomodolibet
1814 4073 2157 4143 oportuna,
2206 4079 2283 4121 ac
2332 4056 2766 4127 instrumenta

441 4152 652 4217 ferrea
698 4162 768 4214 et
809 4148 1049 4231 lignea,-
1099 4144 1232 4210 alia
1271 4165 1535 4231 quoque
1578 4166 1734 4207 vasa
1758 4166 2203 4232 quaecumque,
2236 4167 2383 4209 eum
2428 4146 2769 4227 scaffalds,

439 4250 724 4326 seyntres
756 4247 824 4298 et
851 4233 1076 4309 stokes,
1107 4230 1372 4318 aliisque
1403 4230 1793 4295 omnimodis
1823 4232 2199 4297 necessariis
2230 4233 2591 4315 oportunis,
2627 4236 2763 4299 suis

437 4323 798 4409 sumptibus
841 4318 1114 4405 propriis
1159 4332 1228 4381 et
1258 4316 1592 4402 expensis3
1632 4318 1920 4402 exceptis
1952 4340 2243 4404 quai-era,
2281 4333 2409 4382 tam
2443 4340 2563 4402 pro
2598 4320 2762 4405 lapi-

435 4412 648 4489 dibus,
697 4428 889 4496 quam
939 4427 1060 4492 pro
1090 4405 1287 4483 calce,
1337 4403 1673 4482 mec-amic,
1703 4424 1781 4469 ae
1812 4402 2023 4491 virgis,
2058 4426 2178 4491 pro
2209 4402 2397 4470 dictis
2427 4404 2753 4485 scaffalds,
