3000 5117
550 384 781 458 cclviii
1068 410 1271 463 msT.
1310 410 1671 465 DUNELM.
1713 412 2178 467 semproans
2215 416 2426 467 rans.

738 886 940 933 CCXX.
1028 888 1553 933 TESTAMENTUM
1647 890 2309 937 noNoRAmussimn
2403 892 2689 937 DOMINAE

814 975 1106 1019 DOMINAE
1139 976 1489 1021 JoHANNAE
1523 976 1902 1022 coMl'rlssAE
1949 960 2628 1024 WESTMRRLannlss’

1454 1116 1620 1181 [cm.
1643 1117 1756 1169 111.
1777 1116 1868 1169 foi.
1892 1120 2000 1187 sa]

658 1262 733 1327 In
769 1260 897 1326 Dei
926 1258 1205 1338 nomine,
1244 1259 1477 1325 Amen.
1526 1263 1746 1325 ’Anno
1780 1259 2047 1324 Domini
2075 1259 2410 1325 millesimo
2447 1258 2833 1347 quadringen-

566 1350 796 1415 tesimo
884 1346 1348 1430 uadragesimo‚
1378 1345 1608 1411 mensis
1641 1348 1790 1411 maii
1821 1346 1927 1411 die
1957 1346 2228 1425 decima,
2257 1352 2386 1431 ego
2413 1348 2703 1413 Johanna
2731 1347 2834 1412 Co-

568 1436 809 1501 mitissa
836 1370 1411 1511 zvestmerlandiae,
1434 1454 1697 1517 compos
1727 1434 1980 1511 mentiri,
2004 1433 2216 1499 condo
2247 1448 2314 1498 et
2337 1434 2510 1499 facio
2535 1448 2834 1499 testamen·

570 1536 708 1587 tum
762 1543 977 1586 meum
1026 1519 1093 1583 in
1156 1520 1327 1583 hunc
1372 1520 1658 1585 modum.
1750 1520 1826 1587 In
1875 1521 2114 1605 primiS,
2161 1521 2249 1585 do
2293 1535 2361 1586 et
2407 1520 2562 1606 lego
2603 1520 2835 1586 animam

568 1630 779 1673 meam
833 1606 983 1671 Deo
1030 1606 1477 1691 omnipotenti,
1513 1621 1582 1672 et
1629 1608 1840 1671 beatae
1899 1606 2130 1673 Mariae
2183 1607 2434 1697 virgini,
2469 1622 2541 1674 et
2585 1606 2834 1673 omnibus

574 1694 849 1771 Sanctis,
882 1715 1490 1779 corpusque-meum
1521 1694 1603 1759 ad
1630 1694 2066 1780 sepeliendum
2099 1694 2165 1759 in
2197 1695 2496 1761 ecclesiae
2523 1692 2836 1761 Cathedra·

568 1782 617 1846 li
678 1779 1134 1857 Lincolniensi‚
1190 1780 1273 1845 ud
1322 1781 1497 1845 idem
1547 1781 1748 1845 altare
1799 1781 1906 1846 ubi
1947 1804 2177 1865 corpus
2227 1782 2514 1846 dominae
2553 1781 2833 1847 Katerinae

570 1869 869 1934 Ducissae
918 1866 1337 1945 Lancastriae,
1372 1868 1592 1931 matris
1623 1890 1807 1946 meae,
1840 1868 2186 1953 sepelitur:
2234 1869 2326 1933 ita
2353 1869 2540 1956 quod
2571 1870 2728 1934 locus
2753 1865 2834 1930 ille

568 1956 889 2039 elargetur
938 1969 1007 2018 et
1050 1953 1438 2030 includatur,
1466 1954 1522 2017 si
1567 1976 1851 2021 assensus
1883 1953 2133 2020 Decani
2173 1968 2239 2019 et
2274 1956 2564 2041 Capituli
2593 1954 2834 2041 ejusdem

570 2040 861 2107 ecclesioe
912 2039 996 2105 ad
1044 2040 1167 2105 hoc
1212 2039 1473 2125 poterit'
1496 2039 1785 2129 adquirit
1833 2040 1950 2119 sin,
1983 2056 2222 2119 autem,
2253 2042 2675 2129 disponantur
2709 2062 2836 2125 prae-

570 2130 747 2193 dicta
809 2127 1163 2193 secundum
1224 2127 1704 2193 ordinacionem
1766 2142 2186 2193 executorum
2233 2152 2529 2194 meorum
2573 2127 2838 2209 subscrip·

572 2232 810 2280 torum.
904 2214 1071 2278 Item
1118 2214 1204 2278 do
1248 2227 1315 2280 et
1358 2213 1510 2297 lego
1553 2214 1840 2279 ecclesiae
1894 2214 2274 2304 Collegiatoe
2319 2216 2403 2280 de
2437 2216 2836 2303 Stayndropp,

570 2302 831 2367 nomine
862 2302 1217 2376 monnarii,
1249 2299 1560 2385 optimum
1591 2301 1972 2387 palefridum
2003 2324 2236 2367 meum.
2335 2302 2504 2367 Item
2525 2304 2612 2369 do
2639 2318 2702 2369 et
2725 2302 2840 2383 lego

582 2388 862 2454 Ricardo
893 2386 1130 2453 Comiti
1165 2388 1413 2465 Sarum,
1446 2387 1582 2452 filio
1613 2411 1780 2467 meo,
1813 2389 2138 2476 quoddam
2172 2389 2388 2476 jocale
2417 2393 2562 2456 auri
2593 2405 2840 2455 vocatum
2914 2444 2915 2447 ,

573 2477 635 2541 le
666 2476 973 2541 Trinitee.
1069 2473 1231 2539 Item
1264 2474 1351 2538 do
1382 2489 1447 2540 et
1478 2476 1620 2559 lego
1651 2475 1828 2541 dicto
1858 2477 1992 2540 filio
2025 2498 2189 2553 meo,
2223 2478 2307 2541 ad
2341 2482 2684 2543 terminum
2727 2476 2840 2539 vitoe

574 2584 728 2639 suae,
764 2575 830 2626 et
884 2573 1029 2645 post
1081 2563 1218 2647 ejus
1248 2561 1576 2625 decessum
1611 2562 1759 2625 filiis
1805 2563 1962 2627 meis
2001 2562 2340 2629 willielmo
2389 2564 2680 2630 Domino
2710 2564 2842 2629 Fau-

574 2650 940 2733 eomberge,
974 2648 1058 2711 ad
1090 2648 1431 2713 terminum
1467 2649 1616 2713 vitae
1639 2670 1795 2727 suae,
1817 2664 1884 2713 et
1909 2661 2058 2733 post
2081 2652 2217 2736 ejus
2240 2652 2576 2715 decessum
2599 2652 2845 2733 Georgia

575 2734 866 2801 Domino
896 2735 979 2799 de
1006 2734 1375 2821 Latymere‚
1410 2735 1492 2799 ad
1527 2735 1866 2799 terminum
1915 2738 2064 2801 vitae
2093 2758 2248 2814 suae,
2295 2750 2361 2801 et
2393 2738 2714 2803 Edwardo
2741 2738 2847 2802 Do-

572 2822 754 2889 mino
806 2822 1251 2907 Bergevenny,
1284 2820 1369 2885 ad
1416 2822 1760 2886 terminum
1807 2824 1959 2887 vitae
2003 2846 2164 2900 suae,
2197 2838 2264 2909 et
2311 2838 2458 2907 post
2507 2847 2721 2890 eorum
2761 2824 2846 2887 de·

576 2932 823 2975 cessum
876 2908 1161 2973 Ricardo
1212 2908 1349 2971 filio
1402 2929 1553 2972 meo
1607 2926 1674 2972 et
1725 2908 2069 2975 heredibus
2121 2909 2278 2977 dicti
2319 2910 2585 2977 Ricardi
2621 2910 2847 2978 Comitis

584 2998 817 3061 Sarum
862 2994 1142 3062 dominis
1173 2994 1257 3058 de
1292 2992 1704 3082 My'ddilham
1749 2995 2105 3061 successive
2136 2996 2202 3061 in
2233 3013 2626 3084 perpetuum
2667 3018 2848 3084 quem-

579 3084 729 3149 dam
761 3082 994 3148 librum
1030 3079 1348 3159 psalterii,
1429 3082 1493 3144 ui
1525 3082 1850 3168 quondam
1879 3083 2000 3147 fuit
2039 3083 2484 3149 illustrissimae
2516 3086 2774 3151 dominae
2797 3098 2848 3145 et

580 3169 801 3235 matris
852 3192 1015 3233 meae
1063 3168 1343 3232 dominoe
1448 3168 1717 3233 atarinae
1767 3169 2061 3235 Ducissae
2103 3170 2524 3251 Lancastrioe,
2559 3186 2625 3238 et
2667 3192 2849 3257 quem·

578 3258 735 3321 dam
766 3256 1029 3320 an-ulum
1060 3256 1201 3319 auri
1227 3277 1379 3321 cum
1411 3255 1690 3342 quadam
1719 3278 1974 3340 gemma
2025 3278 2174 3321 cum
2221 3281 2351 3344 quo
2380 3259 2695 3324 advocata
2736 3256 2850 3321 Deo

579 3353 831 3406 sacrata
876 3341 990 3417 sui,
1043 3356 1273 3406 vocato
1322 3356 1526 3406 mater
1575 3364 1997 3430 gemmarum,
2049 3365 2302 3427 magnae
2353 3344 2608 3411 virtutis
2649 3357 2707 3409 et
2739 3362 2851 3427 pre-

576 3428 769 3493 ciosae
806 3449 826 3503 ;
870 3441 941 3490 et
969 3428 1307 3513 quemdam
1340 3428 1575 3493 librum
1607 3440 1910 3514 magnum
1940 3430 2022 3494 de
2061 3429 2310 3506 Fisica3
2357 3444 2425 3495 et
2449 3430 2702 3519 requiro
2718 3450 2852 3515 prae·

581 3514 825 3577 dictum
863 3512 1213 3580 Ricardum
1258 3514 1461 3581 filium
1508 3538 1722 3581 meum
1753 3518 1870 3581 sub
1903 3528 2170 3601 optentu
2203 3517 2681 3583 benediccionis
2723 3534 2852 3579 meae

578 3600 759 3689 quod
788 3600 978 3666 faciat
1007 3598 1411 3687 diligenciam
1442 3624 1625 3667 suam
1669 3601 1950 3667 debitam
1985 3616 2056 3667 ut
2087 3604 2306 3669 omnia
2332 3602 2548 3691 legata
2575 3618 2642 3669 et
2667 3603 2855 3667 debita

580 3702 715 3752 tam
746 3685 1037 3773 praedicti
1070 3686 1309 3751 domini
1338 3687 1552 3754 mariti
1583 3689 1706 3754 mei
1737 3711 1929 3776 quam
1959 3710 2106 3754 mea
2134 3687 2218 3754 de
2249 3690 2435 3754 bonis
2465 3692 2696 3755 nostris
2723 3688 2858 3753 fide-

580 3775 730 3839 liter
760 3775 1084 3839 solvantur
1114 3789 1183 3838 et
1214 3773 1606 3850 liberenturf
1653 3792 1720 3841 et
1745 3776 1920 3862 quod
1951 3776 2130 3841 nulla
2148 3777 2322 3841 bona
2339 3791 2582 3861 praeter
2599 3776 2855 3862 superius

580 3861 705 3927 sibi
758 3862 973 3949 legata
1020 3860 1103 3926 ad
1152 3882 1335 3926 usum
1381 3882 1570 3924 suum
1615 3862 1944 3945 proprium
1995 3860 2260 3946 recipiat
2308 3863 2442 3928 ullo
2474 3864 2688 3941 modo,
2717 3862 2856 3925 sicut

571 3949 847 4013 voluerit
903 3947 1297 4031 respondere
1356 3968 1576 4012 coram
1635 3969 1886 4019 summo
1944 3949 1989 4013 J
1993 3950 2200 4016 udice.
2297 3949 2369 4015 Si
2429 3964 2649 4016 tamen
2705 3948 2853 4012 idem

586 4033 903 4100 Ricardus
948 4032 1117 4097 filius
1164 4052 1363 4111 meuS,
1397 4032 1497 4099 vel
1547 4032 1776 4121 aliquis
1821 4034 2092 4101 fratrum
2139 4058 2402 4101 suorum
2433 4060 2544 4103 seu
2577 4054 2852 4109 sororum,

648 4211 677 4240 ‘¹’
714 4208 847 4259 This
880 4207 1015 4259 will
1054 4222 1157 4259 was
1194 4206 1531 4273 accidentally
1557 4206 1776 4259 omitted
1811 4208 1862 4258 in
1887 4208 1978 4260 the
2001 4209 2236 4263 Dux-ham
2260 4212 2418 4261 series
2439 4210 2501 4261 of
2530 4210 2724 4261 wius
2753 4219 2851 4258 aun

578 4274 990 4329 lxvzxromts.
1060 4275 1117 4327 It
1152 4290 1286 4340 may.
1310 4274 1568 4336 however,
1591 4291 1780 4341 appear
1815 4277 1940 4326 with
1975 4280 2239 4344 propriety
2263 4278 2316 4327 in
2359 4292 2390 4327 a
2423 4277 2631 4329 volume
2662 4270 2850 4327 devoted

575 4350 631 4393 to
658 4340 748 4393 the
776 4342 991 4408 History
1014 4340 1077 4391 of
1104 4358 1135 4393 a
1158 4342 1368 4394 Church
1404 4342 1532 4395 with
1557 4343 1720 4396 which
1745 4344 1836 4397 the
1859 4342 2040 4411 family
2063 4344 2125 4395 of
2149 4346 2242 4397 the
2265 4345 2535 4397 Testatrix
2559 4360 2658 4396 was
2679 4359 2728 4395 so
2749 4342 2850 4405 long

566 4410 671 4467 and
696 4426 753 4462 so
776 4408 963 4476 closely
989 4408 1286 4461 connected,
