3000 5117
767 478 1190 532 Arrsxmx.
1249 479 1431 528 Amr.
1473 475 1925 527 Mccchvu.
2292 447 2521 520 cccxli

1772 768 1807 795 ἱ

372 968 565 1027 cem.
617 966 1134 1023 TESTAMENTUM
1171 978 1425 1023 nomm
1461 966 1771 1021 nossa-m
1808 974 2058 1021 navum
2092 962 2327 1019 noran

371 1066 686 1111 EPISCOPI
712 1066 1612 1114 nunanmaNsm-NUNQUAM
1634 1065 1871 1107 'lanan
1897 1065 2057 1108 run·
2072 1064 2329 1107 arrao-

370 1152 620 1197 BATUM
657 1153 748 1197 ur
781 1154 1037 1197 Pos'raA
1069 1153 1401 1196 Armass'r.

784 1292 945 1363 [Reg.
971 1294 1509 1361 Bouthe’Archlepisc.
1538 1294 1691 1345 Ebor-
1718 1291 1751 1345 f.
1783 1296 1931 1359 3524

233 1514 242 1521 .
293 1434 368 1498 ln
399 1436 662 1499 nomine
691 1456 958 1499 summae
983 1456 1060 1499 ac
1081 1448 1324 1499 sanctae
1347 1448 1414 1499 et
1439 1434 1787 1498 individuae
1814 1432 2172 1509 Trinitatis,
2206 1412 2506 1497 Patris'et

215 1518 346 1586 Filii
391 1535 460 1587 et
499 1522 792 1608 ,Spiritus
841 1524 1080 1599 Sancti,
1125 1524 1356 1587 Amen.
1453 1522 1600 1605 Ego
1638 1523 1959 1585 Robertus
1999 1519 2208 1595 Nevil‚
2243 1522 2507 1603 permis·

213 1610 379 1673 sione
430 1610 677 1673 Divina
717 1610 1162 1674 Dinelmensis
1197 1608 1573 1695 EpiscopuS‚
1608 1607 1895 1695 quamvis
1931 1607 2191 1691 indigne
2224 1630 2504 1689 assump-

213 1710 324 1773 tus,
379 1716 648 1781 compos
692 1698 924 1761 mentis
973 1712 1042 1762 et
1083 1714 1264 1760 sanoe·
1301 1695 1651 1771 memoriae,
1684 1693 1977 1780 corporis
2012 1710 2219 1758 tamen
2256 1694 2379 1757 mei
2414 1694 2513 1756 in-·

215 1783 556 1847 valitudine
605 1784 1042 1867 multipliciter
1071 1782 1394 1866 fatigatuS‚
1429 1783 1842 1847 considerans
1871 1796 1937 1847 et
1972 1782 2369 1865 perpendens
2402 1802 2505 1843 me

215 1868 413 1932 multis
459 1870 886 1934 incommodis
925 1892 1042 1955 per
1071 1870 1575 1935 imbecillitatem
1610 1870 1731 1933 mei
1764 1869 2047 1953 corporis
2077 1867 2507 1931 diversimode

215 1957 562 2040 subjacere,
615 1960 868 2020 intuens
915 1958 1120 2021 ecia-m
1163 1970 1228 2019 at
1259 1958 1599 2023 attendens
1632 1959 1795 2019 vires
1828 1978 1999 2019 meas
2028 1955 2391 2039 corporales
2422 1956 2507 2017 de

215 2042 308 2106 die
358 2042 422 2105 in
473 2045 656 2108 diem
703 2044 900 2107 minui
951 2057 1018 2107 et
1057 2043 1337 2122 dissolvi,
1381 2067 1456 2109 ac
1489 2043 1843 2128 periculum
1882 2042 2124 2117 mortiS‚
2158 2064 2285 2127 qua
2317 2038 2509 2103 nichil

217 2129 506 2207 securius,
569 2130 758 2194 michi
809 2130 1232 2194 verisimiliter
1279 2132 1631 2207 imminere,
1676 2152 1755 2193 ne
1788 2128 1982 2215 igitur
2012 2129 2222 2192 subita
2251 2141 2361 2192 aut
2395 2127 2510 2191 im-

215 2217 466 2299 provisa.
499 2232 734 2295 morte,
783 2218 964 2300 cujus
1023 2218 1184 2281 hora
1229 2216 1420 2283 nichil
1449 2217 1784 2293 incercius,
1820 2215 2149 2301 proeveniri
2182 2230 2247 2279 et
2276 2216 2359 2279 ab
2392 2215 2513 2279 han

217 2302 346 2367 luce
373 2304 668 2368 subtrahi
693 2328 797 2369 me
821 2304 1173 2389 contingat,
1198 2307 1689 2371 Testamentum
1714 2326 1930 2367 meum
1952 2302 2291 2386 disponere
2318 2301 2521 2367 statu-i

217 2391 324 2453 sub
361 2391 478 2454 hac
511 2390 744 2455 forma.
839 2392 913 2456 l=n
943 2392 1188 2477 primis,
1217 2390 1615 2457 commendo·
1634 2392 1909 2455 animam
1942 2412 2151 2453 meam
2184 2390 2515 2453 immensae

219 2476 663 2541 misericordiae
697 2478 825 2543 Dei
857 2478 1342 2563 omnipotentis,
1373 2476 1975 2563 gloriosissimaeque
1998 2476 2097 2539 vir
2144 2476 2228 2539 ini
2276 2476 2511 2541 Mariae

219 2569 388 2628 matri
437 2588 599 2642 suae,
633 2586 880 2629 necnon
915 2564 1312 2631 sanctissimo
1343 2564 1691 2630 confessori
1722 2580 1947 2629 sancto
1981 2563 2079 2628 Cu
2134 2564 2363 2639 iberto,
2398 2586 2512 2645 pa·

217 2666 390 2715 trono
413 2674 588 2729 mec,
623 2666 690 2715 et
721 2654 1020 2715 omnibus
1057 2652 1328 2730 Sanctis5
1353 2674 1717 2737 corpusque
1746 2672 1960 2715 meum
1986 2650 2418 2735 sepeliendum
2448 2648 2512 2712 in

224 2737 462 2803 Galilea
517 2738 802 2803 ecclesiae
855 2737 1254 2805 Cathedralis
1311 2738 1769 2803 Dunelmensis
1811 2739 2009 2824 juxta
2036 2738 2351 2803 feretrum
2374 2738 2517 2799 sive

219 2826 491 2889 tumbam
533 2824 934 2890 Venerabilis
964 2828 1160 2912 patris
1189 2826 1392 2891 sancti
1429 2826 1658 2903 Bedae,
1690 2838 1843 2890 ante
1860 2826 2063 2890 altare
2086 2824 2171 2889 ad
2194 2826 2511 2889 honorem

218 2910 492 2993 ejusdem
543 2911 752 2977 sancti
793 2927 1252 2978 constructum.
1345 2914 1456 2977 Do
1505 2914 1705 2978 eciam
1759 2924 1827 2976 et
1858 2912 2004 2997 lego
2034 2934 2153 2997 pro
2180 2911 2511 2995 sepultura

219 3018 352 3061 mea
396 2998 642 3065 ibidem
693 2998 872 3064 dicto
908 3000 1364 3085 gloriosissimo
1397 3000 1767 3066 confessori
1796 3014 2019 3065 sancto
2052 2997 2415 3063 Cuthberto
2444 3013 2513 3061 et

219 3084 498 3149 ecclesiae
532 3108 667 3149 suae
697 3087 1026 3172 praedictae
1057 3111 1256 3152 unum
1289 3088 1611 3175 integrum
1642 3100 1708 3151 et
1738 3086 2049 3171 optimum
2084 3106 2298 3149 meum
2325 3087 2515 3149 vesti-

219 3184 496 3237 mentum
545 3172 628 3237 de
669 3195 882 3258 panno
935 3196 1129 3239 aureo
1173 3176 1354 3239 rubei
1385 3173 1661 3250 coloris3
1708 3172 2005 3236 videlicet
2036 3194 2228 3235 unam
2261 3182 2513 3255 capamy

218 3278 399 3322 unam
457 3261 761 3337 casulam,
824 3261 984 3325 duas
1045 3260 1392 3338 tuniculos‚
1453 3284 1600 3325 cum
1661 3273 1803 3325 toto
1854 3273 2166 3359 apparatu
2222 3258 2511 3344 ejusdem

220 3358 422 3414 sectae.
521 3347 686 3411 Item
717 3347 868 3412 volo
897 3362 964 3412 et
995 3348 1223 3413 ordino
1253 3349 1426 3436 quod
1457 3348 1795 3413 familiares
1827 3370 1954 3411 mei
1984 3344 2251 3431 hospicii
2286 3366 2513 3409 omnes

221 3445 284 3494 et
321 3432 555 3518 singuli
599 3434 883 3498 habeant
927 3448 996 3499 et
1039 3436 1393 3521 percipiant
1423 3459 1541 3499 sua
1571 3436 1761 3500 feoda
1790 3434 2047 3519 integra
2066 3435 2159 3499 eis
2188 3449 2254 3498 et
2286 3454 2511 3497 eorum

221 3518 472 3585 cuilibet
503 3533 695 3585 antea
721 3522 941 3586 debita
969 3536 1037 3586 et
1067 3545 1150 3587 ex
1182 3546 1326 3587 mea
1356 3522 1615 3607 speciali
1644 3523 1863 3609 gracia
1892 3522 2135 3587 eisdem
2164 3521 2246 3585 ad
2280 3520 2520 3585 festum

221 3607 412 3671 sancti
469 3607 738 3671 Martini
789 3608 852 3671 in
900 3609 1108 3673 hieme
1144 3611 1282 3696 jam
1335 3609 1631 3694 proxime
1679 3609 1965 3674 futurum
1997 3630 2319 3674 concessa.
2413 3609 2519 3673 Ita

220 3694 385 3777 quod
415 3694 614 3759 iidem
643 3695 986 3761 familiares
1017 3696 1162 3775 mei,
1197 3697 1249 3761 si
1283 3697 1620 3773 voluerint,
1646 3696 1709 3759 in
1735 3696 2027 3782 hospicio
2050 3720 2197 3760 meo
2224 3696 2306 3759 de
2338 3696 2515 3758 Auk-

221 3778 365 3845 land
417 3804 616 3869 usque
664 3781 730 3846 iu
775 3782 1010 3847 festum
1063 3784 1444 3869 proedictum
1499 3783 1751 3847 insimul
1794 3794 2232 3867 permaneant,
2282 3795 2513 3849 mutuo

221 3866 576 3953 diligentem
601 3869 864 3935 edentes
881 3871 1082 3935 eciam
1107 3886 1174 3937 et
1195 3871 1496 3936 bibentes
1524 3870 1883 3956 sumptibus
1913 3868 2069 3934 meis
2100 3884 2168 3932 et
2193 3869 2515 3952 expensis.

223 3954 380 4019 Item
410 3957 558 4020 volo
589 3971 658 4020 et
687 3958 976 4022 concedo
1005 3958 1181 4044 quod
1209 3958 1402 4023 iidem
1436 3958 1775 4023 familiares
1800 3956 1944 4033 mei,
1979 3956 2148 4019 ultra
2177 3976 2293 4017 sua
2324 3952 2523 4019 feoda

223 4041 435 4107 debita
477 4058 544 4107 et
587 4066 911 4122 concessa,
934 4047 1131 4130 juxta
1159 4045 1579 4111 discreciones
1611 4056 2029 4109 executor-um
2062 4055 2130 4107 et
2158 4043 2521 4124 superviso-

221 4146 353 4191 rum
385 4152 676 4195 meorum
721 4154 838 4216 per
879 4132 1144 4196 modum
1175 4131 1711 4201 remuneracionis
1740 4130 1979 4216 aliquid
2024 4127 2419 4213 percipiant3
2468 4128 2525 4193 si

221 4229 286 4277 et
315 4230 638 4302 quatenus·
679 4220 850 4283 bona
878 4242 1042 4297 mea,
1077 4219 1309 4284 debitis
1341 4218 1495 4283 meis
1527 4218 1769 4294 solutis,
1804 4232 1871 4281 et
1892 4215 2193 4281 deductis
2217 4218 2525 4280 oneribus

223 4304 604 4382 necessariis,
655 4306 740 4369 ad
785 4306 910 4371 hoc
953 4306 1290 4371 sufficiant.
1385 4306 1557 4369 Item
1600 4306 1687 4369 do
1717 4320 1782 4368 et
1814 4304 1959 4391 lego
1994 4302 2270 4366 Thomas
2305 4304 2521 4380 Nevil,

224 4388 438 4454 scolari
457 4390 520 4454 in
545 4406 772 4457 tenera
801 4407 995 4458 aetate
1027 4395 1402 4467 constituto,
1438 4393 1519 4456 ad
1543 4391 2013 4455 exhibicionem
2034 4412 2233 4467 suam,
2262 4405 2523 4453 centum

225 4496 475 4546 marcas.
573 4480 740 4545 Item
787 4482 876 4546 do
929 4494 996 4546 et
1045 4482 1194 4565 lego
1243 4478 1591 4563 Radulpho
1628 4478 1865 4559 Nevill‚
1900 4478 2079 4543 fratri
2111 4500 2227 4542 suo
2249 4476 2519 4563 juniori,

1317 4588 1358 4629 Y
1407 4572 1446 4630 3
