3000 5117
485 447 778 522 cccclvi.
933 473 1140 526 rus-r.
1177 469 1547 526 nouam.
1598 469 2065 526 semri-onas
2117 471 2333 526 raus·

825 919 1048 966 cchv.
1097 919 1433 966 VISITATIO
1468 921 1740 967 ECCLES.
1774 919 2091 968 DUNELM.
2186 917 2429 964 MDLVI.

607 1066 794 1131 [From
830 1081 897 1116 an
936 1065 1206 1132 imperfect
1240 1082 1398 1132 paper
1431 1066 1577 1126 book,
1601 1067 1655 1116 in
1692 1065 1783 1116 the
1806 1061 1953 1114 office
1974 1063 2037 1115 of
2050 1064 2143 1116 the
2164 1065 2432 1130 Regina-ar
2452 1063 2516 1116 of
2540 1063 2637 1117 the

1189 1135 1340 1186 Deau
1373 1135 1474 1186 and
1501 1135 1743 1202 Chapter.
1812 1133 1929 1190 Pol.
1950 1135 2061 1199 30.]
2276 1158 2283 1170 ·

559 1276 958 1341 Cuthbertus
981 1275 1398 1360 permissione
1424 1275 1643 1338 divina
1669 1273 2127 1338 Dunelmensis
2148 1272 2513 1360 Episcopus
2527 1273 2777 1340 dilecto

465 1364 651 1428 nobis
693 1363 758 1427 in
824 1363 1083 1429 Christo
1133 1363 1477 1428 venerabili
1542 1363 1681 1426 viro
1734 1360 2041 1450 magistro
2105 1360 2382 1425 Thomae
2446 1362 2774 1438 Watson,

463 1475 663 1517 sacrae
709 1451 1057 1540 theologiae
1101 1451 1472 1537 professori,
1508 1450 1780 1515 Decano
1812 1449 2099 1514 ecclesiae
2130 1463 2368 1513 nostrae
2400 1449 2773 1514 Cathedra-

461 1539 538 1604 lis
561 1539 1040 1618 DunelmensiS,
1074 1555 1141 1603 et
1172 1538 1470 1603 omnibus
1502 1551 1569 1602 et
1600 1536 1867 1626 singulis
1892 1537 2181 1601 ecclesiae
2211 1551 2449 1602 nosuae
2472 1539 2770 1604 Canoni-

457 1626 548 1692 cis
581 1641 643 1692 et
679 1627 1149 1692 Praebendariis
1197 1629 1279 1692 de
1315 1626 1620 1711 Capitulo
1668 1626 1976 1712 ejusdem,
2028 1626 2319 1704 salutem,
2372 1625 2649 1714 gratiam
2698 1639 2769 1692 et

457 1714 996 1784 benedictionem.
1095 1717 1262 1781 Cum
1294 1716 1703 1779 ecclesiarum
1759 1713 2040 1777 visitatio
2094 1714 2175 1777 ab
2238 1714 2545 1799 apostolis
2606 1715 2765 1780 ideo

457 1802 752 1868 instituta
779 1806 880 1882 sit,
917 1821 988 1868 ut
1029 1804 1228 1869 semel
1262 1804 1663 1888 predicatum
1716 1825 1937 1866 verum
1983 1801 2109 1866 Dei
2138 1801 2403 1866 verbum
2436 1802 2763 1868 firmiores

455 1890 702 1956 radices
735 1891 794 1954 in
821 1892 949 1956 fide
985 1893 1228 1958 Christi
1261 1893 1582 1977 suscipiat,
1618 1906 1683 1954 et
1712 1891 1886 1954 bona
1915 1890 2283 1954 communia
2310 1889 2757 1968 ecclesiarum,

453 1980 536 2042 ad
568 1979 698 2043 Dei
729 1979 1151 2044 ministerium
1199 1980 1519 2054 ordinata,
1552 2000 1683 2043 non
1730 1978 1813 2043 ad
1860 1980 2142 2062 privatos
2178 2001 2328 2042 usus
2358 1977 2755 2043 transferan-

449 2081 573 2144 tur,
599 2065 712 2129 sed
743 2067 824 2130 ad
857 2090 1263 2132 communem
1289 2090 1470 2131 usum
1505 2066 1701 2130 totius
1733 2067 2019 2130 ecclesiae
2052 2065 2334 2131 fideliter
2360 2088 2755 2131 conserven-

451 2167 573 2231 tur,
609 2165 673 2217 et
703 2177 824 2240 per
855 2153 978 2219 hoc
1027 2169 1226 2220 status
1258 2155 1546 2220 ecclesiae
1594 2154 1836 2240 absque
1883 2154 2270 2219 detrimento
2302 2167 2749 2239 perpetuetur,

449 2241 618 2316 ideo,
652 2263 792 2318 nos,
829 2242 1247 2321 CuthbertuS,
1279 2242 1695 2328 permissione
1728 2243 1947 2306 divina
1978 2241 2436 2307 Dunelmensis
2476 2241 2753 2327 Episco-

447 2351 586 2413 puS,
620 2332 1082 2415 comperientes
1111 2331 1176 2394 in
1205 2330 1327 2396 hac
1357 2344 1576 2395 nostra
1596 2331 1961 2394 visitatione
1988 2353 2137 2395 vasa
2154 2330 2476 2418 quaedam,
2508 2331 2751 2415 partim

445 2439 646 2494 sacra,
682 2416 911 2502 partim
943 2419 1297 2506 prophana,
1351 2419 1434 2483 ad
1466 2441 1873 2482 communem
1906 2441 2090 2482 usum
2124 2417 2412 2484 ecclesiae
2442 2441 2481 2482 a
2510 2418 2750 2484 funda-

448 2518 585 2569 tore
617 2505 856 2571 donata
886 2531 1046 2586 esse,
1081 2531 1225 2594 quae
1246 2508 1384 2592 jam
1444 2531 1573 2570 non
1624 2520 2021 2592 comparent,
2054 2507 2166 2570 sed
2198 2531 2237 2570 a
2286 2506 2553 2571 Decano
2586 2521 2653 2572 et
2706 2531 2747 2572 a

443 2592 766 2672 fratribuS,
801 2595 908 2682 qui
943 2611 1096 2660 tunc
1129 2596 1386 2662 fuerunt
1415 2595 1497 2658 de
1535 2595 1859 2680 Capitu10‚
1898 2608 2198 2680 tanquam
2230 2595 2481 2679 privata
2511 2609 2578 2658 et
2607 2616 2747 2661 non

442 2685 809 2746 communia
861 2685 1026 2748 inter
1077 2682 1253 2769 ipsos
1301 2683 1644 2748 distributa
1692 2682 1976 2761 fuerunt,
2034 2705 2234 2769 usque
2282 2681 2364 2746 ad
2418 2703 2740 2748 summam

438 2770 844 2857 septuaginta
878 2771 1186 2836 librarum
1219 2795 1288 2836 se
1331 2770 1771 2844 extendentia,
1806 2792 1947 2842 nOS‚
1976 2770 2229 2833 illorum
2260 2771 2742 2836 estimationem

436 2857 892 2922 restituendam
976 2883 1113 2924 esse
1168 2859 1454 2923 ecclesiae
1504 2859 1583 2923 ab
1644 2856 2099 2922 executoribus
2184 2857 2455 2936 Decani,
2540 2859 2741 2924 bonae

439 2944 784 3025 memoriae,
813 2948 920 3034 qui
954 2961 1109 3013 tunc
1134 2947 1273 3027 fuit,
1309 2963 1374 3011 et
1404 2970 1444 3010 a
1473 2947 1779 3012 fratribus
1809 2945 2100 3030 Capituli
2132 2945 2345 3010 adhuc
2378 2947 2742 3031 superstiti-

438 3031 576 3110 bus,
605 3034 714 3120 qui
741 3049 892 3100 ωηο
923 3035 1200 3113 fuerunt,
1233 3036 1405 3100 intra
1451 3035 1737 3120 spacium
1770 3033 2049 3100 duorum
2080 3055 2389 3098 annorum
2424 3037 2733 3120 proximo

431 3123 836 3206 sequentium
869 3147 906 3187 a
937 3125 1199 3208 singulis
1229 3123 1555 3200 fratribuS,
1603 3122 1712 3208 qui
1744 3136 1896 3186 tunc
1944 3121 2207 3186 fuerunt
2260 3121 2343 3185 de
2396 3123 2729 3208 Capitale,

427 3222 493 3272 et
537 3209 878 3295 participes
923 3210 1093 3277 illius
1151 3209 1624 3276 distributionis
1656 3211 2025 3287 extiterunt,
2082 3209 2541 3275 restituendam
2588 3233 2733 3277 esse

427 3294 824 3362 decrevimus
879 3313 945 3364 et
997 3299 1416 3388 injnmgimus3
1464 3298 1762 3363 videlicet
1802 3320 1995 3361 unum
2056 3296 2393 3362 dimidium
2454 3321 2729 3364 summae

422 3383 734 3469 predictae
780 3400 930 3451 ante
961 3387 1194 3452 festum
1231 3388 1633 3452 Penticostes
1666 3384 1965 3471 proximo
2004 3384 2313 3464 futurum,
2347 3399 2413 3451 et
2442 3387 2727 3453 alterum

423 3471 761 3537 dimidium
794 3488 944 3539 ante
995 3475 1226 3539 festum
1265 3476 1663 3541 Penticostes
1704 3495 1791 3538 ex
1844 3486 1998 3538 tunc
2057 3474 2357 3560 proximo
2415 3497 2724 3562 sequens,

424 3559 600 3646 quod
653 3562 777 3624 erit
823 3560 890 3625 in
939 3583 1109 3627 anno
1155 3563 1424 3627 Domini
1473 3563 1818 3627 millesimo
1850 3562 2368 3650 quingentesimo
2400 3563 2721 3650 quinqua—

417 3645 663 3734 gesimo
690 3661 919 3713 octavo
943 3673 961 3726 3
1011 3665 1339 3716 monentes
1373 3653 1716 3717 Decanum
1746 3665 1813 3716 et
1862 3651 2235 3736 Capitulum
2264 3664 2622 3736 proesentes
2652 3664 2722 3717 et

419 3759 643 3802 eorum
673 3760 1087 3818 successoreS,
1116 3753 1188 3804 ut
1220 3743 1535 3804 bonorum
1561 3739 1819 3803 illorum
1850 3741 2323 3804 estimationem
2348 3737 2715 3804 restitutam

413 3837 479 3891 et
497 3841 938 3910 recuperatam
969 3829 1034 3891 in
1056 3849 1244 3892 usum
1267 3827 1555 3894 ecclesiae
1573 3828 1655 3891 ad
1681 3828 2071 3912 emptionem
2096 3849 2393 3891 saeorum
2414 3849 2718 3893 vasorum

413 3937 486 3978 ar
531 3928 891 3991 enteorum,
927 3915 1204 3982 videlicit
1235 3916 1460 3994 cruciS,
1495 3915 1829 3992 thuribuli,
1864 3915 2221 4000 phialarum
2245 3928 2359 3979 aut
2380 3937 2714 3982 sacrorum

409 3939 698 4080 calicum,
735 4005 952 4068 statim
985 4021 1128 4089 post
1160 4018 1552 4070 transactum
1603 4017 1853 4088 tempus
1883 4003 2341 4088 praestitutum,
2374 4019 2572 4090 prout
2616 4007 2715 4071 eis

409 4091 610 4178 magis
664 4092 974 4176 expedire
1026 4094 1366 4171 videbitur,
1415 4094 1589 4157 bona
1634 4091 1763 4155 fide
1812 4091 2207 4175 impendant.
2306 4090 2394 4155 Et
2422 4115 2500 4156 ea
2528 4114 2717 4158 sacra

411 4199 580 4254 vasa,
616 4177 705 4241 sic
735 4193 971 4264 empta,
1017 4182 1100 4246 ad
1133 4206 1317 4246 usum
1349 4181 1637 4246 ecclesiae
1670 4180 1735 4243 in
1768 4180 2118 4243 ministerio
2149 4179 2370 4242 divino
2400 4180 2713 4246 decenter

407 4268 474 4330 in
529 4265 818 4330 futurum
868 4270 1328 4348 conservanda,
1362 4271 1524 4333 sicut
1574 4268 1789 4332 omnia
1834 4266 1957 4330 alia
1987 4288 2169 4330 sacra
2213 4281 2279 4331 et
2322 4268 2709 4334 vestimenta

396 4351 681 4419 ecclesiae
730 4367 966 4419 nostrae
999 4379 1168 4422 nunc
1211 4357 1278 4422 in
1329 4357 1551 4422 Indice
1596 4369 1663 4420 et
1694 4353 2065 4420 Inventario
2097 4356 2285 4420 nobis
2313 4354 2611 4420 exhibito
2642 4375 2712 4423 et

397 4463 594 4507 manu
623 4452 844 4506 nostra
871 4443 1235 4530 subscripto
1257 4460 1583 4522 contenta,
1608 4442 1989 4508 reservanda
2016 4465 2156 4508 esse
2186 4442 2255 4506 in
2287 4464 2471 4506 usum
2494 4444 2707 4509 eccle-

404 4530 518 4594 siae
557 4526 982 4599 decernimus.
1077 4531 1168 4598 Et
1211 4535 1364 4620 quia
1391 4533 1459 4599 in
1489 4532 1761 4620 singulis
1790 4529 2075 4598 ecclesiis
2104 4530 2376 4597 clericos
2406 4531 2703 4600 ecclesiae
