3000 5117
750 470 1171 528 Arrnxmx.
1215 471 1394 524 Ami.
1437 471 1829 521 mcccxw.
2240 446 2447 520 cxxxi

188 637 418 702 beracio
481 634 946 721 subsequencia
1015 633 1194 720 quod
1268 630 1801 699 confirmaciones
1859 636 2019 714 [ita]
2078 627 2445 713 indigentes

183 723 458 811 indagine
507 722 970 806 circumspecta
1014 741 1090 784 ac
1135 720 1432 804 graviora
1479 717 1752 803 negocia
1778 741 1887 784 eos
1916 717 2231 804 equaliter
2260 716 2445 780 sicud

181 833 278 874 nos
325 809 655 894 tangencia
703 829 852 896 quie
897 828 1044 872 cum
1093 829 1328 891 magna
1374 805 1741 870 maturitate
1788 819 1857 869 et
1902 825 2191 904 congrua
2231 800 2445 868 decidi

183 897 451 961 convenit
495 909 564 960 et
595 905 876 980 oportet,
923 894 990 958 in
1028 891 1208 958 dicto
1235 894 1551 958 duntaxat
1570 893 1857 978 capitulo
1884 893 2181 955 omnibus
2209 911 2446 975 appro-

180 983 450 1047 bantibus
479 981 732 1048 exitum
759 979 1144 1046 decisorium
1178 979 1454 1044 finaliter
1499 979 1875 1044 sortiantur.
2002 976 2221 1052 Unde,
2254 989 2441 1058 pater

177 1069 514 1144 reverende,
560 1079 932 1152 reputantes
961 1064 1246 1150 negocia,
1279 1080 1347 1132 et
1375 1065 1715 1152 presertim
1760 1063 2006 1128 domini
2060 1062 2319 1127 Radulfi
2350 1062 2437 1126 de

178 1155 384 1232 Nevill,
405 1177 522 1240 pro
543 1155 776 1255 quibus
793 1155 930 1240 jam
961 1151 1319 1238 scripsistis,
1343 1167 1409 1218 et
1436 1151 1707 1217 consilia
1733 1152 1939 1216 ardua
1957 1147 2437 1238 quodammodo

179 1257 232 1306 et
257 1243 332 1307 de
351 1239 588 1308 difficih
617 1242 762 1306 fieri
791 1253 1120 1316 consueta,
1167 1261 1249 1304 ne
1293 1238 1548 1324 praefati
1576 1237 1931 1304 confratres
1962 1235 2163 1301 nostri
2195 1234 2441 1301 extrin-

177 1327 284 1392 seci
315 1351 425 1392 nos
446 1349 720 1412 arguere
739 1328 992 1392 valeant
1015 1326 1209 1390 fuisse
1235 1325 1420 1390 nimis
1437 1325 1809 1411 precipites,
1840 1336 1903 1388 et
1938 1324 2019 1389 ad
2051 1322 2439 1388 decisionem

173 1415 560 1500 negociorum
591 1412 956 1502 hujusmodi
987 1425 1252 1498 propter
1279 1412 1376 1476 sui
1413 1411 1825 1487 arduitatem,
1852 1409 2009 1494 ipsis
2038 1407 2435 1484 inconsultis,

175 1500 426 1566 indebite
453 1499 856 1583 processisse,
887 1498 971 1563 ad
1001 1521 1081 1564 ea
1107 1498 1525 1585 expedienda
1552 1498 1827 1562 finaliter
1855 1511 1925 1562 et
1954 1495 2203 1584 precise
2232 1517 2438 1582 usque

172 1587 238 1650 ad
265 1587 483 1652 annale
507 1587 858 1672 capitulum
881 1585 1058 1672 quod
1082 1583 1206 1650 erit
1231 1584 1404 1650 circa
1432 1584 1665 1649 festum
1690 1583 1894 1648 sancti
1926 1583 2239 1648 Johannis
2270 1582 2438 1668 Bap-

175 1673 314 1738 tistae
351 1674 654 1738 duximus
697 1672 1213 1771 expectandum:
1263 1683 1418 1737 tunc
1463 1671 1656 1748 enim,
1688 1671 2037 1770 recedente
2068 1669 2441 1734 nube.nune

170 1781 343 1910 3333?
345 1774 568 1912 3333:
569 1781 826 1911 21:323?
849 1757 1825 1930 :ssffzssffi'ng‘imsspfflzzlt'
1851 1755 2439 1919 ῗῖἓξίῗέηᾚῗὴῖῗῗξ

172 1945 232 1994 ut
257 1955 596 2018 speramus.
697 1931 925 1996 Valeat
959 1943 1169 1994 vestra
1212 1931 1569 1995 reverenda
1613 1931 1965 2015 paternitas
1994 1929 2103 1992 diu
2134 1949 2441 2014 prospera

171 2032 225 2082 et
240 2019 534 2102 jocunda.
629 2019 804 2084 Data
835 2015 1168 2095 Duuolmi,
1199 2017 1490 2083 secundo
1521 2017 1627 2082 die
1657 2015 1943 2082 Januarii
1973 2020 2327 2102 [ΒΜ-5.]

317 2419 452 2479 ΘΚΒ
527 2429 788 2480 QUIBTA
851 2429 1204 2482 cLAMAclo
1267 2429 1356 2474 DE
1419 2430 1707 2484 Quonim
1772 2431 2125 2476 MESUAGIO
2186 2429 2260 2474 m

771 2515 1060 2560 Lonnon
1096 2516 1169 2561 ΙΝ
1206 2515 1546 2562 numnam)
1570 2518 1821 2570 STnn'r„

1033 2631 1198 2702 [Raeg.
1223 2634 1302 2686 Η.
1319 2635 1364 2685 r.
1395 2638 1532 2702 ιη]

235 2743 543 2811 Noverint
577 2745 856 2811 universi
887 2767 1004 2810 nos
1037 2747 1399 2813 ,Iohannem
1435 2749 1673 2814 Fossor
1702 2749 1995 2815 Priorem
2032 2749 2442 2814 Dunolmen·

163 2851 272 2893 sem
301 2846 363 2897 et
383 2833 672 2920 ejusdem
695 2833 818 2898 loci
845 2833 1254 2900 conventum
1272 2835 1684 2914 concessisse,
1712 2837 2047 2912 remisisse,
2074 2851 2139 2900 et
2173 2835 2438 2899 omnino

72 2963 75 2980 ,
161 2915 228 2980 de
255 2919 429 2983 nobis
459 2933 526 2984 et
561 2921 1034 2985 successoribus
1078 2921 1308 2985 nostris
1349 2924 1643 3010 quietum
1674 2922 2001 3001 clamasse,
2044 2921 2324 2986 Ricardo
2354 2920 2436 2984 de

72 3019 75 3078 ξ
161 3001 212 3066 la
257 3003 404 3069 Pole
457 3005 670 3084 militi,
719 3021 786 3070 et
829 3005 1147 3071 Johannae
1195 3009 1380 3072 uxori
1425 3011 1585 3095 ejuS,
1621 3023 1827 3072 totum
1856 3012 1973 3094 jus
2016 3023 2085 3072 et
2115 3009 2435 3072 clameum

72 3139 74 3158 ;
158 3109 282 3188 ¹3⁰.oe
310 3090 667 3169 habuimus,
693 3093 796 3155 vel
825 3093 1042 3194 aliquo
1073 3095 1267 3158 modo
1294 3093 1532 3160 habere
1558 3095 1937 3180 poteri-mus,
1972 3095 2035 3158 in
2069 3115 2197 3158 uno
2230 3115 2436 3156 mesu-

72 3191 74 3196 ’
159 3195 284 3256 agio
309 3199 450 3242 cum
485 3177 900 3264 pertinenciis
931 3202 994 3243 m
1029 3179 1323 3245 London.
1342 3179 1415 3244 in
1448 3181 1589 3246 vico
1615 3195 1843 3245 vocato
1869 3180 2201 3245 Lumbard
2230 3181 2428 3246 Stret.

168 3258 240 3324 Et
270 3265 441 3350 jacet
487 3265 738 3330 dictum
784 3265 1179 3348 mesuagium
1225 3289 1318 3332 ex
1359 3282 1543 3352 parte
1586 3267 1882 3332 orientali
1912 3268 2199 3332 ecclesiae
2228 3265 2433 3332 sancti

163 3344 460 3448 Edmundi
507 3365 579 3416 et
623 3350 914 3416 cimiterii
959 3353 1246 3437 ejusdem
1291 3354 1601 3418 ecclesioe.
1696 3354 2077 3418 Remisimus
2120 3353 2325 3422 eciam
2352 3366 2433 3416 et

161 3449 418 3532 quietum
445 3437 889 3515 clamavimus,
919 3460 1042 3524 pro
1087 3439 1268 3503 nobis
1312 3453 1380 3504 et
1406 3440 1879 3506 successoribus
1909 3440 2159 3518 nostris,
2190 3439 2435 3506 eisdem

165 3518 416 3619 &cardo
445 3543 518 3588 et
563 3523 909 3601 Johannae,
942 3538 1006 3589 et
1057 3547 1286 3590 eorum
1327 3526 1691 3605 heredibus,
1724 3527 2096 3594 omnimoda
2122 3525 2435 3604 redditus,

160 3624 530 3688 aisiamenta,
553 3625 622 3675 et
639 3609 948 3695 proficua,
961 3611 1055 3675 de
1075 3611 1250 3676 dicto
1269 3613 1598 3698 mesuagio
1611 3614 1941 3692 exeuncia,
1954 3614 2429 3700 proveniencia,

159 3695 567 3780 percipienda,
618 3697 718 3761 vel
763 3695 1104 3774 habenda3
1151 3699 1244 3763 ita
1271 3700 1448 3784 quod
1492 3721 1535 3764 a
1563 3700 1758 3766 modo
1798 3701 1866 3764 in
1897 3699 2435 3782 dictomesuagio

159 3795 257 3842 nee
282 3779 344 3845 in
365 3781 596 3870 aliquo
639 3781 895 3846 redditu
941 3782 1094 3849 inde
1137 3800 1422 3850 exeunte
1467 3786 1567 3850 vel
1614 3787 2051 3871 proveniente,
2087 3787 2189 3852 vel
2220 3788 2285 3854 in
2303 3785 2433 3848 ati·

157 3866 359 3962 quibus
375 3869 686 3953 proficuis
710 3868 810 3934 vel
832 3868 1220 3935 aisiamentis
1251 3871 1488 3936 ibidem
1512 3872 1843 3949 habendis,
1854 3873 1965 3957 jus
1989 3873 2089 3937 vel
2106 3873 2432 3938 -olameum

157 3971 384 4035 exigere
417 3955 523 4019 vel
553 3953 890 4020 vendicare
919 3976 1049 4019 non
1080 3956 1452 4040 poterimus,
1480 3958 1601 4023 sed
1644 3959 1727 4024 a'b
1744 3957 1923 4024 onmi
1955 3961 2103 4044 jure
2126 3956 2435 4039 mesuagii

155 4039 442 4140 praedicti,
477 4055 548 4106 et
591 4040 1050 4129 cujuscumque
1101 4043 1412 4121 redditus,
1466 4045 1757 4129 proficui,
1790 4057 1858 4108 et
1886 4043 2243 4108 aisiamenti
2284 4042 2435 4107 inde

158 4127 673 4204 proveniencium,
721 4149 840 4190 nos
885 4141 955 4192 et
993 4150 1386 4194 successores
1417 4145 1671 4196 :nostros
1699 4129 2099 4194 excludimus
2129 4151 2246 4214 per
2274 4151 2440 4214 prae·

156 4224 344 4275 sentes
386 4212 602 4298 sigillo
643 4225 867 4278 nostro
910 4215 1235 4280 communi
1266 4217 1567 4302 signatas.
1664 4215 1818 4280 Hiis
1848 4215 2136 4293 testibus,
2174 4216 2438 4302 Rogero

213 4385 238 4414 ⁶
249 4385 304 4464 '⁸‘
325 4385 413 4434 Vel
424 4386 498 4433 nio
515 4384 760 4463 pendeo·
773 4389 1035 4455 responsio
1051 4389 1198 4440 nobis
1211 4387 1277 4441 de
1291 4404 1447 4456 nuper
1461 4385 1831 4442 medenda?
1878 4387 2054 4442 These
2074 4387 2237 4439 words
2253 4407 2342 4444 are
2356 4390 2436 4446 lu-

159 4449 362 4502 lerlmed
384 4459 440 4502 at
465 4453 574 4504 thu
599 4453 761 4504 uiark.
1237 4542 1258 4584 ι
1309 4525 1350 4583 2
