3000 5117
989 543 1405 598 amitam.
1461 545 1645 595 ΛΜΝ.
1688 545 1985 595 mium.
2332 519 2625 596 ccccxiii

689 1038 1028 1084 'CCCXXHL
1076 1037 1492 1084 INDBNTURA
1520 1035 1785 1086 2110!AE
1810 1039 2269 1091 HMEWBL'L·

1188 1179 1366 1249 meg.
1393 1179 1464 1230 V.
1497 1179 1587 1232 foi.
1618 1179 1755 1244 m]

422 1320 590 1386 Haec
631 1321 980 1386 ‘indentura
1023 1321 1197 1385 facta
1226 1321 1392 1385 inter
1421 1320 1749 1385 Thomam
1782 1321 2201 1404 permissione
2230 1323 2448 1390 divina
2496 1324 2635 1390 Pri-

327 1430 512 1472 orem
579 1408 867 1472 ecclesioe
932 1407 1326 1472 cathedralis
1406 1405 1881 1485 Dunelmensis,
1930 1429 2014 1471 ex
2086 1430 2214 1472 una
2287 1423 2493 1495 parte,
2570 1426 2639 1477 et

333 1495 656 1559 Tbomam
711 1494 1079 1559 Hashewell
1123 1507 1472 1569 cantonem,
1508 1513 1595 1555 ex
1622 1507 1813 1592 parte
1843 1493 2067 1571 altera,
2116 1506 2413 1574 testatur,
2506 1499 2638 1564 nod

329 1580 502 1646 idem
555 1581 844 1646 Thomas
889 1594 988 1646 est
1031 1593 1323 1644 retentus
1369 1594 1436 1644 et
1480 1579 1749 1643 firmiter
1781 1581 2039 1664 juratus
2083 1582 2167 1646 ad
2234 1520 2639 1650 servienffium

328 1668 510 1732 dicto
562 1668 769 1733 Priori
832 1683 898 1734 et
943 1669 1380 1732 succesoribus
1447 1666 1601 1744 suis,
1668 1667 1833 1731 bene
1879 1681 1945 1732 et
1990 1667 2269 1733 fideiiter
2316 1693 2511 1757 usque
2555 1673 2641 1736 ad

321 1756 678 1818 terminum
727 1755 878 1821 vitae
943 1777 1098 1832 suae,
1145 1755 1264 1818 sub
1327 1756 1536 1818 forma
1598 1753 1886 1818 infrascri
1938 1767 2042 1829 ta;
2118 1755 2419 1821 videlicet
2462 1759 2641 1844 quod

329 1839 506 1906 idem
553 1842 842 1906 Thomas
891 1840 1266 1906 Hashewell
1297 1841 1440 1905 illos
1485 1841 1831 1904 monachos
1878 1775 2345 1907 fiunelmenses
2390 1859 2459 1908 et
2486 1859 2639 1909 octo

331 1949 566 2011 pueros
611 1929 946 2005 seculareS‚
1041 1951 1154 1992 uos
1191 1928 1378 1992 Prior
1411 1925 1884 2005 DunelmensiS,
1939 1927 2039 1991 vel
2088 1929 2226 2014 ejus
2272 1931 2639 2016 deputatus,

325 2017 750 2098 assignaverit
795 2015 912 2079 sibi
959 2037 998 2079 a
1073 2014 1476 2092 discendum,
1504 2014 1754 2078 assidue
1801 2029 1867 2078 et
1898 2014 2241 2098 diligenter
2284 2030 2349 2081 et
2396 2018 2643 2084 meliori

324 2103 548 2179 modo,
597 2124 728 2188 quo
773 2103 1047 2179 sciverit,
1097 2114 1226 2166 tam
1259 2101 1342 2166 ad
1397 2100 1855 2166 modulandum
1902 2123 2095 2186 super
2140 2125 2402 2192 organa,
2448 2127 2643 2192 quam

329 2189 414 2252 ad
447 2189 708 2272 planum
736 2203 997 2253 cantum
1029 2203 1094 2254 et
1126 2189 1521 2274 organicum,
1555 2188 1965 2252 decantando
1994 2188 2238 2254 scilicet
2268 2189 2638 2280 planesong,

329 2275 644 2360 priknott,
691 2274 1030 2353 faburdon,
1077 2275 1392 2353 dischant,
1441 2285 1819 2351 swarenote‚
1868 2287 1935 2338 et
1984 2289 2273 2354 countre,
2327 2291 2643 2365 quantum

321 2363 396 2424 in
423 2362 572 2446 ipso
602 2375 701 2426 est
741 2362 942 2447 gratis
987 2362 1306 2427 laborabit
1350 2378 1418 2429 et
1463 2361 1851 2427 informabit.
1946 2365 2047 2426 Ac
2090 2362 2375 2446 prefatos
2421 2386 2644 2430 mona-

338 2449 494 2512 cbos
526 2463 591 2512 et
623 2463 776 2512 octo
807 2471 1060 2534 puerOS‚
1110 2463 1180 2514 ut
1225 2449 1635 2534 premittitur,
1668 2459 1899 2535 quater
1926 2450 2101 2512 omni
2132 2448 2237 2512 die
2271 2449 2518 2522 feriato.
2555 2451 2647 2516 vi-

338 2535 578 2599 delicet
609 2535 704 2599 bis
735 2554 890 2600 ante
950 2535 1276 2600 meridiem
1338 2549 1404 2601 et
1449 2536 1549 2600 bis
1596 2546 1743 2619 post
1788 2533 2142 2612 meridiem,
2191 2535 2535 2623 diligenter
2576 2552 2647 2602 et

337 2621 732 2686 sufficienter
776 2621 1056 2699 docebit,
1104 2644 1452 2710 eorumque
1485 2621 1823 2697 lecciones,
1852 2620 2047 2684 nichil
2090 2621 2174 2684 ab
2205 2621 2295 2684 eis
2340 2622 2423 2686 de
2457 2624 2647 2688 dictis

335 2708 626 2772 scienciis
701 2708 830 2772 suis
903 2709 1304 2774 occultando.
1399 2708 1763 2773 Tenebitur
1837 2706 2055 2794 itaque
2125 2705 2295 2772 idem
2357 2707 2649 2775 Thomas

337 2794 705 2858 Hashewell
738 2796 1036 2859 omnibus
1067 2808 1131 2859 et
1164 2795 1426 2883 singulis
1463 2794 1690 2872 missis,
1724 2793 2022 2878 vesperis,
2067 2806 2131 2858 et
2175 2796 2357 2860 Salve
2400 2800 2640 2878 reqina,

339 2882 405 2943 in
439 2881 641 2944 choro
688 2881 972 2945 ecclesioe
1005 2881 1388 2947 cathedralis
1421 2880 1882 2946 Dunelmeusis
1914 2880 2239 2964 predictoe,
2288 2903 2433 2946 cum
2467 2883 2644 2966 prik-

337 2981 516 3044 note,
572 2966 971 3045 dischaunte,
1033 2967 1371 3046 faburdon,
1419 2983 1484 3034 et
1544 2967 1855 3055 organico
1902 2982 2092 3031 cantu
2154 2969 2543 3052 conjunctim
2574 2981 2643 3034 et

337 3054 590 3117 divisim
651 3054 1074 3133 celebrandis,
1127 3077 1167 3119 a
1227 3055 1539 3142 principio
1588 3052 2041 3139 praedictorum
2086 3066 2387 3118 cantuum
2437 3078 2640 3142 usque

339 3140 424 3204 ad
456 3141 652 3204 finem
714 3141 988 3218 illorum,
1051 3141 1167 3206 nisi
1202 3143 1410 3228 ipsum
1460 3140 1676 3228 aliqua
1726 3139 2016 3224 legitima
2065 3161 2258 3204 causa
2309 3141 2639 3226 impediat,

339 3227 762 3310 personaliter
786 3227 1111 3308 interesse,
1136 3228 1529 3294 modulando
1554 3228 1793 3293 ibidem
1812 3247 2001 3310 super
2023 3247 2283 3308 organa,
2308 3227 2361 3292 si
2380 3250 2640 3294 necesse

335 3313 555 3393 fuerit,
608 3334 1026 3402 tenoremque
1078 3316 1158 3380 ad
1206 3329 1428 3380 cantus
1477 3313 1875 3404 supradictos
1926 3313 2239 3391 canendn,
2297 3325 2410 3379 aut
2454 3313 2645 3380 aliam

336 3415 592 3486 partem
650 3401 796 3466 voci
843 3425 979 3466 suae
1039 3403 1240 3489 magis
1293 3413 1779 3486 congruentem,
1840 3421 1881 3464 a
1937 3413 2321 3486 precentore
2352 3423 2463 3465 seu
2507 3403 2643 3488 ejus

341 3487 555 3551 locum
603 3501 874 3574 gerente
920 3487 1326 3574 assignatam.
1420 3489 1509 3554 Et
1558 3487 1881 3552 tenebitur
1932 3486 2170 3552 cotidie
2218 3487 2645 3573 personaliter

339 3574 646 3640 interesse
699 3576 909 3640 missae
961 3577 1172 3641 beatoe
1223 3575 1458 3640 Mariae
1520 3574 1799 3664 Virginis
1854 3597 1999 3640 cum
2054 3589 2210 3639 nota
2258 3575 2323 3639 in
2392 3575 2647 3643 Galilea

343 3661 770 3727 Dunelmensi
830 3663 1254 3741 celebrandae,
1316 3663 1609 3728 canendo
1662 3662 1743 3726 ad
1794 3663 2065 3727 eandem
2096 3662 2349 3727 missam
2382 3663 2645 3748 planum

340 3764 601 3814 cantum
632 3751 765 3815 sive
797 3751 1196 3835 organicum,
1257 3749 1507 3813 meliori
1546 3747 1740 3814 modo
1794 3771 1925 3836 quo
1979 3749 2234 3813 sciverit
2275 3763 2343 3812 et
2373 3749 2639 3848 poterit,

338 3837 505 3901 sicut
534 3837 876 3921 contigerit
899 3837 1054 3902 alios
1085 3837 1322 3902 ibidem
1343 3849 1601 3901 cantare
1630 3859 1751 3922 pro
1776 3850 2083 3920 tempore,
2116 3834 2233 3898 nisi
2264 3835 2550 3916 legitima
2578 3851 2648 3902 et

340 3943 576 4008 magna
604 3947 798 3990 causa
826 3926 1032 4010 ipsum
1064 3923 1396 4010 impediat.
1490 3923 1578 3987 Et
1608 3921 1659 3986 si
1692 3921 1831 3987 talis
1862 3943 2055 3986 causa
2084 3921 2431 4000 emerserit,
2466 3923 2645 4021 quod

335 4007 583 4077 ibidem
635 4011 899 4076 alteruis
958 4011 1203 4076 vicibus
1265 4013 1566 4075 interesse
1607 4031 1733 4073 non
1791 4007 2048 4095 poterit,
2110 4006 2305 4071 alium
2365 4024 2644 4093 peritum

337 4100 620 4164 habilem
653 4113 719 4162 et
749 4098 1080 4185 ydoneum
1113 4101 1249 4199 ejus
1278 4097 1424 4162 loco
1454 4096 1848 4180 subrogabit.
1939 4093 2295 4159 Tenebitur
2324 4097 2524 4161 eciam
2556 4097 2643 4162 ad

341 4187 754 4252 vocacionem
785 4199 1196 4270 praecentoris
1216 4185 1502 4270 praefatae
1522 4183 1808 4248 ecclesiae
1828 4181 2205 4248 cathedralis
2240 4181 2646 4247 Dunelmen-

337 4274 427 4339 sis
472 4297 586 4338 seu
633 4276 768 4362 ejus
802 4273 1016 4338 locum
1048 4273 1320 4338 tenentis
1352 4294 1469 4357 pro
1502 4270 1798 4335 cantibus
1838 4267 2274 4356 providendis.
2372 4270 2643 4355 Insuper

340 4361 514 4427 idem
578 4361 891 4438 Thomas,
963 4361 1254 4446 quolibet
1313 4381 1507 4436 anno,
1570 4358 1844 4423 durante
1917 4355 2189 4420 termino
2248 4358 2639 4442 supradicto,

343 4449 650 4536 quamdiu
684 4450 846 4514 bene
876 4462 942 4512 et
972 4447 1242 4512 comode
1271 4446 1563 4510 laborare
1596 4444 1849 4529 poterit,
1906 4463 2092 4507 unam
2128 4463 2356 4506 novam
2386 4444 2641 4507 missam

345 4557 624 4631 quatuor
657 4539 754 4606 vel
805 4537 1088 4624 quinque
1119 4536 1426 4620 parcium,
1485 4531 1588 4596 vel
1647 4530 1887 4618 aliquid
1942 4530 1999 4593 ei
2054 4529 2441 4614 equivalens,
2476 4529 2641 4596 sicut
