<?xml version="1.0" encoding="UTF-8"?>
<!DOCTYPE html PUBLIC "-//W3C//DTD XHTML 1.0 Transitional//EN"
    "http://www.w3.org/TR/xhtml1/DTD/xhtml1-transitional.dtd">
<html xmlns="http://www.w3.org/1999/xhtml" xml:lang="en" lang="en">
 <head>
  <title>
</title>
<meta http-equiv="Content-Type" content="text/html;charset=utf-8" />
  <meta name='ocr-system' content='tesseract 3.04.00' />
  <meta name='ocr-capabilities' content='ocr_page ocr_carea ocr_par ocr_line ocrx_word'/>
</head>
<body>
  <div class='ocr_page' id='page_1' title='image "./historiaedunelm00raingoog_0417.png"; bbox 0 0 3000 5117; ppageno 0'>
   <div class='ocr_carea' id='block_1_1' title="bbox 853 453 2516 529">
    <p class='ocr_par' dir='ltr' id='par_1_1' title="bbox 853 453 2516 529">
     <span class='ocr_line' id='line_1_1' title="bbox 853 453 2516 529; baseline -0.001 0"><span class='ocrx_word' id='word_1_1' title='bbox 853 473 1272 529; x_wconf 67' lang='lat' dir='ltr'><strong>Aprsumx.</strong></span> <span class='ocrx_word' id='word_1_2' title='bbox 1303 475 1488 527; x_wconf 67' lang='lat' dir='ltr'><strong>sun.</strong></span> <span class='ocrx_word' id='word_1_3' title='bbox 1530 473 1955 527; x_wconf 71' lang='lat' dir='ltr'><strong>mcccxcw.</strong></span> <span class='ocrx_word' id='word_1_4' title='bbox 2260 453 2516 527; x_wconf 75' lang='lat' dir='ltr'><strong>clxxvii</strong></span> 
     </span>
    </p>
   </div>
   <div class='ocr_carea' id='block_1_2' title="bbox 139 632 2501 4279">
    <p class='ocr_par' dir='ltr' id='par_1_2' title="bbox 139 632 2501 4279">
     <span class='ocr_line' id='line_1_2' title="bbox 172 632 2501 723; baseline 0.002 -26"><span class='ocrx_word' id='word_1_5' title='bbox 172 632 502 714; x_wconf 88' lang='lat' dir='ltr'><strong>habuerit,</strong></span> <span class='ocrx_word' id='word_1_6' title='bbox 549 655 672 721; x_wconf 84' lang='lat' dir='ltr'><strong>pro</strong></span> <span class='ocrx_word' id='word_1_7' title='bbox 716 636 954 702; x_wconf 86' lang='lat' dir='ltr'><strong>clerico</strong></span> <span class='ocrx_word' id='word_1_8' title='bbox 995 658 1193 723; x_wconf 87' lang='lat' dir='ltr'><strong>quem</strong></span> <span class='ocrx_word' id='word_1_9' title='bbox 1235 634 1498 701; x_wconf 83' lang='lat' dir='ltr'><strong>duxerit</strong></span> <span class='ocrx_word' id='word_1_10' title='bbox 1526 636 1979 701; x_wconf 82' lang='lat' dir='ltr'><strong>assumendum</strong></span> <span class='ocrx_word' id='word_1_11' title='bbox 2012 648 2289 722; x_wconf 88' lang='lat' dir='ltr'><strong>quatuor</strong></span> <span class='ocrx_word' id='word_1_12' title='bbox 2320 636 2501 702; x_wconf 87' lang='lat' dir='ltr'><strong>ulnas</strong></span> 
     </span>
     <span class='ocr_line' id='line_1_3' title="bbox 170 721 2493 807; baseline 0.002 -22"><span class='ocrx_word' id='word_1_13' title='bbox 170 721 260 785; x_wconf 88' lang='lat' dir='ltr'><strong>de</strong></span> <span class='ocrx_word' id='word_1_14' title='bbox 292 744 508 807; x_wconf 86' lang='lat' dir='ltr'><strong>panno</strong></span> <span class='ocrx_word' id='word_1_15' title='bbox 533 723 826 788; x_wconf 89' lang='lat' dir='ltr'><strong>colorato</strong></span> <span class='ocrx_word' id='word_1_16' title='bbox 847 724 928 789; x_wconf 91' lang='lat' dir='ltr'><strong>de</strong></span> <span class='ocrx_word' id='word_1_17' title='bbox 947 735 1128 788; x_wconf 87' lang='lat' dir='ltr'><strong>secta</strong></span> <span class='ocrx_word' id='word_1_18' title='bbox 1134 722 1469 807; x_wconf 87' lang='lat' dir='ltr'><strong>juniorum</strong></span> <span class='ocrx_word' id='word_1_19' title='bbox 1495 722 1870 788; x_wconf 83' lang='lat' dir='ltr'><strong>clericorum</strong></span> <span class='ocrx_word' id='word_1_20' title='bbox 1897 722 2155 801; x_wconf 86' lang='lat' dir='ltr'><strong>Prioris,</strong></span> <span class='ocrx_word' id='word_1_21' title='bbox 2180 724 2262 787; x_wconf 88' lang='lat' dir='ltr'><strong>ad</strong></span> <span class='ocrx_word' id='word_1_22' title='bbox 2290 722 2493 789; x_wconf 87' lang='lat' dir='ltr'><strong>Nata-</strong></span> 
     </span>
     <span class='ocr_line' id='line_1_4' title="bbox 168 807 2492 960; baseline 0.002 -89"><span class='ocrx_word' id='word_1_23' title='bbox 168 807 328 885; x_wconf 86' lang='lat' dir='ltr'><strong>lem,</strong></span> <span class='ocrx_word' id='word_1_24' title='bbox 350 808 654 960; x_wconf 50' lang='grc' dir='ltr'><strong>Ιὦιιεωᾱο</strong></span> <span class='ocrx_word' id='word_1_25' title='bbox 712 809 961 875; x_wconf 86' lang='lat' dir='ltr'><strong>dictum</strong></span> <span class='ocrx_word' id='word_1_26' title='bbox 1012 810 1303 875; x_wconf 82' lang='lat' dir='ltr'>Priorem</span> <span class='ocrx_word' id='word_1_27' title='bbox 1362 809 1709 893; x_wconf 86' lang='lat' dir='ltr'><strong>contigerit</strong></span> <span class='ocrx_word' id='word_1_28' title='bbox 1768 808 2221 875; x_wconf 87' lang='lat' dir='ltr'><strong>liberacionem</strong></span> <span class='ocrx_word' id='word_1_29' title='bbox 2280 810 2492 875; x_wconf 87' lang='lat' dir='ltr'><strong>facere</strong></span> 
     </span>
     <span class='ocr_line' id='line_1_5' title="bbox 165 895 2491 981; baseline 0.001 -22"><span class='ocrx_word' id='word_1_30' title='bbox 165 918 344 981; x_wconf 81' lang='lat' dir='ltr'><strong>gene</strong></span> <span class='ocrx_word' id='word_1_31' title='bbox 447 918 576 963; x_wconf 89' lang='lat' dir='ltr'><strong>em.</strong></span> <span class='ocrx_word' id='word_1_32' title='bbox 678 897 1155 962; x_wconf 76' lang='lat' dir='ltr'><strong>concesserunt</strong></span> <span class='ocrx_word' id='word_1_33' title='bbox 1199 895 1462 981; x_wconf 86' lang='lat' dir='ltr'><strong>insuper</strong></span> <span class='ocrx_word' id='word_1_34' title='bbox 1507 896 1759 981; x_wconf 78' lang='lat' dir='ltr'><strong>proefati</strong></span> <span class='ocrx_word' id='word_1_35' title='bbox 1795 897 1983 960; x_wconf 86' lang='lat' dir='ltr'><strong>Prior</strong></span> <span class='ocrx_word' id='word_1_36' title='bbox 2010 910 2079 961; x_wconf 88' lang='lat' dir='ltr'><strong>et</strong></span> <span class='ocrx_word' id='word_1_37' title='bbox 2115 896 2491 962; x_wconf 81' lang='lat' dir='ltr'>Conventus</span> 
     </span>
     <span class='ocr_line' id='line_1_6' title="bbox 166 981 2489 1069; baseline 0.002 -25"><span class='ocrx_word' id='word_1_38' title='bbox 166 981 490 1068; x_wconf 83' lang='lat' dir='ltr'><strong>magistro</strong></span> <span class='ocrx_word' id='word_1_39' title='bbox 521 982 800 1049; x_wconf 86' lang='lat' dir='ltr'><strong>Thomae</strong></span> <span class='ocrx_word' id='word_1_40' title='bbox 829 982 1203 1069; x_wconf 81' lang='lat' dir='ltr'><strong>supradicto</strong></span> <span class='ocrx_word' id='word_1_41' title='bbox 1245 984 1569 1069; x_wconf 84' lang='lat' dir='ltr'><strong>quandam</strong></span> <span class='ocrx_word' id='word_1_42' title='bbox 1602 983 2141 1048; x_wconf 84' lang='lat' dir='ltr'><strong>sustentacionem</strong></span> <span class='ocrx_word' id='word_1_43' title='bbox 2171 1005 2291 1069; x_wconf 86' lang='lat' dir='ltr'><strong>pro</strong></span> <span class='ocrx_word' id='word_1_44' title='bbox 2320 1007 2389 1049; x_wconf 88' lang='lat' dir='ltr'><strong>se</strong></span> <span class='ocrx_word' id='word_1_45' title='bbox 2419 998 2489 1049; x_wconf 90' lang='lat' dir='ltr'><strong>et</strong></span> 
     </span>
     <span class='ocr_line' id='line_1_7' title="bbox 163 1068 2485 1155; baseline 0.002 -25"><span class='ocrx_word' id='word_1_46' title='bbox 163 1068 602 1134; x_wconf 80' lang='lat' dir='ltr'><strong>servientibus</strong></span> <span class='ocrx_word' id='word_1_47' title='bbox 631 1069 782 1150; x_wconf 89' lang='lat' dir='ltr'><strong>suis,</strong></span> <span class='ocrx_word' id='word_1_48' title='bbox 816 1091 936 1155; x_wconf 88' lang='lat' dir='ltr'><strong>pro</strong></span> <span class='ocrx_word' id='word_1_49' title='bbox 965 1068 1232 1155; x_wconf 86' lang='lat' dir='ltr'><strong>singulis</strong></span> <span class='ocrx_word' id='word_1_50' title='bbox 1254 1069 1647 1155; x_wconf 88' lang='lat' dir='ltr'><strong>septimanis,</strong></span> <span class='ocrx_word' id='word_1_51' title='bbox 1679 1070 1761 1133; x_wconf 92' lang='lat' dir='ltr'><strong>ad</strong></span> <span class='ocrx_word' id='word_1_52' title='bbox 1784 1070 2125 1135; x_wconf 86' lang='lat' dir='ltr'><strong>terminum</strong></span> <span class='ocrx_word' id='word_1_53' title='bbox 2159 1072 2309 1137; x_wconf 80' lang='lat' dir='ltr'><strong>vitae</strong></span> <span class='ocrx_word' id='word_1_54' title='bbox 2326 1092 2485 1149; x_wconf 80' lang='lat' dir='ltr'><strong>snae,</strong></span> 
     </span>
     <span class='ocr_line' id='line_1_8' title="bbox 163 1154 2487 1245; baseline 0.002 -28"><span class='ocrx_word' id='word_1_55' title='bbox 163 1154 254 1218; x_wconf 89' lang='lat' dir='ltr'><strong>de</strong></span> <span class='ocrx_word' id='word_1_56' title='bbox 285 1156 678 1221; x_wconf 86' lang='lat' dir='ltr'><strong>monasterio</strong></span> <span class='ocrx_word' id='word_1_57' title='bbox 698 1180 818 1221; x_wconf 84' lang='lat' dir='ltr'><strong>suo</strong></span> <span class='ocrx_word' id='word_1_58' title='bbox 843 1156 1276 1221; x_wconf 83' lang='lat' dir='ltr'><strong>Dunelmensi</strong></span> <span class='ocrx_word' id='word_1_59' title='bbox 1305 1155 1372 1221; x_wconf 90' lang='lat' dir='ltr'><strong>in</strong></span> <span class='ocrx_word' id='word_1_60' title='bbox 1403 1156 1613 1223; x_wconf 81' lang='lat' dir='ltr'><strong>forma</strong></span> <span class='ocrx_word' id='word_1_61' title='bbox 1633 1178 1781 1242; x_wconf 85' lang='lat' dir='ltr'><strong>quae</strong></span> <span class='ocrx_word' id='word_1_62' title='bbox 1811 1156 2099 1245; x_wconf 88' lang='lat' dir='ltr'><strong>sequitur</strong></span> <span class='ocrx_word' id='word_1_63' title='bbox 2126 1156 2487 1243; x_wconf 84' lang='lat' dir='ltr'><strong>percipien-</strong></span> 
     </span>
     <span class='ocr_line' id='line_1_9' title="bbox 164 1241 2483 1328; baseline 0.002 -23"><span class='ocrx_word' id='word_1_64' title='bbox 164 1241 371 1317; x_wconf 76' lang='lat' dir='ltr'><strong>dam3</strong></span> <span class='ocrx_word' id='word_1_65' title='bbox 417 1242 724 1308; x_wconf 80' lang='lat' dir='ltr'><strong>videlicet</strong></span> <span class='ocrx_word' id='word_1_66' title='bbox 783 1243 1049 1327; x_wconf 81' lang='lat' dir='ltr'><strong>singulis</strong></span> <span class='ocrx_word' id='word_1_67' title='bbox 1094 1242 1322 1307; x_wconf 88' lang='lat' dir='ltr'><strong>diebus</strong></span> <span class='ocrx_word' id='word_1_68' title='bbox 1369 1256 1496 1307; x_wconf 82' lang='lat' dir='ltr'><strong>tres</strong></span> <span class='ocrx_word' id='word_1_69' title='bbox 1542 1241 1723 1307; x_wconf 87' lang='lat' dir='ltr'><strong>albos</strong></span> <span class='ocrx_word' id='word_1_70' title='bbox 1767 1265 1986 1328; x_wconf 85' lang='lat' dir='ltr'><strong>panes,</strong></span> <span class='ocrx_word' id='word_1_71' title='bbox 2032 1244 2277 1309; x_wconf 88' lang='lat' dir='ltr'><strong>scilicet</strong></span> <span class='ocrx_word' id='word_1_72' title='bbox 2320 1244 2483 1309; x_wconf 87' lang='lat' dir='ltr'><strong>duos</strong></span> 
     </span>
     <span class='ocr_line' id='line_1_10' title="bbox 159 1328 2483 1416; baseline 0.002 -25"><span class='ocrx_word' id='word_1_73' title='bbox 159 1330 584 1395; x_wconf 73' lang='lat' dir='ltr'><strong>monachales</strong></span> <span class='ocrx_word' id='word_1_74' title='bbox 625 1342 698 1395; x_wconf 84' lang='lat' dir='ltr'><strong>et</strong></span> <span class='ocrx_word' id='word_1_75' title='bbox 743 1351 942 1395; x_wconf 83' lang='lat' dir='ltr'><strong>unum</strong></span> <span class='ocrx_word' id='word_1_76' title='bbox 983 1328 1068 1395; x_wconf 84' lang='lat' dir='ltr'><strong>de</strong></span> <span class='ocrx_word' id='word_1_77' title='bbox 1097 1328 1478 1395; x_wconf 84' lang='lat' dir='ltr'><strong>secundario</strong></span> <span class='ocrx_word' id='word_1_78' title='bbox 1508 1330 1660 1395; x_wconf 88' lang='lat' dir='ltr'><strong>albo</strong></span> <span class='ocrx_word' id='word_1_79' title='bbox 1688 1350 1879 1413; x_wconf 84' lang='lat' dir='ltr'><strong>pane,</strong></span> <span class='ocrx_word' id='word_1_80' title='bbox 1910 1351 1987 1394; x_wconf 77' lang='lat' dir='ltr'><strong>ac</strong></span> <span class='ocrx_word' id='word_1_81' title='bbox 2018 1352 2214 1395; x_wconf 86' lang='lat' dir='ltr'><strong>unum</strong></span> <span class='ocrx_word' id='word_1_82' title='bbox 2248 1353 2483 1416; x_wconf 86' lang='lat' dir='ltr'><strong>panem</strong></span> 
     </span>
     <span class='ocr_line' id='line_1_11' title="bbox 157 1416 2483 1505; baseline 0.002 -28"><span class='ocrx_word' id='word_1_83' title='bbox 157 1416 594 1499; x_wconf 82' lang='lat' dir='ltr'><strong>spendibilem</strong></span> <span class='ocrx_word' id='word_1_84' title='bbox 653 1430 720 1481; x_wconf 89' lang='lat' dir='ltr'><strong>et</strong></span> <span class='ocrx_word' id='word_1_85' title='bbox 771 1417 934 1481; x_wconf 84' lang='lat' dir='ltr'><strong>duas</strong></span> <span class='ocrx_word' id='word_1_86' title='bbox 983 1416 1246 1505; x_wconf 80' lang='lat' dir='ltr'><strong>lagenas</strong></span> <span class='ocrx_word' id='word_1_87' title='bbox 1303 1418 1582 1481; x_wconf 77' lang='lat' dir='ltr'><strong>servisioe</strong></span> <span class='ocrx_word' id='word_1_88' title='bbox 1640 1416 2098 1494; x_wconf 75' lang='lat' dir='ltr'><strong>conventualis,</strong></span> <span class='ocrx_word' id='word_1_89' title='bbox 2160 1430 2229 1483; x_wconf 88' lang='lat' dir='ltr'><strong>et</strong></span> <span class='ocrx_word' id='word_1_90' title='bbox 2288 1440 2483 1483; x_wconf 82' lang='lat' dir='ltr'><strong>unam</strong></span> 
     </span>
     <span class='ocr_line' id='line_1_12' title="bbox 157 1501 2483 1590; baseline 0.001 -25"><span class='ocrx_word' id='word_1_91' title='bbox 157 1501 460 1585; x_wconf 82' lang='lat' dir='ltr'><strong>lagenam</strong></span> <span class='ocrx_word' id='word_1_92' title='bbox 505 1516 576 1569; x_wconf 79' lang='lat' dir='ltr'><strong>et</strong></span> <span class='ocrx_word' id='word_1_93' title='bbox 615 1503 949 1569; x_wconf 81' lang='lat' dir='ltr'><strong>dimidiam</strong></span> <span class='ocrx_word' id='word_1_94' title='bbox 979 1504 1062 1569; x_wconf 89' lang='lat' dir='ltr'><strong>de</strong></span> <span class='ocrx_word' id='word_1_95' title='bbox 1095 1502 1454 1577; x_wconf 80' lang='lat' dir='ltr'><strong>tisdaisale3</strong></span> <span class='ocrx_word' id='word_1_96' title='bbox 1499 1516 1569 1567; x_wconf 87' lang='lat' dir='ltr'><strong>et</strong></span> <span class='ocrx_word' id='word_1_97' title='bbox 1598 1502 1681 1568; x_wconf 89' lang='lat' dir='ltr'><strong>de</strong></span> <span class='ocrx_word' id='word_1_98' title='bbox 1708 1505 1987 1590; x_wconf 76' lang='lat' dir='ltr'><strong>coquina</strong></span> <span class='ocrx_word' id='word_1_99' title='bbox 2015 1518 2145 1568; x_wconf 88' lang='lat' dir='ltr'><strong>tam</strong></span> <span class='ocrx_word' id='word_1_100' title='bbox 2176 1503 2259 1568; x_wconf 87' lang='lat' dir='ltr'><strong>ad</strong></span> <span class='ocrx_word' id='word_1_101' title='bbox 2289 1526 2483 1589; x_wconf 83' lang='lat' dir='ltr'><strong>pran-</strong></span> 
     </span>
     <span class='ocr_line' id='line_1_13' title="bbox 156 1586 2479 1676; baseline 0.003 -25"><span class='ocrx_word' id='word_1_102' title='bbox 156 1586 346 1653; x_wconf 79' lang='lat' dir='ltr'><strong>dinm</strong></span> <span class='ocrx_word' id='word_1_103' title='bbox 376 1612 574 1676; x_wconf 85' lang='lat' dir='ltr'><strong>qnam</strong></span> <span class='ocrx_word' id='word_1_104' title='bbox 619 1588 706 1655; x_wconf 86' lang='lat' dir='ltr'><strong>ad</strong></span> <span class='ocrx_word' id='word_1_105' title='bbox 753 1612 1004 1655; x_wconf 83' lang='lat' dir='ltr'><strong>coenam</strong></span> <span class='ocrx_word' id='word_1_106' title='bbox 1055 1589 1240 1654; x_wconf 88' lang='lat' dir='ltr'><strong>sicud</strong></span> <span class='ocrx_word' id='word_1_107' title='bbox 1293 1589 1549 1654; x_wconf 88' lang='lat' dir='ltr'><strong>duobus</strong></span> <span class='ocrx_word' id='word_1_108' title='bbox 1604 1590 1934 1655; x_wconf 82' lang='lat' dir='ltr'><strong>monachis</strong></span> <span class='ocrx_word' id='word_1_109' title='bbox 1960 1590 2363 1667; x_wconf 59' lang='lat' dir='ltr'><strong>deservitum</strong></span> <span class='ocrx_word' id='word_1_110' title='bbox 2408 1604 2479 1657; x_wconf 79' lang='lat' dir='ltr'><strong>et</strong></span> 
     </span>
     <span class='ocr_line' id='line_1_14' title="bbox 155 1675 2474 1763; baseline 0.001 -24"><span class='ocrx_word' id='word_1_111' title='bbox 155 1675 432 1761; x_wconf 85' lang='lat' dir='ltr'><strong>quando</strong></span> <span class='ocrx_word' id='word_1_112' title='bbox 479 1676 782 1762; x_wconf 70' lang='lat' dir='ltr'><strong>jactandi</strong></span> <span class='ocrx_word' id='word_1_113' title='bbox 843 1691 1096 1763; x_wconf 80' lang='lat' dir='ltr'><strong>tempus</strong></span> <span class='ocrx_word' id='word_1_114' title='bbox 1155 1676 1347 1742; x_wconf 83' lang='lat' dir='ltr'><strong>fuerit</strong></span> <span class='ocrx_word' id='word_1_115' title='bbox 1407 1698 1605 1741; x_wconf 89' lang='lat' dir='ltr'><strong>unum</strong></span> <span class='ocrx_word' id='word_1_116' title='bbox 1662 1677 1949 1741; x_wconf 82' lang='lat' dir='ltr'><strong>solamen</strong></span> <span class='ocrx_word' id='word_1_117' title='bbox 2022 1676 2307 1741; x_wconf 81' lang='lat' dir='ltr'><strong>carnium</strong></span> <span class='ocrx_word' id='word_1_118' title='bbox 2368 1678 2474 1742; x_wconf 82' lang='lat' dir='ltr'><strong>vel</strong></span> 
     </span>
     <span class='ocr_line' id='line_1_15' title="bbox 159 1761 2477 1849; baseline 0.001 -24"><span class='ocrx_word' id='word_1_119' title='bbox 159 1761 462 1847; x_wconf 80' lang='lat' dir='ltr'><strong>piscium,</strong></span> <span class='ocrx_word' id='word_1_120' title='bbox 495 1776 691 1849; x_wconf 85' lang='lat' dir='ltr'><strong>prout</strong></span> <span class='ocrx_word' id='word_1_121' title='bbox 735 1776 988 1849; x_wconf 86' lang='lat' dir='ltr'><strong>tempus</strong></span> <span class='ocrx_word' id='word_1_122' title='bbox 1030 1762 1322 1849; x_wconf 83' lang='lat' dir='ltr'><strong>requirit,</strong></span> <span class='ocrx_word' id='word_1_123' title='bbox 1355 1785 1432 1829; x_wconf 85' lang='lat' dir='ltr'><strong>ac</strong></span> <span class='ocrx_word' id='word_1_124' title='bbox 1461 1763 1717 1847; x_wconf 80' lang='lat' dir='ltr'><strong>plenam</strong></span> <span class='ocrx_word' id='word_1_125' title='bbox 1751 1764 2167 1848; x_wconf 79' lang='lat' dir='ltr'><strong>proebendam</strong></span> <span class='ocrx_word' id='word_1_126' title='bbox 2244 1786 2317 1829; x_wconf 91' lang='lat' dir='ltr'><strong>ro</strong></span> <span class='ocrx_word' id='word_1_127' title='bbox 2350 1786 2477 1828; x_wconf 82' lang='lat' dir='ltr'><strong>uno</strong></span> 
     </span>
     <span class='ocr_line' id='line_1_16' title="bbox 153 1850 2477 1935; baseline 0.002 -22"><span class='ocrx_word' id='word_1_128' title='bbox 153 1870 358 1935; x_wconf 81' lang='lat' dir='ltr'><strong>eque,</strong></span> <span class='ocrx_word' id='word_1_129' title='bbox 415 1866 486 1915; x_wconf 89' lang='lat' dir='ltr'><strong>et</strong></span> <span class='ocrx_word' id='word_1_130' title='bbox 537 1850 866 1915; x_wconf 80' lang='lat' dir='ltr'><strong>dimidiam</strong></span> <span class='ocrx_word' id='word_1_131' title='bbox 925 1872 1048 1935; x_wconf 86' lang='lat' dir='ltr'><strong>pro</strong></span> <span class='ocrx_word' id='word_1_132' title='bbox 1105 1850 1382 1927; x_wconf 80' lang='lat' dir='ltr'><strong>duobus,</strong></span> <span class='ocrx_word' id='word_1_133' title='bbox 1435 1872 1585 1914; x_wconf 85' lang='lat' dir='ltr'><strong>cum</strong></span> <span class='ocrx_word' id='word_1_134' title='bbox 1630 1850 1950 1915; x_wconf 82' lang='lat' dir='ltr'><strong>ferratura</strong></span> <span class='ocrx_word' id='word_1_135' title='bbox 1991 1867 2060 1915; x_wconf 83' lang='lat' dir='ltr'><strong>et</strong></span> <span class='ocrx_word' id='word_1_136' title='bbox 2100 1864 2157 1915; x_wconf 71' lang='lat' dir='ltr'><strong>st</strong></span> <span class='ocrx_word' id='word_1_137' title='bbox 2250 1850 2373 1928; x_wconf 91' lang='lat' dir='ltr'><strong>ulo,</strong></span> <span class='ocrx_word' id='word_1_138' title='bbox 2406 1864 2477 1917; x_wconf 79' lang='lat' dir='ltr'><strong>et</strong></span> 
     </span>
     <span class='ocr_line' id='line_1_17' title="bbox 155 1936 2475 2036; baseline 0 -35"><span class='ocrx_word' id='word_1_139' title='bbox 155 1957 441 2014; x_wconf 82' lang='lat' dir='ltr'><strong>camera,</strong></span> <span class='ocrx_word' id='word_1_140' title='bbox 469 1959 622 2036; x_wconf 78' lang='lat' dir='ltr'><strong>quae</strong></span> <span class='ocrx_word' id='word_1_141' title='bbox 671 1938 974 2021; x_wconf 81' lang='lat' dir='ltr'><strong>magister</strong></span> <span class='ocrx_word' id='word_1_142' title='bbox 1033 1936 1408 2001; x_wconf 78' lang='lat' dir='ltr'><strong>willielmus</strong></span> <span class='ocrx_word' id='word_1_143' title='bbox 1455 1938 1545 2001; x_wconf 88' lang='lat' dir='ltr'><strong>de</strong></span> <span class='ocrx_word' id='word_1_144' title='bbox 1593 1936 1955 2002; x_wconf 83' lang='lat' dir='ltr'><strong>Farneham</strong></span> <span class='ocrx_word' id='word_1_145' title='bbox 1980 1939 2361 2021; x_wconf 79' lang='lat' dir='ltr'><strong>occupavit3</strong></span> <span class='ocrx_word' id='word_1_146' title='bbox 2406 1952 2475 2002; x_wconf 84' lang='lat' dir='ltr'><strong>et</strong></span> 
     </span>
     <span class='ocr_line' id='line_1_18' title="bbox 157 2022 2473 2108; baseline 0.001 -23"><span class='ocrx_word' id='word_1_147' title='bbox 157 2044 285 2107; x_wconf 86' lang='lat' dir='ltr'><strong>pro</strong></span> <span class='ocrx_word' id='word_1_148' title='bbox 316 2022 508 2089; x_wconf 79' lang='lat' dir='ltr'><strong>focah</strong></span> <span class='ocrx_word' id='word_1_149' title='bbox 553 2036 622 2089; x_wconf 82' lang='lat' dir='ltr'><strong>et</strong></span> <span class='ocrx_word' id='word_1_150' title='bbox 661 2022 904 2088; x_wconf 88' lang='lat' dir='ltr'><strong>lumine</strong></span> <span class='ocrx_word' id='word_1_151' title='bbox 948 2036 1238 2108; x_wconf 84' lang='lat' dir='ltr'><strong>tempore</strong></span> <span class='ocrx_word' id='word_1_152' title='bbox 1269 2022 1529 2087; x_wconf 77' lang='lat' dir='ltr'><strong>hiemali</strong></span> <span class='ocrx_word' id='word_1_153' title='bbox 1558 2023 1718 2088; x_wconf 86' lang='lat' dir='ltr'><strong>duas</strong></span> <span class='ocrx_word' id='word_1_154' title='bbox 1748 2023 1993 2088; x_wconf 83' lang='lat' dir='ltr'><strong>celdras</strong></span> <span class='ocrx_word' id='word_1_155' title='bbox 2022 2024 2373 2089; x_wconf 85' lang='lat' dir='ltr'><strong>carbonum</strong></span> <span class='ocrx_word' id='word_1_156' title='bbox 2402 2036 2473 2088; x_wconf 85' lang='lat' dir='ltr'><strong>et</strong></span> 
     </span>
     <span class='ocr_line' id='line_1_19' title="bbox 155 2109 2471 2210; baseline 0.001 -38"><span class='ocrx_word' id='word_1_157' title='bbox 155 2124 292 2173; x_wconf 82' lang='lat' dir='ltr'><strong>tres</strong></span> <span class='ocrx_word' id='word_1_158' title='bbox 317 2122 678 2175; x_wconf 78' lang='lat' dir='ltr'><strong>carectatas</strong></span> <span class='ocrx_word' id='word_1_159' title='bbox 722 2110 1046 2210; x_wconf 74' lang='lat' dir='ltr'><strong>lignorum</strong></span> <span class='ocrx_word' id='word_1_160' title='bbox 1074 2109 1160 2174; x_wconf 84' lang='lat' dir='ltr'><strong>ad</strong></span> <span class='ocrx_word' id='word_1_161' title='bbox 1187 2110 1697 2175; x_wconf 80' lang='lat' dir='ltr'><strong>comburendum</strong></span> <span class='ocrx_word' id='word_1_162' title='bbox 1724 2132 1747 2185; x_wconf 86' lang='lat'>;</span> <span class='ocrx_word' id='word_1_163' title='bbox 1790 2132 2037 2175; x_wconf 86' lang='lat' dir='ltr'><strong>necnon</strong></span> <span class='ocrx_word' id='word_1_164' title='bbox 2066 2110 2225 2175; x_wconf 81' lang='lat' dir='ltr'><strong>duas</strong></span> <span class='ocrx_word' id='word_1_165' title='bbox 2254 2124 2471 2196; x_wconf 82' lang='lat' dir='ltr'><strong>petras</strong></span> 
     </span>
     <span class='ocr_line' id='line_1_20' title="bbox 151 2196 2465 2283; baseline 0.001 -24"><span class='ocrx_word' id='word_1_166' title='bbox 151 2196 576 2261; x_wconf 77' lang='lat' dir='ltr'><strong>candelarum</strong></span> <span class='ocrx_word' id='word_1_167' title='bbox 625 2197 1090 2283; x_wconf 64' lang='lat' dir='ltr'><strong>parisiensium.</strong></span> <span class='ocrx_word' id='word_1_168' title='bbox 1185 2197 1288 2261; x_wconf 84' lang='lat' dir='ltr'><strong>Ita</strong></span> <span class='ocrx_word' id='word_1_169' title='bbox 1333 2208 1551 2261; x_wconf 85' lang='lat' dir='ltr'><strong>tamen</strong></span> <span class='ocrx_word' id='word_1_170' title='bbox 1610 2196 1791 2283; x_wconf 82' lang='lat' dir='ltr'><strong>quod</strong></span> <span class='ocrx_word' id='word_1_171' title='bbox 1840 2198 2057 2262; x_wconf 81' lang='lat' dir='ltr'><strong>omnia</strong></span> <span class='ocrx_word' id='word_1_172' title='bbox 2115 2196 2465 2283; x_wconf 80' lang='lat' dir='ltr'><strong>praemissa,</strong></span> 
     </span>
     <span class='ocr_line' id='line_1_21' title="bbox 153 2282 2473 2383; baseline 0.002 -38"><span class='ocrx_word' id='word_1_173' title='bbox 153 2296 402 2367; x_wconf 80' lang='lat' dir='ltr'><strong>praeter</strong></span> <span class='ocrx_word' id='word_1_174' title='bbox 461 2305 642 2347; x_wconf 85' lang='lat' dir='ltr'><strong>suam</strong></span> <span class='ocrx_word' id='word_1_175' title='bbox 707 2284 934 2348; x_wconf 81' lang='lat' dir='ltr'><strong>robam</strong></span> <span class='ocrx_word' id='word_1_176' title='bbox 991 2296 1058 2348; x_wconf 84' lang='lat' dir='ltr'><strong>et</strong></span> <span class='ocrx_word' id='word_1_177' title='bbox 1116 2284 1476 2367; x_wconf 77' lang='lat' dir='ltr'><strong>pensiones,</strong></span> <span class='ocrx_word' id='word_1_178' title='bbox 1532 2282 1730 2347; x_wconf 83' lang='lat' dir='ltr'><strong>modo</strong></span> <span class='ocrx_word' id='word_1_179' title='bbox 1788 2296 1857 2348; x_wconf 90' lang='lat' dir='ltr'><strong>et</strong></span> <span class='ocrx_word' id='word_1_180' title='bbox 1913 2283 2125 2349; x_wconf 83' lang='lat' dir='ltr'><strong>forma</strong></span> <span class='ocrx_word' id='word_1_181' title='bbox 2180 2286 2473 2383; x_wconf 79' lang='lat' dir='ltr'><strong>superius</strong></span> 
     </span>
     <span class='ocr_line' id='line_1_22' title="bbox 151 2368 2475 2457; baseline 0.002 -26"><span class='ocrx_word' id='word_1_182' title='bbox 151 2368 466 2447; x_wconf 75' lang='lat' dir='ltr'><strong>limitatis,</strong></span> <span class='ocrx_word' id='word_1_183' title='bbox 487 2392 610 2453; x_wconf 85' lang='lat' dir='ltr'><strong>pro</strong></span> <span class='ocrx_word' id='word_1_184' title='bbox 629 2382 941 2457; x_wconf 80' lang='lat' dir='ltr'><strong>tempore,</strong></span> <span class='ocrx_word' id='word_1_185' title='bbox 973 2392 1106 2457; x_wconf 84' lang='lat' dir='ltr'><strong>qno</strong></span> <span class='ocrx_word' id='word_1_186' title='bbox 1135 2369 1343 2455; x_wconf 83' lang='lat' dir='ltr'><strong>ipsum</strong></span> <span class='ocrx_word' id='word_1_187' title='bbox 1371 2392 1414 2433; x_wconf 82' lang='lat' dir='ltr'><strong>a</strong></span> <span class='ocrx_word' id='word_1_188' title='bbox 1443 2370 1835 2435; x_wconf 80' lang='lat' dir='ltr'><strong>monasterio</strong></span> <span class='ocrx_word' id='word_1_189' title='bbox 1865 2370 2287 2437; x_wconf 87' lang='lat' dir='ltr'><strong>Dunelmens1</strong></span> <span class='ocrx_word' id='word_1_190' title='bbox 2316 2392 2475 2435; x_wconf 86' lang='lat' dir='ltr'><strong>con-</strong></span> 
     </span>
     <span class='ocr_line' id='line_1_23' title="bbox 151 2454 2471 2543; baseline 0.001 -24"><span class='ocrx_word' id='word_1_191' title='bbox 151 2456 380 2543; x_wconf 81' lang='lat' dir='ltr'><strong>tigerit</strong></span> <span class='ocrx_word' id='word_1_192' title='bbox 439 2456 780 2535; x_wconf 82' lang='lat' dir='ltr'><strong>absentari,</strong></span> <span class='ocrx_word' id='word_1_193' title='bbox 843 2470 1094 2521; x_wconf 78' lang='lat' dir='ltr'><strong>cessent</strong></span> <span class='ocrx_word' id='word_1_194' title='bbox 1153 2470 1218 2520; x_wconf 85' lang='lat' dir='ltr'><strong>et</strong></span> <span class='ocrx_word' id='word_1_195' title='bbox 1275 2454 1531 2541; x_wconf 81' lang='lat' dir='ltr'><strong>penitus</strong></span> <span class='ocrx_word' id='word_1_196' title='bbox 1590 2456 2072 2522; x_wconf 74' lang='lat' dir='ltr'><strong>subtrahantur.</strong></span> <span class='ocrx_word' id='word_1_197' title='bbox 2164 2458 2297 2521; x_wconf 88' lang='lat' dir='ltr'><strong>Pro</strong></span> <span class='ocrx_word' id='word_1_198' title='bbox 2341 2480 2471 2543; x_wconf 82' lang='lat' dir='ltr'><strong>qua</strong></span> 
     </span>
     <span class='ocr_line' id='line_1_24' title="bbox 143 2542 2469 2629; baseline 0.002 -24"><span class='ocrx_word' id='word_1_199' title='bbox 143 2542 416 2629; x_wconf 89' lang='lat' dir='ltr'><strong>quidem</strong></span> <span class='ocrx_word' id='word_1_200' title='bbox 461 2542 876 2609; x_wconf 78' lang='lat' dir='ltr'><strong>concessione</strong></span> <span class='ocrx_word' id='word_1_201' title='bbox 915 2542 1214 2608; x_wconf 85' lang='lat' dir='ltr'><strong>dominus</strong></span> <span class='ocrx_word' id='word_1_202' title='bbox 1243 2544 1547 2625; x_wconf 73' lang='lat' dir='ltr'><strong>magister</strong></span> <span class='ocrx_word' id='word_1_203' title='bbox 1580 2542 1885 2620; x_wconf 80' lang='lat' dir='ltr'><strong>Thomas,</strong></span> <span class='ocrx_word' id='word_1_204' title='bbox 1908 2544 2283 2629; x_wconf 84' lang='lat' dir='ltr'><strong>juramento</strong></span> <span class='ocrx_word' id='word_1_205' title='bbox 2312 2543 2469 2609; x_wconf 86' lang='lat' dir='ltr'><strong>inde</strong></span> 
     </span>
     <span class='ocr_line' id='line_1_25' title="bbox 145 2628 2467 2716; baseline 0.001 -23"><span class='ocrx_word' id='word_1_206' title='bbox 145 2629 470 2713; x_wconf 69' lang='lat' dir='ltr'><strong>prestito,</strong></span> <span class='ocrx_word' id='word_1_207' title='bbox 501 2630 796 2716; x_wconf 76' lang='lat' dir='ltr'><strong>promisit</strong></span> <span class='ocrx_word' id='word_1_208' title='bbox 839 2644 906 2695; x_wconf 91' lang='lat' dir='ltr'><strong>et</strong></span> <span class='ocrx_word' id='word_1_209' title='bbox 952 2652 1072 2714; x_wconf 85' lang='lat' dir='ltr'><strong>pro</strong></span> <span class='ocrx_word' id='word_1_210' title='bbox 1121 2652 1240 2693; x_wconf 90' lang='lat' dir='ltr'><strong>suo</strong></span> <span class='ocrx_word' id='word_1_211' title='bbox 1285 2643 1601 2715; x_wconf 85' lang='lat' dir='ltr'><strong>perpetuo</strong></span> <span class='ocrx_word' id='word_1_212' title='bbox 1632 2652 1702 2695; x_wconf 86' lang='lat' dir='ltr'><strong>se</strong></span> <span class='ocrx_word' id='word_1_213' title='bbox 1732 2628 1979 2715; x_wconf 81' lang='lat' dir='ltr'><strong>obligat</strong></span> <span class='ocrx_word' id='word_1_214' title='bbox 2023 2631 2314 2708; x_wconf 87' lang='lat' dir='ltr'><strong>firmiter,</strong></span> <span class='ocrx_word' id='word_1_215' title='bbox 2346 2652 2467 2715; x_wconf 85' lang='lat' dir='ltr'><strong>per</strong></span> 
     </span>
     <span class='ocr_line' id='line_1_26' title="bbox 144 2715 2465 2805; baseline 0 -23"><span class='ocrx_word' id='word_1_216' title='bbox 144 2718 526 2801; x_wconf 73' lang='lat' dir='ltr'><strong>praesentes,</strong></span> <span class='ocrx_word' id='word_1_217' title='bbox 555 2717 736 2805; x_wconf 83' lang='lat' dir='ltr'><strong>quod</strong></span> <span class='ocrx_word' id='word_1_218' title='bbox 773 2715 1138 2782; x_wconf 82' lang='lat' dir='ltr'><strong>memoratis</strong></span> <span class='ocrx_word' id='word_1_219' title='bbox 1173 2716 1380 2783; x_wconf 84' lang='lat' dir='ltr'><strong>Priori</strong></span> <span class='ocrx_word' id='word_1_220' title='bbox 1409 2731 1476 2781; x_wconf 83' lang='lat' dir='ltr'><strong>et</strong></span> <span class='ocrx_word' id='word_1_221' title='bbox 1510 2716 1903 2794; x_wconf 80' lang='lat' dir='ltr'><strong>conventui,</strong></span> <span class='ocrx_word' id='word_1_222' title='bbox 1936 2740 2293 2805; x_wconf 83' lang='lat' dir='ltr'><strong>eorumque</strong></span> <span class='ocrx_word' id='word_1_223' title='bbox 2319 2740 2465 2783; x_wconf 83' lang='lat' dir='ltr'><strong>suc-</strong></span> 
     </span>
     <span class='ocr_line' id='line_1_27' title="bbox 143 2803 2467 2883; baseline 0.001 -17"><span class='ocrx_word' id='word_1_224' title='bbox 143 2803 530 2880; x_wconf 86' lang='lat' dir='ltr'><strong>cessoribus,</strong></span> <span class='ocrx_word' id='word_1_225' title='bbox 578 2806 643 2867; x_wconf 92' lang='lat' dir='ltr'><strong>in</strong></span> <span class='ocrx_word' id='word_1_226' title='bbox 689 2826 932 2883; x_wconf 88' lang='lat' dir='ltr'><strong>eorum,</strong></span> <span class='ocrx_word' id='word_1_227' title='bbox 967 2816 1036 2868; x_wconf 79' lang='lat' dir='ltr'><strong>et</strong></span> <span class='ocrx_word' id='word_1_228' title='bbox 1081 2805 1450 2868; x_wconf 89' lang='lat' dir='ltr'><strong>monasterii</strong></span> <span class='ocrx_word' id='word_1_229' title='bbox 1495 2804 1593 2867; x_wconf 91' lang='lat' dir='ltr'><strong>sui</strong></span> <span class='ocrx_word' id='word_1_230' title='bbox 1635 2803 2112 2881; x_wconf 83' lang='lat' dir='ltr'><strong>Dunelmensis,</strong></span> <span class='ocrx_word' id='word_1_231' title='bbox 2144 2818 2212 2869; x_wconf 86' lang='lat' dir='ltr'><strong>et</strong></span> <span class='ocrx_word' id='word_1_232' title='bbox 2250 2804 2467 2870; x_wconf 49' lang='lat' dir='ltr'><strong>Cella„-</strong></span> 
     </span>
     <span class='ocr_line' id='line_1_28' title="bbox 139 2889 2460 2975; baseline 0 -22"><span class='ocrx_word' id='word_1_233' title='bbox 139 2911 286 2953; x_wconf 84' lang='lat' dir='ltr'><strong>rum</strong></span> <span class='ocrx_word' id='word_1_234' title='bbox 319 2890 406 2954; x_wconf 91' lang='lat' dir='ltr'><strong>ab</strong></span> <span class='ocrx_word' id='word_1_235' title='bbox 438 2891 664 2956; x_wconf 87' lang='lat' dir='ltr'><strong>eodem</strong></span> <span class='ocrx_word' id='word_1_236' title='bbox 688 2889 1218 2975; x_wconf 85' lang='lat' dir='ltr'><strong>dependencium,</strong></span> <span class='ocrx_word' id='word_1_237' title='bbox 1240 2912 1493 2955; x_wconf 86' lang='lat' dir='ltr'><strong>necnon</strong></span> <span class='ocrx_word' id='word_1_238' title='bbox 1519 2905 1587 2954; x_wconf 87' lang='lat' dir='ltr'><strong>et</strong></span> <span class='ocrx_word' id='word_1_239' title='bbox 1612 2889 1887 2974; x_wconf 85' lang='lat' dir='ltr'><strong>Collegii</strong></span> <span class='ocrx_word' id='word_1_240' title='bbox 1918 2891 2017 2954; x_wconf 90' lang='lat' dir='ltr'><strong>sui</strong></span> <span class='ocrx_word' id='word_1_241' title='bbox 2048 2890 2460 2969; x_wconf 85' lang='lat' dir='ltr'><strong>Oxoniensis,</strong></span> 
     </span>
     <span class='ocr_line' id='line_1_29' title="bbox 139 2975 2464 3067; baseline 0 -28"><span class='ocrx_word' id='word_1_242' title='bbox 139 2975 352 3040; x_wconf 84' lang='lat' dir='ltr'><strong>causis</strong></span> <span class='ocrx_word' id='word_1_243' title='bbox 384 2989 454 3039; x_wconf 89' lang='lat' dir='ltr'><strong>et</strong></span> <span class='ocrx_word' id='word_1_244' title='bbox 486 2976 762 3061; x_wconf 84' lang='lat' dir='ltr'><strong>negociis</strong></span> <span class='ocrx_word' id='word_1_245' title='bbox 808 2978 1078 3042; x_wconf 87' lang='lat' dir='ltr'><strong>ubilibet</strong></span> <span class='ocrx_word' id='word_1_246' title='bbox 1121 2976 1561 3066; x_wconf 78' lang='lat' dir='ltr'><strong>expediendis,</strong></span> <span class='ocrx_word' id='word_1_247' title='bbox 1596 2976 2033 3067; x_wconf 78' lang='lat' dir='ltr'><strong>procurandiS,</strong></span> <span class='ocrx_word' id='word_1_248' title='bbox 2067 2990 2133 3041; x_wconf 88' lang='lat' dir='ltr'><strong>et</strong></span> <span class='ocrx_word' id='word_1_249' title='bbox 2180 2990 2464 3042; x_wconf 80' lang='lat' dir='ltr'><strong>tractan-</strong></span> 
     </span>
     <span class='ocr_line' id='line_1_30' title="bbox 141 3061 2465 3148; baseline 0.001 -23"><span class='ocrx_word' id='word_1_250' title='bbox 141 3062 268 3139; x_wconf 79' lang='lat' dir='ltr'><strong>dis,</strong></span> <span class='ocrx_word' id='word_1_251' title='bbox 321 3062 502 3127; x_wconf 85' lang='lat' dir='ltr'><strong>salva</strong></span> <span class='ocrx_word' id='word_1_252' title='bbox 556 3063 874 3128; x_wconf 87' lang='lat' dir='ltr'><strong>fidelitate</strong></span> <span class='ocrx_word' id='word_1_253' title='bbox 933 3086 1049 3127; x_wconf 86' lang='lat' dir='ltr'><strong>sua</strong></span> <span class='ocrx_word' id='word_1_254' title='bbox 1101 3061 1368 3129; x_wconf 88' lang='lat' dir='ltr'><strong>domino</strong></span> <span class='ocrx_word' id='word_1_255' title='bbox 1425 3063 1595 3148; x_wconf 89' lang='lat' dir='ltr'><strong>Regi</strong></span> <span class='ocrx_word' id='word_1_256' title='bbox 1647 3062 1903 3147; x_wconf 82' lang='lat' dir='ltr'><strong>Anglioe</strong></span> <span class='ocrx_word' id='word_1_257' title='bbox 1950 3077 2018 3128; x_wconf 81' lang='lat' dir='ltr'><strong>et</strong></span> <span class='ocrx_word' id='word_1_258' title='bbox 2075 3062 2317 3129; x_wconf 87' lang='lat' dir='ltr'><strong>Abbati</strong></span> <span class='ocrx_word' id='word_1_259' title='bbox 2376 3064 2465 3128; x_wconf 85' lang='lat' dir='ltr'><strong>de</strong></span> 
     </span>
     <span class='ocr_line' id='line_1_31' title="bbox 143 3148 2461 3237; baseline 0 -25"><span class='ocrx_word' id='word_1_260' title='bbox 143 3148 458 3233; x_wconf 81' lang='lat' dir='ltr'><strong>Whitby,</strong></span> <span class='ocrx_word' id='word_1_261' title='bbox 493 3149 715 3214; x_wconf 84' lang='lat' dir='ltr'><strong>debita</strong></span> <span class='ocrx_word' id='word_1_262' title='bbox 742 3148 1009 3214; x_wconf 85' lang='lat' dir='ltr'><strong>consilia</strong></span> <span class='ocrx_word' id='word_1_263' title='bbox 1038 3171 1154 3214; x_wconf 85' lang='lat' dir='ltr'><strong>sua</strong></span> <span class='ocrx_word' id='word_1_264' title='bbox 1183 3163 1250 3215; x_wconf 89' lang='lat' dir='ltr'><strong>et</strong></span> <span class='ocrx_word' id='word_1_265' title='bbox 1279 3150 1542 3227; x_wconf 83' lang='lat' dir='ltr'><strong>auxilia,</strong></span> <span class='ocrx_word' id='word_1_266' title='bbox 1576 3150 1879 3237; x_wconf 78' lang='lat' dir='ltr'><strong>quociens</strong></span> <span class='ocrx_word' id='word_1_267' title='bbox 1906 3150 1991 3214; x_wconf 79' lang='lat' dir='ltr'><strong>sd</strong></span> <span class='ocrx_word' id='word_1_268' title='bbox 2022 3150 2164 3213; x_wconf 82' lang='lat' dir='ltr'><strong>haec</strong></span> <span class='ocrx_word' id='word_1_269' title='bbox 2194 3148 2461 3237; x_wconf 86' lang='lat' dir='ltr'><strong>requisi-</strong></span> 
     </span>
     <span class='ocr_line' id='line_1_32' title="bbox 139 3233 2463 3321; baseline 0 -23"><span class='ocrx_word' id='word_1_270' title='bbox 139 3248 250 3298; x_wconf 85' lang='lat' dir='ltr'><strong>tus</strong></span> <span class='ocrx_word' id='word_1_271' title='bbox 277 3233 502 3313; x_wconf 75' lang='lat' dir='ltr'><strong>fuerit.</strong></span> <span class='ocrx_word' id='word_1_272' title='bbox 555 3236 834 3301; x_wconf 82' lang='lat' dir='ltr'><strong>fideliter</strong></span> <span class='ocrx_word' id='word_1_273' title='bbox 881 3236 1235 3321; x_wconf 86' lang='lat' dir='ltr'><strong>impendet,</strong></span> <span class='ocrx_word' id='word_1_274' title='bbox 1291 3248 1362 3301; x_wconf 87' lang='lat' dir='ltr'><strong>et</strong></span> <span class='ocrx_word' id='word_1_275' title='bbox 1404 3258 1524 3321; x_wconf 84' lang='lat' dir='ltr'><strong>pro</strong></span> <span class='ocrx_word' id='word_1_276' title='bbox 1566 3258 1793 3303; x_wconf 81' lang='lat' dir='ltr'><strong>eornm</strong></span> <span class='ocrx_word' id='word_1_277' title='bbox 1904 3236 2202 3313; x_wconf 87' lang='lat' dir='ltr'><strong>itacione,</strong></span> <span class='ocrx_word' id='word_1_278' title='bbox 2236 3235 2463 3303; x_wconf 72' lang='lat' dir='ltr'><strong>desen-</strong></span> 
     </span>
     <span class='ocr_line' id='line_1_33' title="bbox 140 3320 2453 3406; baseline 0.003 -22"><span class='ocrx_word' id='word_1_279' title='bbox 140 3320 334 3386; x_wconf 90' lang='lat' dir='ltr'><strong>cione</strong></span> <span class='ocrx_word' id='word_1_280' title='bbox 381 3335 454 3389; x_wconf 82' lang='lat' dir='ltr'><strong>ct</strong></span> <span class='ocrx_word' id='word_1_281' title='bbox 497 3321 942 3406; x_wconf 78' lang='lat' dir='ltr'><strong>expedicione,</strong></span> <span class='ocrx_word' id='word_1_282' title='bbox 991 3346 1138 3391; x_wconf 86' lang='lat' dir='ltr'><strong>cum</strong></span> <span class='ocrx_word' id='word_1_283' title='bbox 1189 3345 1452 3389; x_wconf 87' lang='lat' dir='ltr'><strong>necesse</strong></span> <span class='ocrx_word' id='word_1_284' title='bbox 1504 3323 1727 3401; x_wconf 81' lang='lat' dir='ltr'><strong>fuerit,</strong></span> <span class='ocrx_word' id='word_1_285' title='bbox 1882 3324 2070 3391; x_wconf 79' lang='lat' dir='ltr'><strong>eliter</strong></span> <span class='ocrx_word' id='word_1_286' title='bbox 2111 3322 2453 3393; x_wconf 76' lang='lat' dir='ltr'><strong>laborabit.</strong></span> 
     </span>
     <span class='ocr_line' id='line_1_34' title="bbox 148 3407 2460 3497; baseline 0.002 -27"><span class='ocrx_word' id='word_1_287' title='bbox 148 3407 254 3471; x_wconf 87' lang='lat' dir='ltr'><strong>Ita</strong></span> <span class='ocrx_word' id='word_1_288' title='bbox 311 3409 511 3494; x_wconf 89' lang='lat' dir='ltr'><strong>quod,</strong></span> <span class='ocrx_word' id='word_1_289' title='bbox 573 3430 718 3472; x_wconf 88' lang='lat' dir='ltr'><strong>cum</strong></span> <span class='ocrx_word' id='word_1_290' title='bbox 776 3409 982 3495; x_wconf 87' lang='lat' dir='ltr'><strong>ipsum</strong></span> <span class='ocrx_word' id='word_1_291' title='bbox 1045 3409 1419 3494; x_wconf 85' lang='lat' dir='ltr'><strong>magistrum</strong></span> <span class='ocrx_word' id='word_1_292' title='bbox 1483 3410 1810 3477; x_wconf 80' lang='lat' dir='ltr'><strong>Thomam</strong></span> <span class='ocrx_word' id='word_1_293' title='bbox 1868 3409 1955 3479; x_wconf 77' lang='lat' dir='ltr'><strong>ad</strong></span> <span class='ocrx_word' id='word_1_294' title='bbox 2010 3410 2460 3497; x_wconf 83' lang='lat' dir='ltr'><strong>prosequenda</strong></span> 
     </span>
     <span class='ocr_line' id='line_1_35' title="bbox 142 3492 2463 3582; baseline 0.002 -27"><span class='ocrx_word' id='word_1_295' title='bbox 142 3492 436 3578; x_wconf 86' lang='lat' dir='ltr'><strong>ipsorum</strong></span> <span class='ocrx_word' id='word_1_296' title='bbox 523 3494 763 3559; x_wconf 89' lang='lat' dir='ltr'><strong>Prioris</strong></span> <span class='ocrx_word' id='word_1_297' title='bbox 824 3511 885 3561; x_wconf 86' lang='lat' dir='ltr'><strong>et</strong></span> <span class='ocrx_word' id='word_1_298' title='bbox 969 3498 1341 3563; x_wconf 79' lang='lat' dir='ltr'><strong>Conventus</strong></span> <span class='ocrx_word' id='word_1_299' title='bbox 1411 3496 1687 3582; x_wconf 85' lang='lat' dir='ltr'><strong>negocia</strong></span> <span class='ocrx_word' id='word_1_300' title='bbox 1758 3496 1994 3562; x_wconf 81' lang='lat' dir='ltr'><strong>alicubi</strong></span> <span class='ocrx_word' id='word_1_301' title='bbox 2064 3498 2233 3563; x_wconf 87' lang='lat' dir='ltr'><strong>mitti</strong></span> <span class='ocrx_word' id='word_1_302' title='bbox 2306 3518 2463 3562; x_wconf 88' lang='lat' dir='ltr'><strong>con-</strong></span> 
     </span>
     <span class='ocr_line' id='line_1_36' title="bbox 144 3580 2469 3684; baseline 0.003 -42"><span class='ocrx_word' id='word_1_303' title='bbox 144 3580 391 3667; x_wconf 84' lang='lat' dir='ltr'><strong>tigerit,</strong></span> <span class='ocrx_word' id='word_1_304' title='bbox 443 3604 763 3665; x_wconf 84' lang='lat' dir='ltr'><strong>expensas</strong></span> <span class='ocrx_word' id='word_1_305' title='bbox 807 3603 927 3668; x_wconf 89' lang='lat' dir='ltr'><strong>pro</strong></span> <span class='ocrx_word' id='word_1_306' title='bbox 980 3582 1347 3669; x_wconf 87' lang='lat' dir='ltr'><strong>hujusmodi</strong></span> <span class='ocrx_word' id='word_1_307' title='bbox 1405 3584 1689 3671; x_wconf 79' lang='lat' dir='ltr'><strong>negociis</strong></span> <span class='ocrx_word' id='word_1_308' title='bbox 1748 3583 2087 3684; x_wconf 79' lang='lat' dir='ltr'><strong>requisitas</strong></span> <span class='ocrx_word' id='word_1_309' title='bbox 2130 3596 2200 3650; x_wconf 83' lang='lat' dir='ltr'><strong>et</strong></span> <span class='ocrx_word' id='word_1_310' title='bbox 2244 3606 2469 3649; x_wconf 73' lang='lat' dir='ltr'><strong>neces-</strong></span> 
     </span>
     <span class='ocr_line' id='line_1_37' title="bbox 140 3666 2458 3756; baseline 0.001 -25"><span class='ocrx_word' id='word_1_311' title='bbox 140 3666 337 3731; x_wconf 65' lang='lat' dir='ltr'><strong>sarias</strong></span> <span class='ocrx_word' id='word_1_312' title='bbox 381 3667 507 3733; x_wconf 82' lang='lat' dir='ltr'><strong>sibi</strong></span> <span class='ocrx_word' id='word_1_313' title='bbox 553 3666 790 3735; x_wconf 84' lang='lat' dir='ltr'><strong>faciant</strong></span> <span class='ocrx_word' id='word_1_314' title='bbox 837 3668 1197 3735; x_wconf 83' lang='lat' dir='ltr'><strong>ministrari.</strong></span> <span class='ocrx_word' id='word_1_315' title='bbox 1290 3670 1367 3735; x_wconf 92' lang='lat' dir='ltr'><strong>In</strong></span> <span class='ocrx_word' id='word_1_316' title='bbox 1396 3692 1669 3756; x_wconf 80' lang='lat' dir='ltr'><strong>quorum</strong></span> <span class='ocrx_word' id='word_1_317' title='bbox 1700 3693 1991 3737; x_wconf 69' lang='lat' dir='ltr'><strong>omnium</strong></span> <span class='ocrx_word' id='word_1_318' title='bbox 2019 3670 2458 3737; x_wconf 76' lang='lat' dir='ltr'><strong>testimon&#39;mm</strong></span> 
     </span>
     <span class='ocr_line' id='line_1_38' title="bbox 141 3754 2456 3846; baseline 0.001 -27"><span class='ocrx_word' id='word_1_319' title='bbox 141 3766 362 3839; x_wconf 80' lang='lat' dir='ltr'><strong>partes</strong></span> <span class='ocrx_word' id='word_1_320' title='bbox 405 3754 740 3839; x_wconf 67' lang='lat' dir='ltr'><strong>praedictae</strong></span> <span class='ocrx_word' id='word_1_321' title='bbox 787 3756 1210 3841; x_wconf 75' lang='lat' dir='ltr'><strong>praesentibus</strong></span> <span class='ocrx_word' id='word_1_322' title='bbox 1259 3756 1621 3821; x_wconf 83' lang='lat' dir='ltr'><strong>indenturis</strong></span> <span class='ocrx_word' id='word_1_323' title='bbox 1672 3758 1880 3846; x_wconf 82' lang='lat' dir='ltr'><strong>sigilla</strong></span> <span class='ocrx_word' id='word_1_324' title='bbox 1924 3780 2041 3823; x_wconf 83' lang='lat' dir='ltr'><strong>sna</strong></span> <span class='ocrx_word' id='word_1_325' title='bbox 2089 3757 2456 3823; x_wconf 82' lang='lat' dir='ltr'><strong>alternatim</strong></span> 
     </span>
     <span class='ocr_line' id='line_1_39' title="bbox 142 3840 2457 3933; baseline 0 -30"><span class='ocrx_word' id='word_1_326' title='bbox 142 3852 606 3927; x_wconf 81' lang='lat' dir='ltr'><strong>apposuerunt.</strong></span> <span class='ocrx_word' id='word_1_327' title='bbox 710 3840 908 3907; x_wconf 81' lang='lat' dir='ltr'><strong>Datae</strong></span> <span class='ocrx_word' id='word_1_328' title='bbox 941 3842 1268 3919; x_wconf 86' lang='lat' dir='ltr'><strong>Dunelmi‚</strong></span> <span class='ocrx_word' id='word_1_329' title='bbox 1303 3856 1614 3930; x_wconf 83' lang='lat' dir='ltr'><strong>qnantum</strong></span> <span class='ocrx_word' id='word_1_330' title='bbox 1642 3844 1727 3909; x_wconf 84' lang='lat' dir='ltr'><strong>ad</strong></span> <span class='ocrx_word' id='word_1_331' title='bbox 1756 3842 2233 3933; x_wconf 84' lang='lat' dir='ltr'><strong>apposicionem</strong></span> <span class='ocrx_word' id='word_1_332' title='bbox 2264 3841 2457 3927; x_wconf 86' lang='lat' dir='ltr'><strong>sigilli</strong></span> 
     </span>
     <span class='ocr_line' id='line_1_40' title="bbox 140 3926 2454 4015; baseline -0 -25"><span class='ocrx_word' id='word_1_333' title='bbox 140 3927 496 3996; x_wconf 78' lang='lat' dir='ltr'><strong>communis</strong></span> <span class='ocrx_word' id='word_1_334' title='bbox 527 3926 808 4013; x_wconf 86' lang='lat' dir='ltr'><strong>ipsorum</strong></span> <span class='ocrx_word' id='word_1_335' title='bbox 843 3928 1083 3995; x_wconf 86' lang='lat' dir='ltr'><strong>Prioris</strong></span> <span class='ocrx_word' id='word_1_336' title='bbox 1112 3944 1178 3995; x_wconf 88' lang='lat' dir='ltr'><strong>et</strong></span> <span class='ocrx_word' id='word_1_337' title='bbox 1214 3930 1591 3997; x_wconf 82' lang='lat' dir='ltr'><strong>Conventus</strong></span> <span class='ocrx_word' id='word_1_338' title='bbox 1622 3930 1689 3995; x_wconf 86' lang='lat' dir='ltr'><strong>in</strong></span> <span class='ocrx_word' id='word_1_339' title='bbox 1719 3930 1915 3997; x_wconf 81' lang='lat' dir='ltr'><strong>domo</strong></span> <span class='ocrx_word' id='word_1_340' title='bbox 1945 3954 2061 3995; x_wconf 88' lang='lat' dir='ltr'><strong>suo</strong></span> <span class='ocrx_word' id='word_1_341' title='bbox 2093 3927 2454 4015; x_wconf 82' lang='lat' dir='ltr'><strong>capitulari,</strong></span> 
     </span>
     <span class='ocr_line' id='line_1_41' title="bbox 141 4012 2454 4169; baseline 0 -93"><span class='ocrx_word' id='word_1_342' title='bbox 141 4028 207 4077; x_wconf 90' lang='lat' dir='ltr'><strong>et</strong></span> <span class='ocrx_word' id='word_1_343' title='bbox 237 4028 558 4101; x_wconf 82' lang='lat' dir='ltr'><strong>quantum</strong></span> <span class='ocrx_word' id='word_1_344' title='bbox 609 4014 696 4083; x_wconf 75' lang='lat' dir='ltr'><strong>ad</strong></span> <span class='ocrx_word' id='word_1_345' title='bbox 743 4016 1218 4103; x_wconf 78' lang='lat' dir='ltr'><strong>apposicionem</strong></span> <span class='ocrx_word' id='word_1_346' title='bbox 1265 4016 1454 4105; x_wconf 80' lang='lat' dir='ltr'><strong>sigilli</strong></span> <span class='ocrx_word' id='word_1_347' title='bbox 1485 4016 1735 4105; x_wconf 64' lang='lat' dir='ltr'><strong>praefati</strong></span> <span class='ocrx_word' id='word_1_348' title='bbox 1766 4016 2051 4169; x_wconf 44' lang='lat' dir='ltr'><strong>magistri</strong></span> <span class='ocrx_word' id='word_1_349' title='bbox 2082 4014 2359 4081; x_wconf 85' lang='lat' dir='ltr'><strong>Thomae</strong></span> <span class='ocrx_word' id='word_1_350' title='bbox 2392 4012 2454 4077; x_wconf 89' lang='lat' dir='ltr'><strong>in</strong></span> 
     </span>
     <span class='ocr_line' id='line_1_42' title="bbox 141 4101 2461 4182; baseline 0.001 -19"><span class='ocrx_word' id='word_1_351' title='bbox 141 4102 533 4167; x_wconf 79' lang='lat' dir='ltr'><strong>monasterio</strong></span> <span class='ocrx_word' id='word_1_352' title='bbox 589 4101 1038 4181; x_wconf 87' lang='lat' dir='ltr'><strong>Dunelmensi,</strong></span> <span class='ocrx_word' id='word_1_353' title='bbox 1089 4104 1314 4169; x_wconf 83' lang='lat' dir='ltr'><strong>ultimo</strong></span> <span class='ocrx_word' id='word_1_354' title='bbox 1367 4104 1474 4169; x_wconf 91' lang='lat' dir='ltr'><strong>die</strong></span> <span class='ocrx_word' id='word_1_355' title='bbox 1528 4104 1763 4173; x_wconf 84' lang='lat' dir='ltr'><strong>mensis</strong></span> <span class='ocrx_word' id='word_1_356' title='bbox 1892 4102 2230 4182; x_wconf 81' lang='lat' dir='ltr'><strong>ovembris,</strong></span> <span class='ocrx_word' id='word_1_357' title='bbox 2285 4123 2461 4171; x_wconf 82' lang='lat' dir='ltr'><strong>anuo</strong></span> 
     </span>
     <span class='ocr_line' id='line_1_43' title="bbox 147 4184 1757 4279; baseline 0.004 -30"><span class='ocrx_word' id='word_1_358' title='bbox 147 4184 419 4257; x_wconf 83' lang='lat' dir='ltr'><strong>Domini</strong></span> <span class='ocrx_word' id='word_1_359' title='bbox 451 4189 796 4259; x_wconf 83' lang='lat' dir='ltr'><strong>millesimo</strong></span> <span class='ocrx_word' id='word_1_360' title='bbox 825 4198 1024 4257; x_wconf 67' lang='lat' dir='ltr'><strong>cccmo</strong></span> <span class='ocrx_word' id='word_1_361' title='bbox 1056 4191 1474 4279; x_wconf 81' lang='lat' dir='ltr'><strong>nonagesimo</strong></span> <span class='ocrx_word' id='word_1_362' title='bbox 1505 4204 1757 4279; x_wconf 85' lang='lat' dir='ltr'><strong>quarto.</strong></span> 
     </span>
    </p>
   </div>
  </div>
 </body>
</html>
