3000 5117
416 432 557 501 118
922 444 1127 495 ms‘r.
1164 443 1524 495 DUNELM.
1565 443 2029 500 scal-ewam
2065 446 2278 505 rans.

590 950 746 998 CAP.
794 947 1034 993 xnvm.
1126 947 1214 993 DE
1250 944 1808 994 connl'rlomlws
1837 948 2190 995 Lunowicl
2223 950 2538 997 81⁸1on

1270 1036 1358 1081 ΕΤ
1387 1034 1631 1081 MORTE
1665 1036 1853 1087 13:118.

1256 1174 1399 1229 tus.
1422 1174 1551 1244 cap.
1666 1176 1756 1230 fol.
1779 1179 1925 1244 εει]

540 1320 700 1385 Erat
748 1320 869 1384 iste
918 1315 1303 1383 Ludowicus
1354 1338 1728 1401 generosus,
1774 1318 1926 1411 quia
1969 1318 2054 1385 de
2098 1322 2410 1408 sanguine
2461 1323 2724 1411 Regum

423 1408 715 1472 Franciae
759 1420 827 1471 et
876 1405 1171 1482 Ciciliae3
1216 1404 1383 1468 facie
1433 1420 1762 1483 venustuS,
1809 1406 1924 1471 sed
1973 1406 2208 1474 debilis
2239 1410 2532 1495 pedibus,
2565 1412 2726 1501 quia

420 1510 692 1583 utroque
716 1494 883 1579 pede
913 1492 1316 1569 claudicans3
1346 1490 1606 1578 dapsilis
1629 1492 1838 1572 nimis,
1872 1492 1960 1559 ita
1983 1509 2056 1560 ut
2085 1517 2124 1561 a
2153 1498 2369 1561 multis
2391 1499 2726 1565 diceretur

416 1578 765 1668 prodigus}
824 1580 907 1645 ad
966 1580 1331 1645 habendum
1392 1578 1684 1664 cupidus,
1743 1580 1857 1645 sed
1932 1582 2018 1647 de
2067 1584 2284 1671 modo·
2339 1586 2726 1674 adquirendi

418 1668 627 1734 minus
657 1666 952 1733 curans-¹*
1050 1666 1342 1732 Onerosa
1370 1665 1542 1731 enim
1569 1666 1816 1732 familia
1844 1691 2035 1755 qua-m
2083 1672 2370 1751 tenebat,
2403 1686 2470 1739 et
2499 1696 2724 1762 sump-

416 1772 519 1822 tus
550 1754 856 1842 superflui
886 1776 1049 1841 quos
1077 1754 1335 1839 agebat,
1383 1775 1422 1817 a
1450 1754 1681 1839 quibus
1711 1777 1830 1841 per
1857 1757 2102 1821 nullum
2133 1760 2470 1826 eonsilium
2497 1763 2723 1848 potuit

416 1842 766 1917 refraenari,
816 1843 913 1909 ita
942 1841 1297 1927 eupiditate
1351 1840 1701 1907 affecerant
1746 1842 2030 1909 animum
2055 1845 2220 1930 ejuS,
2287 1848 2466 1935 quod
2518 1848 2720 1915 nichil

414 1931 654 1996 dimisit
684 1930 859 2018 quod
892 1930 1234 2017 [colorate]
1276 1927 1515 1992 habere.
1545 1942 1785 2015 posset.
1877 1930 2078 1996 Unde
2108 1932 2276 1999 dixit
2303 1934 2423 1999 sibi
2499 1936 2720 2005 uidam

414 2020 667 2105 sapiens
722 2018 897 2105 quod
930 2038 1251 2109 nunquam
1304 2016 1463 2080 vidit
1511 2016 1837 2081 hominem
1887 2016 1978 2083 ita
2021 2018 2327 2105 cupidum
2359 2022 2444 2087 ad
2517 2024 2722 2089 aben-

414 2108 589 2185 dum,
638 2120 706 2170 et
764 2106 857 2169 ita
906 2104 1263 2191 improvide
1287 2103 1514 2168 habita
1570 2104 2068 2189 dispensantem.
2163 2106 2440 2173 Causam
2497 2124 2720 2177 tamen

412 2194 698 2259 ecclesiae
760 2192 1021 2257 viriliter
1070 2190 1203 2274 egit
1253 2205 1479 2255 contra
1529 2190 2096 2278 Archiepiseopum
2139 2216 2258 2281 pro
2305 2196 2600 2265 libertate
2643 2202 2720 2265 in

418 2280 945 2357 Allertonschire,
978 2292 1206 2343 contra
1241 2277 1564 2344 Comitem
1616 2278 1703 2344 de
1753 2280 2069 2369 Warwyk
2117 2303 2238 2367 pro
2271 2283 2506 2350 Castro
2553 2286 2720 2351 Ber-

414 2368 618 2444 nardi,
676 2380 901 2432 contra
960 2365 1311 2431 Dominum
1360 2365 1512 2448 [de]
1561 2366 1833 2432 Clifford
1880 2390 2000 2454 pro
2067 2369 2510 2443 Herternesse.
2601 2376 2718 2441 Ad

412 2456 734 2543 sequelam
766 2454 935 2528 enim
968 2454 1103 2540 ejus
1134 2453 1255 2518 fuit
1283 2452 1677 2517 declaratum
1703 2454 1767 2519 in
1802 2455 2236 2527 parliamento
2283 2458 2483 2544 Regis
2534 2464 2714 2553 quod

418 2543 771 2629 Episcopus
821 2540 1273 2607 Dunelmensis
1322 2540 1520 2605 debet
1563 2541 1803 2607 habere
1856 2542 2287 2615 forisfacturas
2335 2568 2716 2632 guerrarum

413 2631 577 2695 infra
632 2631 962 2695 libertates
1026 2627 1472 2715 Episcopatus,
1535 2642 1608 2693 ut
1671 2628 1816 2693 Rex
1888 2630 2085 2696 habet
2159 2648 2368 2699 extra.
2465 2634 2719 2707 Contra

410 2720 647 2801 [eciam
680 2716 1010 2781 dominum
1062 2716 1462 2791 Johannem]
1528 2715 1748 2804 Darcy
1775 2740 1897 2802 pro
1947 2719 2218 2785 ecelesia
2261 2723 2346 2787 de
2393 2723 2719 2809 Symund-

412 2807 576 2871 born
608 2805 713 2869 diu
750 2802 1023 2889 litigavit
1041 2826 1061 2879 ;
1105 2802 1221 2867 sed
1248 2818 1455 2867 morte
1488 2816 1854 2889 praeventus
1885 2805 2077 2870 nichil
2107 2807 2337 2873 horum
2387 2811 2469 2875 ad
2516 2810 2718 2879 finem

411 2892 739 2979 perduxit.
837 2892 1071 2956 Castus
1118 2907 1279 2961 erat.
1310 2890 1421 2954 sed
1474 2889 1721 2968 laicu83
1769 2890 2071 2959 Latinum
2131 2918 2266 2960 non
2325 2896 2714 2983 intelligens,

413 2981 526 3045 sed
558 3003 705 3045 cum
738 2978 1115 3044 difficultate
1143 2975 1598 3063 pronuncians.
1690 2978 1888 3045 Unde
1916 3003 2064 3047 eum
2116 2979 2183 3047 in
2231 2986 2717 3054 consecratione

412 3091 529 3133 sua
556 3068 847 3153 profiteri
875 3067 1120 3144 debuit,
1163 3066 1451 3153 quamvis
1482 3087 1600 3151 per
1629 3065 1865 3131 multos
1893 3066 2034 3134 dies
2062 3084 2210 3136 ante
2258 3070 2714 3140 instructorem

411 3156 757 3236 habuisset,
810 3155 1030 3243 legere
1088 3152 1405 3229 nescivit3
1486 3164 1558 3218 et
1612 3173 1760 3217 cum
1806 3156 2307 3221 auriculantibus
2364 3160 2504 3224 aliis
2562 3184 2716 3229 cum

410 3243 787 3309 difficultate
847 3242 930 3308 ad
984 3240 1143 3306 illud
1192 3240 1456 3305 verbum
1502 3240 1981 3323 Metropoliticae
2037 3244 2445 3328 pervenisset,
2499 3261 2570 3313 et
2599 3252 2714 3315 diu

412 3331 714 3394 anhelans
742 3328 1165 3415 pronunciare
1194 3347 1325 3392 non
1357 3344 1593 3412 posset,
1624 3327 1792 3394 dixit
1837 3328 1901 3393 in
1939 3330 2195 3397 Gallico
2223 3334 2371 3416 Seyt
2399 3356 2532 3417 pur
2559 3340 2712 3408 dite.

420 3417 781 3503 Stupebant
820 3437 1043 3481 omnes
1073 3416 1580 3493 circumstantem,
1613 3415 1910 3482 dolentes
1953 3418 2146 3483 talem
2195 3418 2261 3483 in
2321 3420 2714 3509 Episcopum

412 3504 941 3571 consecrandum.
1038 3502 1125 3566 Et
1174 3521 1322 3565 cum
1370 3501 1568 3566 semel
1625 3502 1980 3569 celebraret
2017 3506 2326 3585 Ordines,
2391 3530 2510 3575 nec
2553 3512 2716 3577 illud

414 3592 681 3655 verbum
742 3596 811 3654 in
860 3591 1185 3671 aem'qmate
1258 3588 1548 3672 proferre
1607 3604 1842 3673 posset,
1911 3591 2076 3660 dixit
2133 3593 2714 3680 circumstantibus,

413 3680 557 3743 Par
584 3680 773 3760 Seynt
799 3678 1035 3755 Lowis,
1082 3678 1135 3741 it
1158 3678 1333 3759 nefic
1352 3698 1481 3759 pas
1522 3686 1792 3760 curtam,
1837 3684 1948 3762 qui
1973 3689 2100 3745 cest
2130 3686 2356 3763 parole
2384 3688 2486 3768 icy
2505 3692 2714 3753 exn-it.

418 3768 622 3843 Quasi
668 3786 784 3849 per
830 3778 1036 3833 totum
1070 3776 1324 3848 tempus
1368 3762 1778 3850 episcopatus
1822 3766 1919 3829 sui
1961 3768 2226 3847 studuit,
2267 3772 2596 3857 quomodo
2625 3775 2714 3839 de

419 3854 641 3919 Priore
664 3868 731 3918 et
757 3853 1094 3919 Conventu
1118 3853 1449 3935 pecuniam
1476 3864 1863 3939 extorquere
1889 3856 2164 3939 posset.†
2237 3856 2492 3923 Bullam
2517 3882 2712 3927 unam

412 3941 639 4008 habuit
667 3940 750 4007 ad
784 3938 1263 4027 praeficiendum
1296 3939 1360 4001 in
1402 3937 1689 4003 Priorem
1724 3940 2234 4007 Dunelmensem
2265 3966 2716 4034 quemcunque

414 4032 499 4095 de
528 4031 727 4094 domo
758 4030 990 4103 vellet3
1036 4025 1227 4091 aliam
1258 4025 1342 4089 ad
1388 4024 1757 4089 habendum
1789 4044 2082 4114 quartam
2114 4046 2362 4117 partem
2391 4033 2714 4103 bonorum

416 4119 748 4184 Prioratus
800 4118 954 4181 dum
1007 4135 1239 4202 guerra
1282 4112 1524 4178 Scotiae
1580 4113 1856 4179 duraret.
1951 4117 2080 4183 Sed
2114 4116 2266 4204 quia
2315 4118 2456 4186 istae
2505 4122 2720 4190 Bunae

412 4206 775 4289 impetratae
808 4218 987 4267 erant
1021 4201 1217 4265 tacita
1271 4202 1540 4264 veritate
1573 4214 1640 4264 et
1667 4216 1970 4289 suggesta
2015 4204 2307 4282 falsitate,
2339 4208 2547 4274 noluit
2577 4214 2717 4300 ejus

417 4292 776 4356 Concilium
808 4295 897 4354 eis
932 4289 1041 4353 uti.
1142 4287 1494 4352 Palesridos
1531 4294 1628 4367 [et
1665 4289 1978 4372 exennia]
2011 4313 2170 4379 quos
2209 4294 2393 4358 Prior
2423 4298 2542 4361 sibi
2587 4302 2716 4364 fre.

765 4470 787 4496 ·
831 4464 1147 4515 Arrrwmx.
1188 4462 1289 4515 No.
1328 4478 1482 4514 xctx.
1515 4478 1596 4513 cv.
1672 4469 1712 4530 †
1735 4466 2056 4519 Arrmuux.
2084 4466 2186 4519 No.
2217 4482 2368 4521 xcrx.
