3000 5117
747 470 1198 524 oAurmnus
1233 466 1336 521 mt
1373 469 1927 523 cotun-ronan.
2388 454 2488 537 27

128 632 528 730 [vei-terent,
575 633 690 722 qui
737 632 1176 721 spiritualibus
1213 630 1450 718 corrigi
1477 626 1828 719 disciplinis
1858 630 2229 699 noluissent.
2330 630 2489 697 Om-

181 745 426 809 nesque
474 722 537 787 ei
589 723 912 810 subjectos
965 744 1004 785 a
1049 718 1362 785 fidelitate
1407 733 1473 785 et
1530 718 1833 807 homagio
1884 719 2005 785 sibi
2055 718 2231 785 facto
2280 718 2491 784 absol·

177 810 292 886 vit,
345 810 704 897 injungens
756 822 830 875 ut
877 806 1028 874 duci
1081 804 1426 884 exercitus,
1479 828 1675 893 quem
1728 806 2031 886 mitteret,
2086 828 2319 871 manus
2378 806 2493 871 da-

177 910 344 972 rent,
379 911 450 962 et
481 897 554 959 iu
581 896 886 963 rebellem
935 892 1320 960 unanimiter
1349 892 1528 957 imur
1608 905 1775 957 rent.
1868 892 2203 959 Sententia
2276 915 2489 981 uoque

175 983 610 1049 anathematis
655 996 724 1047 et
775 983 838 1047 in
893 1004 1040 1047 eum
1089 993 1157 1047 et
1197 980 1268 1045 in
1319 1002 1467 1045 suos
1556 1003 1597 1045 e
1640 992 1855 1045 cetero
1900 980 2201 1047 effectum
2330 980 2485 1049 berc

175 1069 554 1145 mandavit3
602 1084 671 1135 et
712 1069 964 1133 nullum
1015 1067 1098 1132 de
1147 1089 1344 1132 carne
1391 1088 1509 1133 sua
1546 1080 1697 1153 post
1746 1088 1815 1131 se
1866 1081 2277 1153 regnaturum
2330 1090 2485 1133 con-

175 1156 478 1234 firmavit,
527 1156 648 1221 nisi
673 1156 962 1221 ecclesiae
995 1152 1152 1231 Dei,
1181 1176 1373 1241 quam
1405 1153 1657 1231 leserat,
1690 1152 2101 1233 satisfaceret,
2152 1170 2219 1221 et
2269 1156 2487 1222 omnia

174 1242 394 1309 ablata
457 1244 840 1309 restitueret.
961 1241 1497 1329 Induratumques
1532 1253 1631 1305 est
1688 1262 1804 1305 cor
1858 1240 2078 1329 Regis,
2132 1264 2253 1307 nec
2301 1242 2487 1307 minis

173 1330 554 1416 apostolicis
607 1329 821 1407 cessit,
873 1350 1082 1417 neque
1129 1326 1477 1393 blanditiis.
1599 1326 1979 1393 Gwalenses
2022 1326 2239 1417 igitur,
2294 1344 2489 1414 rupto

169 1418 424 1483 foedere
455 1416 638 1503 quod
667 1438 814 1481 cam
863 1416 1050 1505 Rege
1110 1414 1490 1502 ‘ampridem
1544 1413 1853 1493 fecerant,
1906 1415 1975 1479 in
2022 1430 2257 1482 terram
2310 1438 2489 1482 suam

170 1504 576 1589 irruperunt,
607 1517 676 1569 et
713 1516 962 1587 strages
993 1524 1096 1567 mn
1127 1516 1224 1567 tas
1251 1517 1319 1567 et
1351 1501 1635 1589 dampna
1664 1500 1973 1567 fecerunt.
2069 1502 2173 1567 Ad
2260 1526 2489 1569 uorum

171 1590 500 1657 feritatem
533 1591 959 1657 cohibendam
1003 1590 1294 1656 homines
1356 1588 1857 1675 Episcopatuum
1904 1601 1970 1655 et
2014 1590 2234 1656 Abbat
2282 1592 2487 1658 iarum

171 1679 550 1744 vacantium
599 1677 670 1743 in
727 1676 1067 1742 Gwauiam
1120 1674 1376 1763 fatigari
1407 1675 1623 1762 jussit,
1656 1691 1723 1741 et
1750 1674 1875 1741 hoc
1926 1676 1995 1741 in
2040 1676 2489 1745 ecclesiasticae

173 1765 494 1831 libertatis
558 1763 1004 1849 proejudicium
1051 1762 1237 1851 egit]
1333 1762 1655 1829 Homines
1708 1784 1965 1851 quoque
2021 1767 2487 1833 monachorum

177 1850 604 1918 Dunhelmiae
641 1852 712 1930 [Ρ
739 1854 884 1935 qui]
901 1850 1004 1914 hic
1027 1850 1330 1917 hactenus
1351 1850 1416 1913 in
1439 1848 1719 1936 quodam
1744 1850 1887 1915 sinu
1918 1852 2117 1936 patris
2140 1852 2494 1933 latuerant,-

176 1939 258 2005 ad
285 1960 671 2004 communes
701 1937 904 2003 tallias
928 1951 993 2003 et
1015 1937 1390 2003 vexationes
1407 1949 1475 2001 et
1504 1958 1707 2003 onera
1732 1938 2321 2023 compellebantur;
2364 1964 2487 2009 nec

176 2048 286 2091 eos
315 2026 506 2091 beati
571 2026 782 2091 Patris
843 2022 1184 2090 cuthberti
1244 2024 1548 2090 tuebatur
1598 2024 1993 2102 reverentia3
2048 2048 2169 2091 nec
2220 2027 2487 2115 aliquod

173 2113 296 2178 hiis
355 2113 722 2178 remedium
777 2110 1178 2177 consuetudo
1238 2112 1522 2197 antiqua,
1576 2132 1788 2198 neque
1846 2112 2135 2177 ecclesiae
2193 2116 2489 2181 conferre

173 2215 490 2286 poterant
520 2198 874 2285 privilegia.
995 2197 1244 2263 Eodem
1293 2213 1583 2282 tempore
1628 2197 1789 2263 obiit
1832 2198 2189 2265 Gaufridus
2240 2200 2487 2267 Ebora-

177 2288 386 2351 censis
447 2286 1015 2372 ArchiepiscopuS,
1067 2285 1250 2371 cujus
1301 2284 1619 2369 depositio
1670 2284 1949 2370 plurima
2006 2287 2289 2353 ccclesiae
2346 2311 2485 2355 suae

175 2373 392 2440 suerat
407 2374 753 2444 desolatio.
835 2372 1196 2438 Defunctus
1217 2385 1315 2437 est
1334 2388 1402 2437 et
1437 2371 1807 2437 Bertramus
1843 2373 2027 2438 Prior
2048 2374 2485 2455 Dunhelmiae,

177 2464 358 2546 cujus
389 2462 564 2526 sicut
591 2460 724 2527 vita
753 2461 836 2525 ad
867 2482 1160 2545 magnam
1193 2458 1559 2524 hominibus
1614 2458 1831 2525 Sancti
1888 2460 2235 2529 Cuthberti
2274 2462 2491 2529 extitit

177 2548 642 2614 consolationis
671 2548 1014 2626 medelam,
1058 2546 1151 2611 ita
1177 2568 1440 2611 occasus
1471 2546 1555 2611 ad
1607 2570 1875 2613 summae
1904 2546 2315 2613 desolationis
2344 2549 2487 2615 fore

179 2636 540 2720 putabatur
578 2656 1000 2721 aerumpnam.
1093 2632 1222 2699 Sed
1253 2654 1391 2698 non
1421 2632 1629 2698 defuit
1658 2634 1893 2699 divinoe
1921 2635 2132 2722 gratia
2159 2636 2483 2703 bonitatis.

181 2724 350 2788 Cum
381 2723 562 2787 enim
587 2723 813 2787 fratres
845 2726 982 2809 ejus
1011 2720 1258 2785 obitum
1303 2719 1388 2785 ad
1443 2720 1693 2805 Regem
1726 2721 2055 2787 deferrent
2072 2747 2093 2798 ς
2145 2723 2487 2791 inclinatus

179 2810 268 2873 eis
312 2810 492 2887 Rex,
525 2824 594 2875 et
629 2808 960 2874 doloribus
997 2806 1414 2894 compatiens,
1447 2810 1779 2886 concessit,
1814 2822 1885 2873 ut
1921 2832 2109 2895 quem
2143 2811 2383 2878 vellent
2403 2812 2487 2877 de

177 2896 306 2961 suis
359 2896 708 2981 eligerent,
756 2912 824 2960 et
887 2898 954 2961 in
1037 2894 1327 2960 Priorem
1409 2910 1885 2979 promoverent.
1953 2896 2337 2985 Electusquc
2388 2914 2488 2965 est

181 2984 504 3069 dompnus
548 2982 968 3061 willielmus,
997 2981 1080 3047 de
1108 3004 1248 3059 sua,
1278 2982 1400 3045 hoc
1431 2995 1549 3055 est,
1583 2981 1667 3046 de
1711 2982 2183 3048 Dunbelmensi
2225 2984 2485 3051 civitate

179 3070 513 3136 oriundus.
611 3070 1084 3157 Habebantque
1107 3091 1230 3153 pro
1271 3066 1597 3146 miraculo,
1629 3070 1693 3132 in
1726 3081 1911 3133 tanta
1962 3091 2173 3135 rerum
2222 3071 2489 3137 necessi-

179 3171 308 3224 tate
338 3170 408 3225 et
442 3166 754 3243 temporis
786 3156 1100 3224 brevitate
1123 3169 1370 3241 patrem
1395 3155 1478 3221 de
1500 3178 1569 3221 se
1592 3154 1741 3242 ipsis
1772 3156 2201 3243 assumpsisse.

773 3572 928 3621 CAP.
960 3572 1076 3618 XX.
1128 3574 1218 3617 ΒΕ
1251 3572 1480 3620 Pss‘rtto
1507 3574 1899 3621 PnoPnssTA.

896 3715 1042 3781 [MS.
1069 3712 1198 3782 Cap.
1222 3730 1442 3781 cxxvii,
1466 3715 1555 3768 fol.
1580 3718 1694 3777 177.
1716 3718 1795 3787 bd

270 3856 386 3945 [In
437 3855 666 3920 diebus
719 3854 844 3919 illis
890 3868 1030 3921 erat
1124 3856 1336 3921 uidam
1373 3857 1624 3938 Petrus,
1669 3859 1778 3945 qui
1808 3861 2099 3947 spiritum
2130 3863 2487 3947 propbetiae

185 3944 426 4010 habere
471 3943 830 4008 dicebatur.
896 3942 1032 4009 Hic
1077 3880 1247 4028 {tegi
1295 3944 1597 4029 praedixit
1640 3947 1791 4047 quia
1825 3948 2192 4021 advenienti
2222 3948 2331 4015 die
2368 3954 2488 4017 As-

191 4030 502 4097 centionis
546 4028 848 4116 proxima
884 4030 1156 4118 amplius
1187 4054 1317 4096 non
1345 4046 1647 4116 regnaret
1674 4056 1739 4097 m
1776 4035 2095 4119 Angliam.
2192 4036 2487 4125 Cumque

189 4119 388 4183 multa
433 4116 862 4203 praedixisset,
905 4132 974 4184 et
1017 4116 1466 4217 contigissent;
1513 4142 1757 4221 omnes,
1806 4122 1915 4210 qui
1960 4120 2313 4202 audierant,
2360 4126 2487 4194 hiis

189 4202 1837 4379 &⁰⁶‘132'3m‘22322323‘333t2{ffitssnaffi
1867 4210 2489 4387 ἑὲἱῗηῖἶᾶξῗέζῗὲ.

191 4379 460 4457 dixerat,
495 4401 726 4466 ,neque
773 4379 858 4444 de
903 4394 1086 4467 raptu
1125 4378 1344 4468 Regis,
1377 4402 1460 4445 ne
1487 4381 1573 4447 de
1602 4384 1919 4469 ejectione
1977 4388 2133 4470 ejuS,
2168 4408 2373 4473 neque
2403 4388 2488 4454 de

195 4480 394 4533 morte
445 4466 846 4554 contigisset,
896 4466 1234 4535 ridiculum
1287 4468 1599 4537 tenebant
1652 4484 1721 4537 et
1768 4469 2089 4540 frivolum.
2201 4472 2503 4551 Quidam.
