3000 5117
506 382 715 454 xxxvi
947 402 1159 453 ms'r.
1194 400 1554 453 numina.
1595 396 2061 453 scrumosus
2091 400 2303 454 Tuas.

506 564 727 642 callus,
765 576 841 629 et‘
881 564 999 665 qui
1038 562 1425 629 deliberabit
1471 564 1907 648 praebendam,
1932 562 2180 648 jurabit
2231 562 2406 651 quod
2438 562 2672 631 dictam
2700 586 2797 632 as-

508 654 703 739 sisam·
753 653 1037 733 fideliter
1083 651 1348 716 tenebit.
1441 652 1529 714 Et
1578 652 1661 715 ad
1711 651 1836 715 hoc
1889 651 2236 733 designata·
2273 663 2370 716 est
2423 653 2671 739 capella
2717 652 2804 717 de

514 739 853 826 Groxtayl‚
888 762 1035 803 cum
1088 738 1386 803 omnibus
1435 737 1698 802 decimis
1744 751 1810 803 et
1843 736 2284 802 oblacionibus
2314 752 2381 804 et
2403 740 2801 805 obventioni-

511 826 631 889 bus
680 826 765 891 de
820 825 1133 911 Croxtayl
1185 842 1250 890 et
1305 825 1388 888 de
1452 824 1879 897 Sunderland,
1913 839 1981 889 et
2033 838 2171 888 tota
2215 825 2469 891 decima
2494 826 2670 892 bladi
2716 827 2800 891 de

509 913 681 977 ultra
724 938 761 977 a
808 936 979 978 uam.
1082 913 1243 977 Item
1290 924 1603 977 statutum
1635 924 1731 977 est
1761 914 1844 977 de
1875 912 2137 988 eisdem,
2169 926 2264 991 ut,
2296 913 2362 976 in
2393 914 2694 979 mandato
2737 913 2810 977 in-

510 1020 698 1065 coena
754 935 1042 1077 gomini,
1084 1000 1209 1065 sint
1256 1021 1509 1085 semper
1553 999 1917 1101 quindecies
1951 997 2169 1083 viginti
2203 1022 2519 1086 pauperes
2560 1014 2630 1065 et
2657 1020 2798 1078 vm,

512 1109 788 1175 quorum
820 1087 1049 1172 singuli
1080 1100 1356 1173 quatuor
1402 1085 1714 1171 recipient
1743 1085 2080 1161 denarios;
2125 1086 2234 1171 qui
2266 1087 2512 1152 denarii
2542 1101 2688 1153 sunt
2716 1088 2803 1151 ita

514 1173 843 1263 assignati.
940 1175 1047 1239 De
1091 1174 1343 1237 decima
1384 1173 1650 1238 dominii
1702 1174 1786 1238 de
1835 1173 2156 1237 Heworth
2206 1195 2288 1239 111
2341 1198 2612 1241 marcas·
2697 1176 2806 1239 De

508 1274 683 1326 terra
728 1261 993 1348 capellae
1026 1262 1080 1346 ej
1093 1262 1308 1325 usdem
1342 1260 1509 1324 villae
1541 1276 1606 1327 et
1633 1260 1884 1325 decIma
1911 1260 2196 1346 ejusdem
2227 1278 2414 1327 terrae
2439 1268 2606 1327 xxx⁸
2635 1261 2807 1326 vmd.

510 1348 619 1413 De
651 1365 824 1413 terra
853 1350 935 1413 de
971 1348 1457 1432 Cremelington
1490 1347 1826 1412 dimidium
1859 1369 2113 1415 marcae.
2208 1348 2314 1413 De
2345 1363 2521 1414 terra
2541 1350 2804 1435 capellae

510 1436 596 1499 de
636 1436 959 1523 Staynton
1008 1442 1106 1513 κ’,
1133 1452 1201 1499 et
1232 1457 1342 1520 pet
1388 1436 1727 1521 specialem
1759 1435 2259 1519 assignacionem
2297 1438 2692 1514 ConventuS,
2725 1436 2806 1501 de

511 1534 685 1587 terra
736 1524 819 1587 de
872 1522 1203 1599 Heworth,
1237 1544 1430 1609 qnam
1492 1522 1804 1591 Ricardus
1863 1522 2044 1587 Brun
2097 1523 2244 1609 (sic)
2278 1532 2448 1589 xxx’.
2543 1526 2806 1591 Summa

507 1608 919 1675 denariorum
972 1617 1037 1674 c⁸
1088 1624 1158 1674 et
1200 1611 1474 1674 xxvmd.
1565 1612 1832 1677 Summa
1875 1628 2252 1696 pauperum,
2302 1624 2376 1675 ut
2413 1610 2660 1677 dictum
2691 1622 2814 1689 est,

509 1697 880 1784 quindecies
942 1696 1001 1761 vi
1051 1696 1169 1761 inti
1229 1712 1297 1761 et
1350 1718 1499 1767 vm.
1599 1697 1767 1763 Item
1826 1710 2135 1763 statutum
2197 1712 2293 1762 est
2353 1721 2469 1784 per
2518 1699 2806 1777 eosdem,

508 1800 757 1871 postea,
792 1798 865 1850 ut
895 1722 1183 1873 quzfiibet
1214 1784 1319 1849 die
1373 1784 1644 1849 Veneris
1675 1784 1960 1871 qualibet
2003 1783 2220 1869 vigilia
2248 1807 2364 1870 per
2393 1807 2660 1863 annum,
2693 1786 2810 1849 sci-

507 1872 663 1937 licet
699 1872 967 1949 Natalis,
1010 1872 1298 1949 Paschae,
1337 1872 1774 1950 PentecosteS,
1807 1870 2120 1935 ,Iohannis
2177 1872 2510 1957 Baptistae,
2545 1886 2615 1939 et
2654 1874 2810 1939 Om-

509 1960 687 2023 nium
744 1958 1231 2044 Apostolorum,
1266 1972 1332 2024 et
1372 1960 1657 2044 qualibet
1687 1958 1903 2041 vigilia
1929 1961 2142 2023 beatae
2173 1959 2458 2047 Virginis
2487 1974 2558 2025 et
2605 1959 2812 2025 sancti

512 2046 882 2123 Cuthberti,
917 2058 983 2111 et
1012 2045 1231 2134 vigilia
1267 2045 1573 2110 Omnium
1614 2047 2020 2124 Sanctorum,
2043 2060 2185 2111 tota
2226 2047 2513 2125 cervisia,
2549 2070 2700 2135 quae
2745 2048 2809 2111 in

500 2134 773 2219 justiciis
806 2132 1201 2211 remanserit,
1236 2133 1407 2198 cedit
1450 2133 1916 2210 elemosinariO,
1948 2134 2034 2198 ad
2073 2156 2258 2197 usum
2288 2156 2670 2220 pauperum,
2701 2134 2812 2222 qui

510 2220 579 2285 in
633 2220 1079 2287 elemosinaria
1123 2233 1296 2299 sunt,
1330 2220 1616 2285 fideliter
1666 2222 2014 2305 eroganda.
2110 2222 2277 2285 Item
2325 2233 2646 2287 statutum
2691 2235 2808 2301 est,

511 2324 759 2395 postea,
814 2331 933 2395 per
984 2308 1268 2386 eosdem,
1303 2310 1368 2371 in
1423 2308 1855 2372 anniversario
1903 2308 2202 2373 willelmi
2257 2308 2561 2395 Episcopi
2596 2310 2816 2395 primi,

516 2393 785 2480 singulis
836 2394 1040 2473 anniS,
1096 2396 1163 2459 in
1214 2410 1403 2459 nocte
1450 2397 1886 2481 praecedente,
1923 2410 2098 2461 totus
2131 2396 2532 2474 Conventus,
2567 2396 2816 2462 scilicet

512 2506 736 2547 omnes
766 2483 875 2569 qui
908 2482 1211 2548 interesse
1241 2494 1540 2567 possunt,
1562 2495 1712 2547 eant
1743 2484 1827 2547 ad
1861 2485 2170 2549 Sanctum
2204 2483 2645 2550 Cuthbertum
2667 2506 2817 2549 cum

518 2569 723 2638 rerba
750 2593 887 2636 mea
915 2584 982 2635 et
1014 2568 1217 2634 tribus
1246 2569 1664 2647 orationibus,
1695 2569 1958 2647 scilicet,
1992 2574 2172 2635 Deus
2191 2576 2302 2655 qui
2322 2576 2482 2637 inter
2501 2573 2825 2655 Apostoli·

507 2681 612 2723 eos
658 2658 1083 2747 singulariter,
1130 2669 1196 2722 et
1244 2670 1472 2742 postea
1498 2658 1768 2723 Domine
1793 2679 2119 2743 quesumus
2137 2662 2452 2741 fidelium,
2481 2670 2551 2722 et
2583 2660 2826 2725 eodem
2885 2710 2898 2721 ,

514 2746 622 2811 die
668 2763 1007 2831 pascantur
1052 2746 1117 2809 in
1147 2746 1325 2809 curia
1356 2765 1394 2808 e
1427 2766 1761 2829 pauperes-
1861 2746 1945 2809 Et
1978 2744 2263 2823 cervisia,
2296 2767 2444 2832 quae
2485 2745 2552 2809 in
2585 2748 2820 2812 eodem

514 2833 624 2897 die
671 2832 735 2897 in
779 2830 1051 2917 justiciis
1102 2846 1411 2909 remanet,
1446 2832 1636 2897 cedat
1667 2832 2134 2901 elemosinario,
2227 2832 2400 2898 Haec
2428 2835 2821 2900 constitucio

513 2920 687 2987 facta
743 2935 841 2986 est
900 2943 1015 3006 per
1076 2919 1492 3005 Radulphum
1561 2919 1870 2998 Priorem,
1917 2942 2033 3007 per
2089 2942 2428 2986 commune
2475 2922 2823 2986 consilium·
2895 2948 2906 2956 ·

446 3060 449 3065 .
512 3006 720 3074 tocius
778 3007 1063 3093 Capituli
1115 3006 1592 3085 DunelmensiS,
1649 3029 1842 3094 quam
1896 3006 2006 3094 qui
2055 3008 2575 3095 augmentaverit
2631 3010 2833 3074 Deus

515 3096 575 3160 ei
623 3096 979 3161 retribuat:
1026 3093 1385 3160 diminuere
1432 3095 1645 3158 nullus
1675 3109 2043 3179 praesumat.
2113 3094 2180 3161 Si
2220 3095 2360 3182 quis
2392 3112 2614 3160 autem
2651 3118 2822 3181 prae-

512 3183 878 3269 sumpserit,
930 3181 1442 3265 indignacionem
1494 3181 1645 3260 Dei,
1694 3196 1759 3245 et
1787 3197 2028 3247 sanetae
2063 3182 2314 3262 Mariae,
2350 3196 2416 3248 et
2445 3198 2824 3251 sanctorum

518 3270 806 3341 Oswaldi
837 3283 903 3335 et
937 3268 1302 3347 Cuthberti,
1336 3292 1405 3335 se
1436 3269 1768 3335 incurrere
1794 3292 1924 3335 non
1957 3268 2269 3359 ambigat.

934 3443 1043 3506 De
1070 3446 1463 3525 coopertoriis
1493 3446 1862 3509 innovandis
1889 3448 1958 3509 in
1987 3446 2398 3509 Domitor-io.

608 3578 802 3657 Item,
830 3588 1141 3642 statutum
1150 3599 1282 3727 ‘pler
1303 3576 1585 3654 eosdem,
1619 3591 1711 3654 ut,
1745 3574 2005 3666 singulis
2029 3577 2229 3655 anniS,
2257 3600 2373 3663 per
2395 3581 2838 3646 camerarium·-

515 3666 627 3754 qui
678 3688 799 3753 pro
830 3678 1120 3751 tempore
1222 3665 1346 3729 erit
1376 3665 1761 3729 innoventur
1789 3664 1853 3728 in
1884 3664 2262 3730 dormitorio
2293 3688 2340 3729 x
2369 3670 2834 3753 coopertoria}

513 3753 625 3841 qui
659 3778 811 3819 vero
840 3776 1011 3817 nova
1036 3750 1356 3838 recipiunt
1387 3765 1611 3817 vetera
1649 3753 2002 3817 camerario
2031 3754 2328 3818 reddent.
2415 3755 2696 3823 Factum
2729 3770 2833 3823 est

511 3841 637 3909 hoc
668 3856 960 3929 tempore
990 3840 1235 3906 domini
1270 3839 1552 3906 Oswaldi
1583 3839 1940 3905 camerarii.

699 4018 885 4098 de
906 4017 1209 4084 Sacerdos
1227 4018 1340 4099 qui
1358 4017 1610 4081 missam
1636 4018 2060 4081 matutinam
2097 4018 2421 4083 celebravit
2438 4025 2542 4083 eat
2567 4020 2665 4083 ad

1224 4104 1493 4168 tumbam
1521 4106 1774 4169 Fratris
1803 4106 2090 4187 dffuncti.
2567 4114 2574 4119 ·

606 4237 794 4315 Item,
844 4250 1158 4303 statutum
1205 4250 1303 4303 est
1332 4260 1450 4324 per
1478 4238 1764 4317 eosdem,
1798 4240 1971 4326 quod
2005 4261 2153 4305 cum
2182 4238 2413 4327 aliquis
2453 4241 2836 4307 monachus

510 4323 701 4389 ‹lomi-
733 4323 985 4405 obierit,
1028 4326 1328 4392 sacerdos
1371 4324 1481 4413 qui
1527 4330 1782 4392 missam
1816 4328 2260 4393 matutinalem
2285 4326 2633 4393 celebravit
2665 4351 2830 4395 cum

510 4411 716 4477 erucis
775 4427 843 4481 et
900 4436 1087 4502 aquae
1146 4414 1508 4481 benedictae
1553 4413 1974 4501 portitoribus
2027 4430 2136 4482 eat
2199 4415 2284 4481 ad
2343 4416 2634 4482 tumbam
2693 4418 2836 4484 fra-
