3000 5117
503 436 650 504 104
955 451 1162 503 ms‘r.
1221 449 1583 518 mmmm.
1626 446 2089 501 scnu’ronss
2125 448 2338 502 raes.

501 631 723 677 eorum
754 610 1008 676 divitias
1035 611 1380 687 insaniunt,
1406 630 1527 674 nec
1554 608 1878 694 Episcopo
1898 631 2021 676 nec
2054 609 2523 678 Archidiacono
2542 611 2843 678 obedire

503 699 750 770 volunt.
888 698 1085 766 Unde
1154 711 1222 761 et
1291 698 1557 764 nomina
1608 696 2024 762 ecclesiarum
2099 697 2189 761 eis
2248 701 2838 784 appropriatarum

497 787 909 871 scripserunt,
960 800 1027 850 et
1081 783 1164 849 ad
1194 783 1517 868 duplicem
1551 783 1828 848 valorem
1863 781 2209 860 taxabantf,
2260 785 2316 852 si
2342 786 2509 850 forte
2541 807 2660 871 per
2690 786 2839 850 hoc

505 894 832 938 summum
886 871 1271 936 Pontificem
1302 869 1605 934 inducere
1631 883 1892 954 possent
1922 871 2005 936 ad
2035 870 2276 957 aliquid
2308 873 2397 936 eis
2428 873 2836 938 subtrahen-

506 961 684 1028 dum.
765 959 949 1024 Fecit
980 957 1170 1022 etiam
1198 955 1485 1021 Priorem
1516 955 1720 1034 citari,
1746 979 1875 1044 quo
1906 957 2096 1022 titulo
2127 958 2425 1023 ecclesias
2456 959 2547 1024 sic
2577 981 2835 1044 appro-

501 1045 748 1133 priatus
795 1045 1100 1119 tenebat3
1157 1043 1490 1126 [ecclesias
1537 1043 1729 1128 ipsas,
1777 1043 2021 1113 fructus
2065 1058 2135 1109 et
2177 1059 2525 1129 proventus
2554 1067 2625 1110 se
2674 1068 2839 1110 ues-

507 1133 744 1209 trabat,
773 1144 846 1199 ⁴et
873 1154 982 1196 eas
1013 1130 1260 1195 clericis
1291 1129 1657 1208 curialibus,
1691 1131 1802 1216 qui
1832 1153 1936 1195 eas
1963 1131 2026 1200 vi
2048 1131 2487 1211 defenderent,
2514 1156 2638 1199 con
2666 1155 2833 1198 erre

508 1219 893 1285 minabatur.
1018 1217 1215 1282 Unde
1272 1216 1574 1280 monachi
1629 1217 1853 1294 territi,
1906 1233 1971 1282 et
2024 1221 2093 1282 in
2146 1241 2215 1283 se
2258 1218 2469 1297 divisi,
2524 1220 2830 1309 quamvis

509 1329 730 1370 eorum
780 1303 1112 1369 consilium
1165 1303 1360 1367 nichil
1405 1303 1637 1368 horum
1670 1303 2025 1369 timendum
2060 1328 2196 1369 esse
2228 1322 2556 1384 assereret,
2590 1321 2823 1371 tamen

563 1393 807 1456 raefatae
837 1390 1291 1477 compositioni
1321 1404 1783 1454 consenserunt
1810 1413 1828 1466 ;
1861 1392 2147 1477 quamvis
2178 1406 2315 1456 toto
2346 1416 2573 1458 eorum
2604 1392 2831 1458 consi-

509 1417 601 1550 iio
629 1479 1038 1550 reclamante.
1137 1477 1449 1541 Praefatus
1477 1492 1697 1543 tamen
1726 1477 2041 1542 Ricardus
2069 1477 2154 1542 de
2181 1479 2404 1543 Eriom
2436 1495 2572 1544 erat
2594 1499 2829 1544 mona·

516 1567 784 1632 chorum
837 1563 1126 1640 clericus,
1175 1564 1388 1652 primo
1417 1562 1879 1652 pensionariae,
1910 1578 1980 1630 ,et
1996 1564 2370 1648 juramento
2400 1566 2717 1641 astrictus,
2752 1579 2832 1632 et

517 1675 637 1739 per
665 1673 778 1716 eos
802 1651 1135 1728 educat-m,
1162 1666 1228 1714 et
1249 1649 1733 1734 proebendarius
1760 1649 2260 1716 Hoffedenensis
2284 1653 2569 1717 effectuS.
2642 1652 2829 1726 Quia

518 1756 735 1804 tamen
789 1737 960 1802 illam
1011 1737 1429 1823 proebendam
1478 1750 1982 1802 commutaverat
2025 1759 2170 1802 cum
2222 1739 2349 1803 alia
2402 1739 2698 1816 Eboraci,
2733 1739 2827 1804 de

521 1847 832 1892 consensu
863 1836 928 1888 et
959 1824 1293 1889 voluntate
1320 1823 1713 1902 Conventua
1746 1824 1913 1888 dixit
1934 1847 2003 1888 se
2027 1828 2115 1889 eis
2140 1825 2411 1910 amplius
2434 1849 2564 1890 non
2588 1826 2823 1897 teneri.

519 1913 715 1983 Dixit
766 1911 935 1976 enim
989 1911 1163 1998 quod
1211 1932 1330 1995 pro
1375 1933 1510 1975 uno
1557 1911 1873 1976 beneficio
1918 1911 2083 1977 duos
2128 1911 2392 1977 clericos
2420 1913 2657 1982 habere
2682 1936 2827 1978 non

519 2001 773 2086 potuit3
803 1997 1029 2062 habuit
1059 1997 1252 2061 alium
1282 1996 1348 2060 in
1379 1998 1733 2083 praebenda
1768 1998 2213 2074 Hofdenensi3
2244 1999 2393 2064 ideo
2424 2003 2557 2085 ipse
2581 2014 2826 2064 exutus

522 2086 668 2153 fuit.
768 2085 898 2150 Sed
930 2086 1071 2149 haec
1108 2087 1273 2148 ratio
1303 2085 1649 2169 sophistica
1676 2085 1801 2148 fuit
1831 2085 2013 2148 nimis
2039 2109 2057 2161 3
2102 2100 2286 2171 patet
2316 2109 2431 2170 per
2460 2089 2825 2172 praestitum

519 2197 564 2246 ‚a
613 2172 1028 2259 pensionariis
1067 2175 1521 2259 juramentum.
1596 2171 1947 2258 Episcopus
1998 2195 2175 2248 vere,
2228 2173 2401 2238 facta
2447 2174 2820 2252 concordia,

521 2273 926 2348 sequestrum
959 2258 1022 2322 in
1054 2258 1340 2324 ecclesiis
1371 2259 1799 2344 appropriatis
1830 2259 2161 2338 relaxavit,
2197 2274 2287 2339 et,
2315 2263 2589 2346 acceptis
2612 2261 2824 2348 quad-

521 2349 776 2434 raginta
826 2345 1073 2423 marciS,
1117 2368 1237 2432 pro
1256 2347 1401 2431 jure
1437 2345 1676 2412 Prioris
1707 2347 2171 2431 pronunciavit,
2204 2349 2417 2434 quoad
2448 2352 2829 2434 appropria-

523 2437 762 2503 tionem
805 2433 1213 2498 ecclesiarum
1256 2456 1537 2511 suarum,
1592 2432 1880 2498 Priorem
1931 2447 1997 2498 et
2042 2433 2393 2519 capitulum
2439 2435 2827 2503 sufficienter

523 2522 802 2595 munitos
831 2519 1303 2588 sentencialiter
1333 2519 1680 2600 dimittenS,
1715 2543 1887 2586 anno
1917 2523 2188 2586 Domini
2219 2531 2607 2610 mcccxxV.]

683 2917 870 2992 [CAP.
902 2933 1046 2979 xm.
1093 2933 1180 2976 DE
1215 2932 1661 2977 nlssnustonss
1696 2933 1909 2976 INTER
1934 2931 2551 2976 ARCHIEPISCOPUM
2579 2931 2663 2976 ET

1229 3019 1549 3063 Pmonnm
1583 3019 1669 3062 ET
1694 3019 2129 3063 CAPITULUM.

1261 3162 1358 3232 [M
1365 3162 1414 3213 S.
1443 3161 1570 3228 Cap.
1594 3166 1834 3212 cmxxv.q
1860 3159 1945 3211 fol.
1967 3159 2111 3224 214]

621 3307 856 3392 [Anno
908 3300 1173 3366 Domini
1221 3319 1407 3365 Mccc
1456 3297 1762 3365 vicesimo
1795 3311 2043 3378 octavo,
2077 3299 2246 3365 circa
2275 3299 2504 3366 festum
2539 3302 2825 3370 omnium

540 3393 941 3466 Sanctorum,
996 3388 1229 3451 iterum
1278 3385 1559 3450 visitavit
1606 3385 1960 3472 Episcopus
2006 3388 2353 3471 capitulum
2400 3401 2468 3452 et
2496 3386 2823 3471 diocesim,

538 3477 650 3541 ubi
697 3497 844 3541 cum
897 3475 960 3536 in
1005 3475 1324 3560 principio
1375 3473 1669 3558 exigeret
1712 3475 2151 3558 juramentum
2205 3498 2244 3539 a
2294 3474 2595 3539 fratribus
2634 3500 2832 3564 super

541 3561 811 3628 veritate
863 3560 1162 3637 dicenda,
1210 3559 1680 3625 contradictum
1725 3574 1823 3630 est
1864 3561 1981 3626 sibi
2019 3562 2101 3626 ab
2131 3560 2346 3640 inicio,
2377 3577 2639 3647 propter
2665 3565 2834 3631 illud

541 3649 888 3732 capitulum
944 3647 1112 3711 sexti
1169 3645 1371 3725 Libri,
1422 3657 1465 3688 “
1491 3649 1845 3712 Romana.”
1955 3649 2149 3714 Unde
2198 3648 2351 3734 ipse,
2398 3650 2837 3734 juramentum

539 3737 862 3813 omittenS,
912 3734 1140 3800 fratres
1170 3735 1376 3818 primo
1405 3735 1796 3799 examinavit
1824 3735 2064 3822 absque
2095 3737 2429 3801 exactione
2450 3737 2837 3821 juramenti;

541 3835 950 3910 protestatus
976 3835 1075 3885 est
1118 3819 1308 3887 etiam
1355 3820 1420 3885 in
1449 3821 1767 3906 principio
1797 3823 1970 3908 quod
1996 3846 2125 3887 non
2159 3822 2533 3889 intendebat
2564 3823 2837 3908 visitare,

542 3910 664 3977 nisi
708 3910 771 3974 in
817 3909 1024 3975 forma
1051 3908 1219 3973 illius
1255 3907 1781 3987 Constitucionis,
1818 3919 1861 3951 ‘⁶
1886 3911 2188 3987 Debent,’'
2219 3925 2288 3976 et
2316 3924 2701 3996 protestatus
2732 3928 2838 3980 est

541 4011 919 4076 conventus,
966 3996 1142 4084 quod
1195 3995 1286 4060 sic
1337 4009 1405 4060 et
1452 4017 1582 4060 non
1636 3995 1822 4060 aliter
1868 4019 2017 4060 eum
2069 3997 2503 4064 admitterent.
2602 3999 2674 4064 In
2704 4001 2837 4068 fine

548 4109 701 4151 vero
743 4083 1145 4160 visitacioniS,
1200 4082 1372 4146 misit
1419 4083 1777 4169 Episcopus
1809 4083 1969 4147 duos
2000 4084 2083 4148 de
2114 4084 2355 4150 clericis
2386 4087 2516 4151 suis
2547 4109 2687 4152 cum
2720 4111 2835 4154 no-

549 4174 735 4251 tario,
791 4172 902 4261 qui
954 4171 1370 4256 injunxerunt
1425 4169 1654 4249 Priori,
1710 4171 1774 4234 in
1824 4173 2060 4237 virtute
2105 4173 2511 4254 obedientiae,
2545 4197 2630 4239 ex
2650 4191 2834 4262 parte

618 4352 645 4379 ⁶
667 4346 799 4398 This
819 4346 1034 4414 chapter
1053 4348 1098 4400 is
1113 4363 1171 4398 so
1189 4345 1472 4398 numbered
1487 4347 1543 4397 in
1563 4346 1651 4400 the
1670 4347 1736 4398 M
1745 4347 1817 4411 S„
1830 4348 2030 4400 instead
2047 4349 2108 4402 of
2121 4365 2364 4411 ctxxw„
2382 4349 2485 4402 and
2508 4349 2599 4402 the
2622 4353 2834 4407 mistake

503 4479 528 4493 Γ
544 4431 668 4486 goes
689 4430 774 4468 on.
