3000 5117
841 516 1261 568 APPENDIX.
1304 516 1488 567 ANN.
1532 516 1902 568 MCCCCVI.
2359 517 2532 567 CXCV

206 680 408 757 facto,
459 700 501 743 a
559 700 688 767 qna
735 676 1057 743 sententia
1105 677 1225 741 nisi
1275 690 1408 741 tam
1457 678 1687 763 judici,
1736 680 1917 765 cujus
1975 674 2271 761 cognicio
2332 676 2528 740 fuerit

208 766 544 851 impedita,
575 782 768 851 quarn
799 764 968 850 parti
999 786 1145 851 quae
1174 765 1553 849 perturbata
1582 764 1773 829 fuerit
1826 764 1892 827 in
1937 763 2395 848 prosecucione
2424 764 2525 827 sni

193 853 390 936 juriS,
425 854 508 917 de
558 851 807 939 injuria,
851 851 1167 936 dampnis,
1222 852 1547 935 expensis,
1582 868 1647 915 et
1698 852 2001 917 interesse
2050 851 2297 933 integre
2330 849 2523 914 fuerit

204 938 630 1015 satisfactum,
665 960 794 1001 non
841 950 1148 1023 poterunt
1178 937 1419 1001 absolvi
1448 938 1661 1001 taliter
1690 938 2175 1024 delinquentes3
2224 936 2519 1023 famaque

203 1026 470 1109 publica
523 1026 845 1089 referente
903 1024 986 1088 ad
1053 1045 1238 1087 aures
1298 1038 1546 1087 nostras
1605 1026 1971 1109 pervenerit
2020 1023 2197 1109 quod
2256 1022 2519 1110 quidam

203 1110 566 1199 iniquitatis
597 1111 732 1189 filii,
765 1132 1040 1197 quorum
1071 1109 1334 1175 nomina
1377 1112 1567 1176 nobis
1606 1112 1985 1195 ignorantur
2014 1110 2253 1195 pariter
2282 1124 2347 1174 et
2377 1131 2523 1194 per-

203 1220 415 1275 sonae,
449 1198 618 1262 infra
663 1197 1053 1263 territorium
1096 1196 1571 1281 jurisdiccionis
1609 1196 2003 1283 Episcopalis
2041 1196 2514 1274 Dunelmensis,

203 1284 277 1347 in
323 1284 664 1370 praemissis
712 1282 1078 1349 criminibus
1132 1298 1198 1348 et
1249 1282 1500 1348 delictis
1553 1299 1701 1348 sunt
1746 1283 2033 1348 obnoctii
2079 1299 2271 1370 atque
2300 1282 2415 1361 rei,
2450 1281 2519 1347 in

203 1372 571 1435 animarum
621 1392 882 1434 suarum
931 1392 1129 1455 grave
1181 1370 1539 1455 periculum
1592 1384 1658 1435 et
1702 1369 2068 1435 scandalum
2101 1368 2521 1453 plurimorum

205 1458 664 1543 perniciosum,
721 1458 899 1544 quod
945 1456 1320 1541 exemplum
1374 1456 1555 1520 vobis
1604 1456 1669 1521 in
1706 1458 1937 1521 virtute
1978 1456 2367 1521 obedientiae
2397 1459 2517 1521 sub

203 1566 410 1629 poena
436 1542 1123 1609 excommunicacionis
1156 1542 1429 1629 majoris,
1462 1565 1654 1629 quam
1704 1544 1769 1607 in
1808 1565 2139 1627 personam
2174 1544 2339 1607 illius
2370 1564 2517 1629 quae

203 1653 498 1716 praesens
543 1630 914 1695 mandatum
967 1642 1251 1694 nostrum
1299 1629 1619 1715 receperit
1666 1642 1732 1694 et
1784 1628 1849 1693 in
1910 1629 2075 1693 illius
2133 1630 2518 1695 executione

205 1718 542 1802 necligens
573 1718 766 1782 fuerit
794 1716 896 1781 vel
927 1718 1242 1792 remissus,
1276 1738 1476 1793 mora,
1513 1715 1723 1801 culpa,
1758 1729 1826 1779 et
1848 1716 2097 1781 'offensa
2126 1716 2251 1780 suis
2280 1716 2345 1780 id
2378 1718 2520 1781 exi·

201 1803 534 1889 gentibus,
567 1825 823 1869 exnunc
855 1818 1046 1888 prout
1095 1818 1336 1867 extunc
1383 1802 1647 1867 ferimus
1678 1802 1743 1865 in
1774 1802 1892 1865 biis
1922 1802 2169 1889 scriptis
2200 1824 2421 1867 omnes
2452 1817 2518 1869 et

203 1892 498 1979 singulos
550 1890 917 1975 hujusmodi
951 1890 1473 1975 jurisdiccionem
1530 1890 2019 1954 ecclesiasticam
2065 1889 2514 1975 impedientes,

203 1977 588 2062 impedit-ive
619 1992 1054 2063 procuranteS,
1081 1977 1281 2041 verbo
1312 1976 1413 2039 vel
1447 1976 1641 2055 facto,
1674 1976 1837 2040 clam
1872 1977 1971 2040 vel
2001 1977 2235 2061 palam,
2270 1977 2515 2042 directe

201 2063 318 2128 vel
379 2064 706 2142 indirecte,
770 2064 874 2127 vel
946 2062 1147 2127 eciam
1219 2085 1659 2150 quoscumque
1732 2064 1797 2126 in
1874 2063 2015 2128 foro
2088 2064 2517 2129 ecclesiastico

205 2151 433 2215 taliter
483 2165 746 2238 agentes
799 2168 1069 2235 agereve
1114 2150 1406 2215 volentes
1457 2150 1881 2237 quovismodo
1940 2152 2003 2214 in
2066 2152 2517 2233 persecut-ione

203 2238 312 2301 sui
361 2237 526 2323 juris
569 2238 1040 2323 perturbantes,
1089 2237 1192 2301 die
1239 2237 1489 2300 veneris
1534 2238 1832 2323 proximo
1880 2236 2093 2301 futuro
2146 2238 2209 2301 in
2252 2238 2521 2303 ecclesia

204 2324 566 2409 parochiali
637 2325 924 2400 Cestrioe‚
1003 2324 1174 2387 intra
1244 2324 1576 2388 missarum
1640 2324 2016 2409 solempnia,
2088 2325 2241 2389 dnm
2318 2327 2521 2410 major

203 2411 402 2476 adest
479 2411 699 2497 populi
776 2410 1141 2487 multitude,
1202 2410 1467 2495 pulsatis
1543 2411 1888 2497 campanis,
1944 2412 2225 2476 candelis
2292 2436 2521 2477 accen-

204 2501 300 2561 sis
350 2510 417 2562 et
469 2500 773 2574 extensis,
830 2519 1147 2597 cruceque
1193 2511 1428 2574 erecta,
1485 2498 1577 2561 sic
1625 2500 2215 2563 excommunicatos
2260 2501 2519 2599 publice

203 2584 413 2650 fuisse
465 2597 532 2649 et
579 2607 716 2650 esse
767 2584 1147 2649 declarens:
1217 2584 1529 2649 moneatis
1578 2586 1838 2670 insuper
1882 2608 2103 2649 omnes
2134 2600 2201 2651 et
2232 2588 2519 2671 singulos

205 2671 586 2757 hujusmodi
628 2671 966 2756 sortilegos
997 2694 1072 2735 ac
1103 2682 1238 2735 arte
1280 2673 1530 2756 magica
1557 2686 1833 2751 utentes,
1868 2688 1930 2737 et
1962 2696 2403 2761 quoscumque
2432 2674 2517 2739 ad

209 2759 344 2823 hoc
375 2771 799 2836 recurrentes,
832 2781 1026 2823 eosve
1055 2758 1478 2837 consulenteS,
1513 2775 1624 2824 aut
1652 2760 1739 2823 eis
1770 2761 2125 2837 credentes,
2159 2761 2334 2847 quod
2360 2760 2521 2826 infra

207 2867 332 2909 sex
389 2845 530 2909 dies
581 2869 622 2909 a
674 2859 966 2929 tempore
1017 2844 1393 2909 municionis
1437 2846 1805 2930 hujusmodi
1846 2847 1963 2910 sibi
1998 2847 2207 2926 iactae,
2241 2870 2517 2935 quorum

207 2932 470 2997 dierum
499 2932 660 2995 dnos
690 2953 808 3016 pro
837 2931 1066 3016 prima,
1101 2932 1265 2996 duos
1305 2954 1424 3017 pro
1455 2933 1757 3009 secunda,
1791 2946 1860 2997 et
1890 2933 2170 3020 reliquos
2201 2935 2363 2999 duos
2396 2956 2516 3019 pro

207 3020 440 3097 tercia,
477 3032 542 3083 et
572 3019 1003 3103 peremptorie
1036 3040 1112 3082 ac
1139 3019 1501 3083 monicione
1533 3020 1837 3083 canonica
1866 3020 1953 3083 eis
1978 3024 2332 3104 assignetis,
2355 3044 2517 3107 quos

207 3109 423 3171 eciam
457 3104 696 3169 eisdem
731 3120 955 3169 tenore
986 3105 1401 3189 praesencium
1435 3106 1827 3189 assignamus
1858 3128 1974 3189 pro
2004 3106 2357 3171 commissis
2388 3110 2518 3171 suis

208 3192 589 3279 hujusmodi
635 3192 924 3256 ecclesiae
954 3204 1022 3254 et
1057 3191 1296 3255 Christi
1327 3190 1623 3256 fidelibus
1654 3213 1772 3278 per
1821 3192 2187 3277 hujusmodi
2217 3193 2521 3259 malificia

209 3302 334 3342 sua
365 3278 536 3341 laesis
581 3292 1027 3362 competenter
1057 3278 1469 3355 satisfaciant,
1506 3292 1577 3342 ut
1608 3294 1909 3345 tenentur
1935 3303 1953 3355 ς
1998 3300 2079 3343 ne
2110 3279 2263 3343 fidei
2297 3280 2521 3344 Chris-

213 3365 414 3429 tianae
459 3363 740 3429 cultores
787 3363 920 3427 veri
968 3364 1330 3450 hujusmodi
1369 3366 1708 3429 occasione
1738 3364 1802 3428 in
1836 3366 2133 3431 idolatria
2185 3367 2515 3431 collabun-

209 3468 368 3527 πυτς
415 3466 486 3515 et
527 3451 704 3537 quod
747 3450 831 3514 de
875 3464 1090 3514 cetera
1119 3451 1483 3536 hujusmodi
1514 3451 1994 3517 committendis
2025 3474 2095 3516 se
2125 3454 2512 3531 abstineant,

209 3561 424 3625 eaque
455 3537 540 3602 de
563 3551 804 3602 caetero
835 3559 962 3601 non
993 3540 1422 3615 committant,
1455 3540 1575 3603 sub
1608 3561 1801 3624 poena
1828 3540 2521 3607 excommunicacionis

207 3624 502 3710 majoris,
557 3646 752 3710 quam
781 3623 1054 3689 rebelles
1084 3624 1148 3687 in
1205 3624 1324 3688 hac
1357 3641 1557 3710 parte,
1615 3624 2079 3692 monicionibus
2110 3628 2515 3713 supradictis,

207 3734 418 3787 mora,
453 3710 664 3795 culpa,
699 3723 768 3775 et
820 3710 1062 3775 offensa
1109 3712 1236 3775 suis
1288 3732 1362 3775 ac
1409 3712 1771 3776 monicione
1801 3716 2113 3779 canonica
2140 3716 2519 3800 praeceden-

209 3798 410 3873 tibus,
445 3797 770 3861 incurrere
820 3798 1108 3860 volumus
1151 3797 1290 3881 ipso
1340 3796 1515 3863 facto
1567 3814 1647 3864 ac
1694 3815 1939 3864 extunc
1968 3801 2143 3885 ipsos
2171 3816 2521 3885 transgres-

209 3906 392 3948 sores
443 3884 1025 3969 perturbantesque.
1077 3896 1144 3947 et
1193 3884 1617 3967 impedientes
1646 3886 2067 3970 supradictOS,
2100 3888 2320 3973 eisque
2349 3908 2519 3972 prae-

206 3970 444 4034 bentes
498 3970 858 4046 consilium,
891 3970 1220 4045 auxilinm,
1255 3970 1354 4033 vel
1384 3971 1667 4036 favorem
1699 3974 2251 4059 qualitercumque
2280 3973 2345 4036 in
2400 3972 2521 4037 hac

203 4068 399 4140 parte
429 4054 696 4144 singulis
726 4056 952 4121 diebus
981 4056 1313 4119 dominicis
1344 4071 1410 4121 et
1455 4058 1695 4122 festivis
1718 4060 1837 4127 sub
1863 4058 2056 4122 modo
2086 4072 2153 4122 et
2184 4059 2390 4124 forma
2418 4082 2526 4124 su-

205 4140 524 4227 pradictis
543 4144 1135 4208 excommunicatos
1155 4144 1626 4222 denuncietis‚a
1644 4144 2139 4209 denunciatione
2159 4143 2530 4232 hujusmodi

211 4251 352 4292 non
401 4242 722 4293 cessantes
771 4251 1108 4317 quousque
1149 4230 1370 4294 debita
1422 4231 1863 4295 satisfaccione
1912 4232 2239 4316 praemissa
2278 4234 2453 4298 aliud
2482 4258 2526 4299 a
2588 4266 2597 4275 ·

207 4316 406 4380 nobis
438 4337 633 4399 super
661 4316 785 4381 hoc
817 4316 1166 4381 habueritis
1197 4316 1260 4380 in
1293 4317 1635 4381 mandatis.
1735 4316 1931 4381 Vobis
1956 4317 2154 4382 eciam
2186 4322 2303 4385 sub
2330 4344 2454 4405 poel
2482 4346 2527 4387 a

209 4402 914 4467 excommunicacionis
946 4416 1305 4489 praenotata
1337 4404 1710 4469 mandamus
1736 4418 1799 4467 et
1824 4405 2303 4485 committimus,
2342 4422 2409 4472 ut
2440 4410 2527 4474 t'e

209 4489 410 4554 <lictis
445 4490 1018 4576 transgressoribus
1065 4502 1128 4556 et
1175 4513 1402 4557 eornm
1432 4492 1791 4555 nominibus
1824 4493 2105 4577 propriis
2151 4496 2527 4580 diligentem

1323 4598 1362 4643 N
1416 4583 1456 4640 2
