3000 5117
460 417 779 492 ccccxlvi
951 441 1155 490 nisr.
1195 418 1559 490 nouam.
1590 438 2061 490 SCRIPTORE&
2090 439 2315 490 rans,

453 601 846 686 temporibus
877 599 1105 666 caritas
1151 601 1569 685 plurimorum
1596 622 1615 674 3
1664 599 1755 664 ita
1782 601 1955 685 quod
1986 621 2106 664 nec
2136 601 2219 666 dc
2248 599 2777 686 perfeccionibus

454 689 692 758 ordinis
723 710 842 752 nec
871 688 954 752 de
1017 687 1326 752 naviculas
1391 687 1569 752 Petri
1614 685 2054 751 defensoribus
2116 708 2273 751 voce
2332 687 2437 752 vel
2484 689 2766 768 calamo,

451 777 606 841 tacti
639 775 862 840 dolore
892 775 1102 839 cordis
1152 773 1563 851 intrincecus,
1614 773 1940 837 valeamus
1998 773 2237 860 aliquid
2283 775 2607 840 meritorie
2652 799 2771 840 re·

451 885 710 938 serare;
751 877 818 926 et
847 864 1000 948 quia
1043 862 1319 926 mundus
1373 860 1439 924 in
1483 860 1768 948 maligno
1815 859 2055 944 positus
2104 875 2219 938 est,
2268 875 2339 926 et
2384 861 2503 926 filii
2560 863 2763 948 hujus

450 950 646 1014 seculi
675 948 1127 1035 prudenciores
1162 961 1310 1012 sunt
1341 945 1486 1010 filiis
1519 947 1675 1010 lucis
1734 947 1801 1010 in
1830 948 2279 1036 gener-acione,
2314 950 2758 1034 peremptorie

449 1036 741 1114 citamur,
787 1035 968 1100 senio
1013 1034 1355 1111 mediante,
1406 1033 1488 1098 ad
1520 1034 1867 1118 capitulum
1896 1035 2219 1122 generale,
2278 1035 2390 1100 ubi
2451 1037 2759 1102 Christus

445 1124 742 1212 pontifex
771 1123 892 1188 erit
923 1123 1248 1209 presidens
1281 1120 1665 1206 principalis,
1692 1121 1801 1207 qui
1825 1143 1941 1205 per
1969 1135 2222 1186 sanctos
2250 1135 2466 1208 patres
2498 1137 2764 1188 nostros

447 1212 710 1276 modum
741 1210 1078 1297 perfectius
1109 1206 1534 1273 conversandi
1564 1209 1737 1272 dono
1770 1229 1905 1272 suae
1947 1209 2399 1274 munificentioe
2430 1208 2758 1276 diffinivit.

455 1299 900 1363 confiteamur
926 1296 1120 1380 igitur
1136 1309 1404 1381 peecata
1421 1307 1640 1359 nostra
1662 1309 1727 1358 et
1752 1316 2009 1359 oremus
2032 1296 2419 1379 perinvicem
2445 1309 2515 1360 ut
2542 1297 2758 1362 salve-

445 1407 592 1450 mur
615 1409 634 1461 ;
679 1385 830 1472 quia
872 1405 1002 1446 non
1044 1395 1190 1447 sunt
1223 1381 1563 1464 condignae
1592 1383 1919 1466 passiones
1966 1381 2152 1466 hujus
2196 1383 2503 1469 temporis
2532 1384 2614 1447 ad
2651 1384 2759 1447 su-

447 1487 652 1538 turam
683 1471 972 1556 gloriam,
1009 1493 1154 1570 quae
1185 1469 1579 1534 revelabitur
1607 1483 1672 1533 et
1702 1469 1903 1547 nobit-1,
1938 1491 2083 1533 cum
2140 1469 2437 1534 dominus
2466 1471 2549 1534 ad
2572 1471 2755 1557 judi-

444 1560 612 1623 cium
633 1559 894 1636 venerit,
942 1581 1050 1645 qui
1082 1579 1259 1622 suam
1307 1556 1805 1620 misericordiam
1838 1579 2031 1640 supra
2066 1558 2381 1642 judicium
2413 1557 2761 1622 exaltabit.

445 1647 767 1730 Scriptum
804 1645 1181 1722 Glastoniae,
1215 1647 1278 1708 in
1307 1643 1473 1708 festo
1506 1644 1708 1708 sancti
1746 1643 2085 1708 Pancratii.

535 1733 902 1798 Dictamine
941 1732 1158 1796 Sancti
1217 1731 1491 1816 Spiritus
1548 1731 1862 1816 reperitur
1906 1731 2219 1816 scriptura
2266 1741 2311 1772 “
2346 1730 2593 1795 Salutat
2629 1753 2757 1794 vos

447 1819 660 1884 Lucas
693 1821 1029 1884 Medicus''
1075 1820 1252 1906 quod
1281 1819 1364 1883 de
1393 1818 1695 1883 Johanne
1748 1841 1877 1881 non
1930 1819 2223 1902 legimus.
2322 1819 2498 1882 Bene
2532 1819 2753 1882 valeat

442 1906 804 1994 antiquatus
845 1907 1208 1994 Stephanus
1239 1919 1306 1970 et
1340 1905 1667 1971 Henricus
1692 1905 2077 1969 notissimus·
2169 1909 2433 1985 [1444.]

1167 1995 1318 2058 Pan
1353 1993 1789 2057 NxcuoLAuM
1830 1994 2174 2056 Anaxi-ast
2206 1993 2653 2058 GLASTOMAE.

621 2405 938 2452 cccxmx.
989 2403 1382 2448 MANDATUM
1416 2403 1505 2446 AD
1534 2401 1915 2448 LEvANDUM
1940 2403 2215 2446 MULTAS
2237 2399 2559 2445 PROPTER

529 2501 534 2510 '
614 2491 1140 2538 PROCESSIONEM
1217 2491 1290 2534 IN
1375 2489 1767 2534 SEPTIMANA
1850 2489 2327 2534 PENTlscosrsss
2416 2489 2557 2532 NON

1443 2577 1737 2625 FACTAM.

1167 2720 1326 2790 [Regz
1367 2721 1478 2771 111.
1507 2721 1659 2771 Parv.
1683 2718 1771 2769 fol.
1806 2720 1917 2769 106.
1940 2719 2017 2783 b.]

538 2864 840 2931 officialis
884 2861 1351 2929 Jurisdictionis
1403 2860 1667 2926 Domini
1724 2859 1963 2924 Prioris
2008 2857 2294 2923 ecclesiae
2328 2857 2743 2923 Cathedralis

444 2954 774 3030 Dunelm.,
815 2952 1242 3016 Archdiaconi
1275 2951 1338 3014 in
1372 2947 1653 3014 ecclesiis
1686 2947 1803 3011 sibi
1836 2960 1903 3010 et
1932 2945 2239 3031 Capitulo
2270 2947 2737 3031 appropriatiS,

440 3041 680 3126 dilecto
709 3040 893 3104 nobis
925 3038 1262 3103 Willielmo
1297 3037 1537 3102 Litster
1560 3033 1905 3120 apparitori
1926 3035 2145 3118 jurato
2176 3034 2464 3096 salutem.
2543 3031 2739 3097 Licet

443 3151 664 3192 omnes
725 3143 790 3192 et
841 3127 1071 3212 singuli
1123 3125 1456 3202 RectoreS,
1506 3121 1765 3199 Vicarii‚
1822 3135 1887 3185 et
1940 3121 2273 3206 Capellani
2334 3119 2737 3204 parochiales

445 3215 746 3282 Dunelm.
805 3215 1014 3292 Dioc.,
1065 3214 1130 3276 in
1183 3213 1430 3296 signum
1477 3209 1907 3294 subjectioniS,
1954 3229 2031 3272 ac
2062 3208 2127 3272 in
2160 3207 2471 3271 honorem
2504 3206 2634 3270 Dei
2665 3221 2738 3272 et

442 3302 728 3368 ecclesiae
753 3302 1088 3379 Dunelm.,
1137 3299 1396 3387 singulis
1427 3297 1607 3362 annis
1637 3297 1701 3360 in
1736 3296 2095 3380 septimana
2128 3295 2568 3370 pentecostes,
2594 3293 2739 3358 die·

439 3392 560 3456 bus
611 3390 696 3454 ad
727 3389 851 3452 hoc
910 3411 993 3454 ex
1040 3387 1498 3451 consuetudine
1546 3385 1861 3470 praedicta
1917 3381 2282 3466 assignatas,
2346 3381 2429 3445 ad
2488 3381 2731 3445 dictam

443 3475 822 3552 Ecclesiam,
854 3497 972 3561 per
1023 3497 1114 3552 se,
1165 3474 1260 3538 vel
1310 3495 1422 3557 per
1459 3471 1841 3556 Capelianos
1871 3470 2157 3556 ydoneos
2189 3491 2413 3532 eorum
2446 3469 2731 3546 nomine,

439 3562 508 3628 in
555 3563 729 3649 capis
780 3563 883 3626 vel
935 3560 1408 3646 superpelliciiS,
1463 3581 1611 3624 cum
1661 3581 1884 3623 eorum
1932 3556 2177 3621 clericis
2228 3555 2731 3642 parochialibus,

438 3651 678 3716 vexilla
726 3649 1197 3725 defferentibus,
1252 3647 1557 3712 accedere
1604 3659 1673 3712 et
1710 3642 2259 3731 processionaliter
2289 3642 2523 3708 ibidem
2554 3645 2737 3708 ince-

438 3739 616 3816 dere,
649 3759 904 3802 necnon
934 3757 1153 3802 eorum
1185 3735 1414 3820 singuli
1446 3735 1531 3799 ad
1558 3735 1865 3800 feretrum
1902 3733 2120 3798 Sancti
2156 3731 2493 3796 Cuthberti
2528 3752 2734 3794 unum

437 3825 768 3891 denarium
801 3825 1028 3890 offerre
1062 3837 1423 3900 teneantur,
1459 3824 1577 3887 sub
1610 3843 1803 3907 poena
1830 3821 1969 3898 xld„
2004 3834 2228 3884 contra
2256 3839 2479 3882 eorum
2510 3818 2735 3904 singu-

430 3913 530 3978 los
569 3913 808 3978 dictam
849 3912 1234 3978 laudabilem
1288 3910 1819 3976 consuetudinem
1846 3906 2145 3993 nequiter
2174 3904 2503 3981 violantes,
2534 3905 2739 3989 juxta

437 4001 736 4066 effectum
802 3999 1357 4066 constituciouum
1409 3995 1829 4086 Synodalium
1887 3997 1953 4059 in
2014 4017 2095 4058 ea
2150 4007 2332 4078 parte
2384 3991 2736 4078 editarum,

435 4089 728 4166 levanda,
783 4111 862 4152 ac
904 4089 1165 4152 fabricae
1217 4087 1407 4150 dictae
1461 4084 1710 4151 Eccles.
1748 4081 1939 4150 Cath.
1968 4081 2253 4146 totaliter
2297 4077 2731 4164 applicanda3

437 4176 698 4263 quidam
729 4191 941 4240 tamen
979 4175 1288 4240 Rectores
1328 4185 1396 4237 et
1426 4170 1689 4248 vicarii,
1722 4170 1986 4256 prefatae
2018 4181 2253 4232 nostrae
2282 4164 2733 4230 Jurisdictioni

435 4262 672 4328 subditi
691 4276 758 4327 et
787 4263 1077 4340 subjecti,
1109 4281 1382 4348 quorum
1405 4261 1673 4326 nomina
1700 4258 1766 4321 in
1790 4257 1983 4320 dorso
2006 4253 2427 4338 proesencium
2451 4251 2737 4316 conscri-

436 4351 701 4426 buntur,
755 4349 1119 4433 hujusmodi
1172 4347 1639 4432 processionem
1688 4345 1751 4408 in
1803 4344 2073 4428 septima
2120 4341 2307 4408 Pent.
2346 4338 2573 4402 ultimo
2592 4341 2735 4421 jam

436 4448 758 4501 wansacta
797 4448 1278 4521 postponentes,
1319 4434 1405 4498 ad
1433 4455 1571 4498 eam
1604 4455 1725 4497 nec
1754 4453 1871 4516 per
1900 4453 1969 4495 se
1998 4452 2119 4494 nec
2148 4451 2263 4514 per
2294 4427 2473 4504 alios,
2506 4447 2735 4491 eorum
