3000 5117
503 438 604 525 24³
970 471 1177 523 ms'r.
1215 468 1575 521 numam.
1615 468 2080 522 semproans
2116 468 2339 522 trans.

505 648 576 699 et
627 656 745 719 pro
803 636 1000 701 domo
1051 630 1314 699 Domini
1345 644 1771 719 spontaneum
1801 629 2067 697 exilium
2096 632 2315 699 subiit.
2402 631 2625 713 [Ortae
2652 646 2813 699 sunt

483 721 704 786 'etiam
759 722 820 786 in
855 722 1125 787 ecclesia
1173 721 1620 787 cantuariensi
1672 719 2101 784 dissentiones
2150 734 2222 785 et
2270 717 2569 785 scismata
2610 744 2818 807 super

506 810 822 875 electione
913 807 1412 894 Archiepiscopi,
1465 807 1623 872 dum
1683 806 1976 872 monachi
2042 802 2327 891 priorem
2398 806 2819 884 electionem,

507 918 700 983 qnam
760 896 844 961 de
903 896 1254 983 Suppriore
1311 918 1430 960 suo
1479 894 1790 971 fecerant,
1838 893 2011 959 foede
2061 893 2494 981 reiinquerent
2513 918 2541 971 ς
2614 910 2681 961 et
2740 896 2815 958 in

506 984 694 1047 aliam
739 1002 1108 1069 personam,
1127 982 1310 1071 regio
1353 980 1639 1067 corrupti
1668 980 1909 1058 favore,
1938 982 2177 1045 foedius
2204 994 2817 1048 transmutarentur.

511 1068 788 1134 Romam
841 1069 1037 1155 igitur
1085 1090 1173 1135 ex
1223 1070 1530 1134 mandato
1578 1068 1827 1133 domini
1860 1068 2061 1155 Papoe
2086 1083 2425 1146 venerunt,
2456 1070 2739 1155 acceptis
2770 1092 2817 1133 a

510 1157 695 1241 Rege
747 1157 1076 1223 trescentis
1126 1156 1302 1221 libris
1353 1156 1421 1220 in
1473 1178 1831 1241 expensas3
1896 1170 2225 1241 portantes
2274 1155 2543 1221 domino
2606 1156 2813 1241 Papae

504 1244 724 1309 literas
772 1244 967 1330 ipsius
1015 1259 1308 1331 patentes
1355 1244 1476 1309 sub
1527 1244 1647 1309 hae
1695 1243 1945 1319 forma3
1984 1258 2059 1307 ut
2116 1264 2307 1331 quem
2340 1241 2429 1306 mi
2462 1243 2815 1309 tresdecim

505 1332 800 1396 monachi
845 1331 1181 1420 eligerent,
1244 1330 1598 1396 dummodo
1644 1330 1729 1394 de
1785 1331 2043 1414 Anglia,
2096 1329 2303 1415 ipsum
2332 1331 2647 1414 reciperet
2679 1333 2814 1394 Ar-

503 1417 1002 1504 ehiepiscopum.
1095 1418 1535 1505 Expositaqne
1580 1438 1793 1482 coram
1820 1417 2087 1481 domino
2114 1416 2293 1502 Papa
2316 1417 2641 1482 electionis
2672 1418 2815 1482 for-

504 1526 629 1584 ma,
679 1520 979 1570 neutrum
1029 1504 1452 1591 approbat-iu
1497 1526 1629 1569 non
1693 1502 2077 1589 supprioris,
2136 1504 2290 1592 quia
2346 1504 2604 1569 odiosus
2662 1518 2815 1569 erat

509 1590 677 1676 Regi
707 1607 776 1657 et
803 1614 1026 1677 regno,
1058 1614 1190 1657 non
1219 1592 1386 1656 enim
1419 1591 1779 1657 Johannem
1814 1591 2393 1670 Northwieensem,
2424 1594 2577 1679 quia
2604 1591 2818 1657 insuf-

499 1678 718 1744 ficiens
749 1681 932 1745 oneri
963 1692 1161 1744 tanto.
1247 1680 1288 1745 J
1297 1680 1550 1766 ussique
1570 1692 1717 1743 sunt
1742 1692 1807 1743 ut
1832 1678 1985 1743 sein
2011 1692 2139 1743 tres
2167 1694 2387 1764 partes
2416 1678 2815 1758 dividerent,

503 1779 573 1830 et
619 1766 702 1831 de
751 1786 919 1831 novo
971 1766 1354 1832 electionem
1399 1765 1707 1832 facerent.
1798 1766 2093 1843 Quorum
2154 1766 2365 1852 prima
2396 1788 2539 1850 pars
2568 1765 2813 1832 iterum

509 1854 974 1939 Suppriorem;
1017 1853 1318 1930 secunda,
1373 1852 1615 1917 scilicet
1656 1852 1751 1918 illi
1794 1853 2155 1930 tresdecim,
2206 1852 2758 1919 Northwicensem
2788 1878 2813 1930 3

503 1942 694 2005 tertia
765 1940 1141 2023 magistrum
1221 1939 1616 2025 Stephanum
1678 1940 1761 2005 de
1822 1940 2209 2025 Langetona
2250 1940 2583 2025 elegerunt
2606 1964 2627 2005 z
2686 1942 2811 2007 sed

504 2027 801 2091 dominus
860 2026 1041 2112 Papa
1087 2029 1504 2113 Suppriorem
1536 2042 1605 2093 et
1634 2026 2208 2114 Northwycensem
2239 2028 2528 2092 cassavit.
2620 2028 2816 2093 Inter

502 2112 670 2193 Itaec,
708 2114 1002 2201 monachi
1055 2115 1324 2200 pedibus
1365 2113 1733 2200 apostolicis
1763 2116 2089 2199 prostrati,
2122 2113 2205 2178 de
2225 2117 2595 2201 juramento
2624 2116 2811 2203 quod

507 2201 673 2286 Regi
725 2202 1161 2287 praestiterant
1219 2202 1462 2266 absolvi
1516 2201 1949 2286 postulabant.
2047 2201 2339 2275 Quorum
2402 2201 2510 2268 ille
2548 2202 2813 2268 temeri-

499 2300 729 2366 tatem,
789 2289 964 2375 qnod
1029 2288 1196 2374 Regi
1257 2292 1516 2353 terreno
1574 2288 1775 2353 fidem
1834 2287 2151 2366 fecissent,
2208 2288 2374 2354 dure
2430 2289 2807 2376 corripiens,

499 2375 775 2441 absolvit
797 2398 908 2439 eos
933 2399 960 2451 ·‚
997 2389 1066 2440 et
1095 2374 1478 2462 poenitentia
1506 2375 1809 2461 injuncta,
1833 2375 2023 2460 jussit
2052 2398 2163 2441 eos
2193 2391 2266 2440 nt
2294 2376 2483 2441 simul
2512 2376 2699 2455 irent,
2734 2392 2809 2442 et

499 2484 694 2551 quem
744 2463 978 2528 vellent
1028 2464 1112 2527 de
1159 2486 1226 2527 se
1285 2462 1617 2551 eligerent.
1706 2464 1854 2529 Jam
1907 2476 2061 2527 tunc
2113 2462 2199 2527 ad
2241 2475 2496 2550 partum
2546 2464 2810 2549 viperea

497 2563 997 2637 prorumperunt
1043 2548 1398 2628 seminaria,
1455 2550 1609 2615 dnm
1655 2550 1859 2615 corda
1898 2550 2213 2615 tumentia
2256 2572 2577 2617 venenosa
2604 2552 2812 2617 disse-⁵

502 2650 680 2703 earet
727 2636 984 2705 invidia.
1080 2637 1236 2703 Hoc
1295 2638 1466 2702 enim
1518 2639 1601 2703 ab
1650 2637 1741 2703 eis
1793 2638 2124 2722 agebatur,
2188 2649 2259 2702 ut
2318 2638 2480 2704 alter
2536 2640 2811 2704 alterius

497 2723 974 2811 promotionem
1025 2745 1160 2788 non
1203 2738 1551 2809 pateretur.
1650 2725 2001 2810 Elegerunt
2042 2726 2162 2789 sibi
2216 2725 2585 2810 magistrum
2620 2728 2689 2791 S.
2720 2727 2813 2791 de

504 2810 905 2895 Langetona,
958 2832 1152 2897 quem
1197 2812 1494 2877 dominus
1528 2812 1707 2898 Papa
1750 2825 2079 2913 gratanter
2120 2815 2443 2898 suscepit3
2496 2826 2566 2879 et
2595 2815 2661 2877 in
2695 2814 2809 2879 die

513 2898 772 2962 Sanctae
834 2896 1193 2977 Trinitatis,
1243 2899 1326 2963 ad
1371 2899 1685 2964 honorem
1732 2898 2019 2984 ejusdem
2054 2899 2309 2965 Sanctoe
2342 2900 2700 2979 Trinitatis,
2734 2900 2807 2965 in

504 2984 1078 3071 Archiepiscopum
1111 2984 1638 3051 cantuariensem
1668 2988 2089 3053 consecravit.
2186 2986 2273 3051 Et
2296 2985 2557 3073 quidem
2576 2988 2701 3053 hoc
2730 3010 2807 3054 se

501 3073 803 3138 monachi
857 3072 939 3137 ad
984 3094 1206 3157 pacem
1251 3072 1369 3138 sibi
1400 3088 1465 3138 et
1496 3073 1810 3139 libertatis
1841 3073 2122 3161 vigorem
2152 3072 2377 3139 fecisse
2406 3075 2808 3140 arbitraban-

509 3172 651 3236 tur;
699 3160 812 3225 sed
871 3159 1020 3224 Rex
1092 3160 1348 3245 Angliae
1395 3162 1460 3223 in
1506 3159 1948 3247 proejudicium
2000 3182 2135 3224 suae
2196 3160 2523 3245 dignitatis
2553 3175 2620 3227 et
2648 3184 2809 3228 con-

505 3246 857 3313 suetudinis
882 3245 1062 3331 regni
1093 3246 1332 3313 factum
1353 3249 1717 3334 reputabat.
1818 3244 2013 3313 Unde
2040 3248 2382 3313 monachos
2400 3249 2486 3313 de
2533 3249 2807 3315 ecclesia

509 3332 972 3412 cantuariensi,
1005 3335 1276 3421 expulit,
1309 3348 1374 3401 et
1425 3356 1648 3403 omnes
1700 3340 2132 3423 possessiones
2178 3358 2403 3403 eorum
2430 3336 2809 3403 confiscata

500 3426 714 3501 sunu]
