3000 5117
830 476 1252 529 Arrmzmx.
1291 477 1477 529 ANN.
1518 476 1969 529 mcccctvn.
2276 455 2555 529 cccxliii

227 660 458 705 eorum
525 638 829 725 aliquem,
891 653 1352 705 executor-esve
1405 639 1771 703 nominatos
1818 660 1930 703 seu
2000 637 2423 703 nominandos
2468 640 2551 704 ab

223 727 500 805 eisdem,
555 742 792 803 actum,
844 727 1105 804 factum,
1153 724 1420 805 dictum,
1453 740 1732 809 gestum,
1766 725 2163 812 supervisum
2198 747 2311 790 seu
2347 726 2551 789 admi·

221 814 566 879 nistratum
599 813 634 877 f
629 813 792 877 uerit
825 812 888 877 in
917 812 1280 898 proemissiS,
1302 837 1416 878 seu
1439 836 1669 878 eorum
1694 814 1933 900 aliquo.
1984 813 2061 877 In
2086 813 2264 898 cujus
2286 812 2546 901 quidem

222 899 600 967 testamenti
647 900 776 963 mei
819 902 954 965 sive
998 900 1244 965 ultimoe
1283 900 1627 965 voluntatis
1656 900 2087 966 testimonium
2118 915 2315 987 atque
2346 900 2545 965 fidem

219 988 508 1075 sigillum
543 1009 866 1051 armorum
899 1009 1192 1051 meorum
1223 986 1306 1051 de
1335 988 1643 1053 mandato
1674 1009 1819 1052 meo
1841 988 2099 1072 speciali
2120 988 2541 1073 praesentibus

219 1090 324 1139 est
369 1095 744 1159 appensum.
843 1074 1016 1138 Data
1059 1073 1122 1136 in
1173 1072 1458 1138 manerio
1489 1074 1575 1137 (le
1613 1074 1911 1139 Aukland
1944 1074 2275 1160 proedict0‚
2308 1088 2541 1140 octavo

219 1160 334 1225 die
385 1158 622 1225 mensis
661 1159 838 1238 Julii,
887 1183 1062 1226 anno
1117 1158 1384 1225 Domini
1431 1159 1768 1225 millesimo
1810 1184 1959 1227 cccc
2058 1161 2539 1249 uinquagesimo

217 1248 526 1332 septime,
577 1262 645 1313 et
691 1270 854 1311 meae
904 1247 1346 1313 translacionis
1397 1270 1571 1312 anno
1618 1248 1933 1312 vicesimo·
2108 1248 2184 1313 iis
2244 1248 2533 1327 testibus,

227 1334 541 1400 Galfrido
591 1334 938 1419 Mydelton
997 1333 1372 1399 vicecomite
1422 1334 1873 1413 Dunelmensi,
1925 1335 2189 1399 domino
2244 1336 2537 1401 Roberto

227 1422 480 1510 Brerey
555 1422 931 1507 presbitero,
1009 1421 1295 1487 Henrieo
1369 1423 1779 1507 Strangways
1838 1422 2180 1506 armigero,
2242 1422 2537 1487 Roberto

227 1510 394 1610 Elys
422 1532 764 1593 generoso,
791 1508 1059 1575 testibus
1089 1510 1172 1575 ad
1205 1508 1534 1593 praemissa
1564 1511 1809 1575 vocatis
1839 1508 2201 1596 specialiter
2228 1526 2297 1574 et
2326 1510 2536 1597 requi-

216 1612 388 1661 sms.
437 1612 444 1615 ·

315 1683 460 1764 [On
501 1684 616 1747 the
651 1684 796 1747 leth
836 1684 922 1763 of
945 1682 1101 1762 Jaly
1123 1684 1474 1767 fizllowinq,
1504 1686 1603 1749 the
1630 1684 2025 1765 Super-vicora
2064 1686 2324 1766 appoint
2351 1684 2538 1749 Alex·-

218 1776 430 1837 ander
459 1772 742 1835 Heswcll
762 1772 896 1833 and
933 1771 1204 1834 Wiltiam
1235 1773 1869 1843 Bridama-wentam.

325 1856 460 1922 Tlee
504 1859 908 1939 Arelabislwp,
958 1866 1032 1921 at
1065 1858 1293 1939 Scroby
1336 1860 1418 1921 31
1453 1860 1587 1925 dul.
1634 1868 1823 1921 states
1862 1858 1998 1922 that
2022 1859 2121 1921 tlte
2150 1858 2387 1938 Bishop
2408 1858 2543 1921 laad

221 1947 376 2009 died
400 1948 696 2020 intestate,
717 1944 848 2007 and
869 1953 1092 2025 yram
1106 1948 1607 2009 administrativa
1634 1956 1695 2009 to
1726 1946 2017 2009 Riclmrd
2036 1946 2263 2009 Hewik
2285 1946 2539 2027 qutcm

222 2034 422 2114 Esqr.
457 2031 639 2095 Alex.
672 2031 958 2095 Heswell
980 2034 1114 2095 and
1150 2033 1316 2095 Will.
1343 2034 1639 2095 Bristow.

313 2120 774 2201 Sequestracion
799 2120 884 2199 of
893 2118 993 2181 the
1015 2120 1208 2198 qood-3
1233 2122 1318 2201 of
1328 2120 1426 2183 the
1452 2122 1747 2183 deceased
1764 2120 2031 2199 qranted
2054 2128 2113 2181 to
2128 2118 2298 2183 Jolm
2334 2116 2545 2182 Nevill

221 2208 474 2271 brother
511 2206 596 2287 os
619 2207 720 2271 tlte
759 2208 930 2271 Earl
971 2206 1056 2285 <ff
1093 2205 1545 2281 Westmerlami,
1598 2207 1748 2271 Wm.
1790 2206 2075 2283 Newton,
2129 2206 2287 2270 Boo.
2344 2208 2540 2270 Butes

233 2294 430 2358 Vicat·
449 2296 537 2375 qs
567 2294 807 2359 Norlon
825 2296 958 2359 and
977 2293 1134 2357 Ποῦ.
1169 2294 1332 2357 Bere
1365 2290 1588 2377 Germ]

439 2680 663 2727 chvl.
758 2680 1080 2726 Menneu
1145 2679 1444 2725 Humum
1508 2680 1703 2725 sExrl
1761 2682 1849 2725 AD
1914 2680 2335 2727 autumnum

889 2767 1283 2813 EmscoPUM
1321 2768 1874 2816 DUNBLMENSEM.

712 2906 884 2972 [Cart.
911 2908 1023 2959 111.
1049 2906 1084 2959 f.
1108 2910 1226 2959 239.
1251 2908 1298 2961 b.
1323 2915 1379 2961 et
1403 2910 1550 2978 Orig.
1572 2912 1622 2959 3.
1648 2912 1695 2959 5.
1722 2908 1904 2978 Regni.
1928 2911 1989 2961 A.
2022 2912 2094 2978 L}

325 3050 658 3115 Henricus
691 3046 819 3113 Dei
850 3048 1066 3131 gracia
1102 3047 1245 3113 Rex
1281 3050 1538 3133 Angliae
1570 3064 1635 3114 et
1672 3048 1961 3113 Franeiae
1990 3061 2054 3113 et
2082 3048 2377 3113 dominus
2415 3048 2542 3113 Hi-

225 3136 478 3203 berniae
509 3135 758 3200 dilectis
787 3137 909 3201 sibi
940 3136 1004 3199 in
1043 3136 1304 3202 Christo
1331 3137 1539 3201 Priori
1569 3150 1635 3201 et
1674 3135 1971 3220 Capitulo
1995 3134 2276 3199 ecclesiae
2306 3136 2543 3200 Cathe-

227 3224 428 3289 dralis
455 3223 908 3288 Dunelmensis
937 3223 1231 3292 salutem.
1325 3224 1432 3289 Ex
1462 3236 1647 3308 parte
1678 3244 1889 3287 vestra
1918 3222 2103 3286 nobis
2149 3238 2247 3287 est
2288 3221 2547 3286 humili·-

233 3328 335 3375 ter
379 3310 830 3397 supplicatum,
879 3324 971 3388 ut,
1005 3332 1149 3373 curn
1196 3310 1467 3375 ecclesia
1512 3324 1724 3375 vestra
1768 3308 2079 3394 praedicta
2124 3332 2235 3394 per
2264 3324 2543 3375 mortem

229 3400 427 3462 bonae
473 3397 802 3461 memorioe
851 3396 1136 3481 magistri
1191 3396 1462 3460 Roberti
1501 3396 1756 3475 Nevile,
1807 3418 2013 3482 nuper
2063 3397 2363 3484 Episcopi
2416 3397 2541 3461 loci

231 3484 427 3561 illius,
483 3482 760 3569 pastoris
814 3484 896 3548 sit
955 3483 1194 3547 solacio
1243 3484 1571 3561 destituta,
1636 3484 1827 3548 alium
1892 3484 2071 3548 vobis
2129 3484 2413 3569 eligendi
2471 3486 2538 3549 in

231 3570 628 3657 Episcopum
677 3584 742 3635 et
772 3586 1090 3657 pastorem
1124 3570 1410 3655 ejusdem
1459 3570 1583 3634 loci
1615 3571 1943 3635 licenciam
1978 3572 2157 3636 v‘obis
2188 3572 2543 3637 concedere

229 3658 665 3742 dignaremur.
807 3656 970 3736 Nos,
1005 3660 1300 3743 precibus
1330 3659 1553 3723 vestris
1615 3662 1680 3722 in
1724 3659 1844 3723 hac
1890 3672 2075 3745 parte
2104 3659 2543 3723 favorabiliter

227 3744 538 3823 inclinati,
571 3744 900 3811 licenciam
932 3746 1106 3811 illam
1139 3746 1318 3810 vobis
1351 3758 1575 3810 tenore
1599 3746 2021 3830 praesencium
2054 3746 2355 3810 duximus
2387 3768 2543 3809 con-

227 3832 626 3910 cedendam3
673 3833 1047 3897 mandantes
1078 3834 1254 3933 quod
1300 3834 1490 3899 talem
1526 3832 1704 3895 vobis
1736 3832 1985 3917 eligatis
2032 3832 2095 3895 in
2148 3832 2541 3917 Episcopum

226 3932 298 3984 et
325 3934 652 4005 pastorem
685 3920 970 4005 ejusdem
1003 3920 1148 3995 loci,
1193 3920 1304 4007 qni
1349 3920 1496 3985 Deo
1542 3919 1832 3995 «leimam,
1880 3918 2163 3982 ecclesioe
2206 3918 2540 4001 praedictae

225 4006 648 4084 necessarius,
681 4007 992 4095 nobisque
1016 4022 1084 4072 et
1113 4029 1316 4095 regno
1340 4021 1557 4071 nostro
1581 4006 1750 4069 utilis
1782 4018 1842 4069 et
1876 4004 2083 4068 fidelis
2114 4005 2366 4067 existat.
2464 4006 2542 4069 In

225 4093 415 4179 cujus
445 4093 544 4158 rei
573 4093 1002 4159 testimonium
1049 4092 1168 4159 has
1214 4095 1428 4158 literas
1473 4108 1724 4159 nostras
1756 4092 1893 4156 fieri
1924 4090 2189 4154 fecimus
2219 4104 2542 4175 patentes.

227 4180 435 4245 Teste
465 4202 568 4244 me
595 4180 736 4265 ipso
759 4183 944 4267 apud
960 4182 1632 4256 westmonasterium,
1666 4182 1875 4265 primo
1905 4178 2009 4242 die
2044 4177 2339 4263 Augusti,
2366 4200 2547 4243 anno

227 4267 414 4352 regni
459 4268 660 4333 nostri
707 4268 1026 4333 tricesimo
1071 4269 1318 4355 quinto,
1413 4268 1540 4333 Per
1591 4269 1795 4333 Breve
1826 4268 1907 4331 (le
1953 4265 2203 4352 privato
2232 4264 2441 4353 sigillo
2472 4280 2539 4331 et

229 4354 314 4419 de
347 4354 500 4419 data
529 4354 864 4440 praedicta,
897 4355 1279 4421 auctoritate
1319 4356 1750 4424 Parliamenti.
1850 4356 2141 4443 Frystou.
