3000 5117
494 458 600 523 52
967 475 1166 527 msr.
1197 477 1550 528 mmmm.
1591 476 2047 530 scmr‘ronns
2082 477 2295 530 ‘rana

1497 959 1683 1034 [CAP.
1728 971 1823 1022 ΧΥ.

1263 1115 1412 1184 [Ms.
1437 1116 1565 1184 Cap.
1587 1130 1777 1168 cxuv.
1802 1114 1891 1167 fol.
1922 1113 2079 1179 188.}‘·

601 1259 760 1327 Fost
813 1257 1188 1325 nunciorum
1249 1253 1584 1342 reditum,]
1644 1254 1950 1320 fratribus
2010 1254 2419 1340 congregatis
2478 1275 2835 1342 exponun-

511 1361 616 1412 mr
659 1345 1006 1434 praemissa.
1119 1344 1252 1410 Sed
1298 1344 1410 1422 illi,
1459 1365 1578 1428 pro
1641 1343 1869 1428 majori
1916 1355 2123 1428 parte,
2170 1365 2213 1407 a
2256 1343 2585 1409 voluntate
2615 1345 2835 1429 priori-

509 1437 734 1512 aversi,
781 1435 1086 1499 dixerunt
1127 1454 1196 1496 se
1243 1431 1548 1496 mandato
1588 1429 1856 1495 domino
1902 1430 2237 1515 Epi-scopo
2276 1429 2523 1496 directe
2553 1431 2833 1496 minime

510 1522 920 1598 consensisse,
953 1520 1104 1582 licet
1146 1532 1367 1597 aperte
1399 1540 1529 1582 non
1550 1518 2054 1583 reclamaverunt
2076 1539 2098 1590 ;4
2127 1516 2325 1581 immo
2344 1519 2554 1602 potius
2576 1518 2829 1583 vellent

516 1608 709 1685 mori,
756 1629 954 1694 quam
979 1605 1061 1670 ali
1113 1627 1258 1670 uam
1290 1604 1747 1689 professionem
1778 1626 1997 1669 coram
2039 1603 2361 1688 Episcopo
2392 1605 2657 1670 recitare
2688 1625 2824 1674 etc.

523 1695 846 1785 [Quidam
891 1714 1044 1758 vero
1123 1693 1378 1756 ixerunt
1409 1691 1582 1756 istud
1614 1714 1797 1778 aeque
1828 1691 1917 1755 ita
1947 1693 2321 1778 contingere
2352 1707 2835 1758 commorantes

519 1787 586 1846 in
621 1781 842 1860 cellis,
887 1780 1054 1846 sieut
1096 1780 1289 1864 ipsos,
1321 1793 1389 1844 et
1421 1779 1575 1844 ideo
1600 1779 1739 1843 sine
1768 1779 1889 1842 illis
1912 1800 2043 1842 non
2076 1791 2376 1864 poterant
2404 1779 2839 1866 respondere,

522 1870 682 1934 Post
725 1890 1017 1954 vesperas
1061 1867 1294 1932 iterum
1340 1879 1839 1955 congregantur,
1874 1887 2077 1952 usque
2106 1866 2203 1930 ad:
2222 1879 2500 1944 noctem,
2538 1866 2647 1931 ubi
2674 1867 2829 1954 qui-

515 1957 668 2022 dam
711 1957 1037 2034 dixerunt,
1097 1977 1166 2018 se
1220 1953 1519 2039 ignorare
1567 1977 1651 2018 an
1696 1967 1890 2039 caput
1936 1953 2271 2032 haberent,
2306 1967 2372 2019 et
2417 1953 2557 2019 sine
2608 1954 2839 2039 capite

524 2044 913 2129 respondere
967 2063 1094 2106 non
1150 2055 1497 2126 poterant3
1546 2064 1687 2120 nec,
1738 2043 1873 2106 sine
1920 2041 2467 2106 commorantibus
2496 2040 2564 2106 in
2596 2041 2833 2121 cellis,

521 2131 638 2197 etsi
671 2143 868 2216 caput
897 2129 1232 2197 haberent.
1329 2128 1571 2194 Iterum
1602 2141 1749 2214 post
1778 2127 2121 2193 matutinas
2150 2141 2651 2212 congregantur,
2682 2129 2841 2207 ubi,

513 2222 709 2306 juxta
752 2217 1093 2282 consilium
1133 2216 1513 2304 aliquorum,
1560 2216 1859 2281 adierunt
1905 2237 2127 2280 omnes
2174 2216 2489 2294 Priorem,
2520 2232 2843 2300 rogantes

522 2328 692 2382 eum,
723 2306 898 2393 quod
931 2305 994 2369 in
1029 2318 1208 2369 tanta
1234 2303 1661 2404 perplexitate
1683 2326 1793 2368 eos
1822 2325 1952 2367 non
1982 2302 2389 2390 relinqueret,
2416 2302 2530 2367 sed
2556 2303 2621 2366 in
2652 2317 2839 2368 statu

525 2405 747 2472 staret,
796 2393 1006 2458 donec
1043 2392 1266 2456 domui
1297 2391 1466 2456 foret
1495 2391 1724 2456 melius
1754 2389 2139 2456 ordinatum.
2230 2391 2391 2470 Qui,
2422 2391 2604 2468 flenS,
2636 2403 2705 2455 et
2738 2390 2847 2456 eis

530 2479 964 2567 compatienS,.
983 2494 1294 2567 quantum
1327 2480 1394 2542 in
1427 2478 1565 2564 ipso
1596 2479 1736 2555 fuit,
1770 2477 2016 2556 annuit,
2048 2478 2164 2542 sed
2192 2477 2317 2542 hoc
2348 2477 2414 2542 in
2444 2479 2582 2562 ejus
2610 2493 2841 2563 potes-

527 2581 663 2633 tate
709 2590 840 2632 non
893 2582 1053 2645 erat,
1086 2588 1244 2630 cum
1269 2565 1629 2652 Episcopus
1688 2565 1951 2630 literam.
1992 2565 2293 2631 cessionis
2346 2589 2481 2631 suoe
2532 2587 2727 2650 penes
2758 2589 2840 2632 se

526 2655 815 2721 haberet.
909 2653 1097 2719 Missi
1149 2668 1298 2718 sunt
1347 2675 1502 2738 ergo
1547 2653 1611 2716 in
1646 2655 2191 2718 crastino-novem
2222 2653 2449 2718 fratres
2480 2675 2629 2718 cum
2658 2653 2839 2739 Sup-

527 2741 744 2830 priore
795 2743 880 2806 ad
918 2741 1330 2826 Episcopum,
1365 2743 1651 2825 rogaturi
1702 2763 1851 2804 eum
1902 2754 1972 2805 ut
2024 2754 2238 2825 partes
2268 2763 2415 2805 suas
2444 2741 2530 2806 ad
2558 2741 2682 2805 hoc
2714 2764 2841 2826 ap-

529 2842 824 2916 poneret,
875 2841 940 2894 et
973 2829 1190 2894 Priori„
1211 2829 1276 2892 in
1327 2829 1567 2892 virtute
1597 2827 1983 2893 obedientiae
2014 2829 2137 2892 hoc
2167 2828 2547 2916 injungeret,
2579 2827 2633 2892 si
2661 2828 2841 2894 forte

529 2917 812 2983 monitus
841 2915 1252 3003 adquiescere
1295 2931 1641 2983 recusaret.
1737 2915 1983 2980 Annuit
2012 2915 2383 3001 Episcopus„
2416 2931 2484 2982 et
2512 2915 2577 2979 in
2608 2915 2841 2980 crasti-

531 3027 686 3070 num
715 3004 889 3071 venit
931 3003 1108 3091 apud
1147 3002 1527 3090 Beurepair,
1551 3005 1859 3088 promissa
1888 3003 2362 3089 completurus·;
2408 3002 2519 3068 ubi
2550 3005 2841 3068 occurrit

533 3093 594 3159 ei
631 3091 818 3158 Prior
860 3113 1006 3158 cum
1037 3091 1288 3156 caeteris
1326 3091 1649 3169 fratribus,
1684 3103 1750 3154 et
1788 3090 2009 3156 Priore
2040 3091 2359 3176 allegante
2390 3091 2842 3156 infirmitatem

533 3203 714 3246 suam
759 3194 826 3246 et
867 3178 1338 3264 impotenciam,
1379 3178 1701 3265 Episcopo
1731 3200 1903 3256 veno,
1938 3201 1975 3244 e
2006 3200 2339 3256 conver-sc,
2370 3191 2741 3263 exponente
2770 3182 2844 3244 ei.

535 3267 942 3334 affectionem
993 3268 1364 3332 Con-ventus
1417 3288 1573 3353 erga
1602 3288 1771 3344 eum,
1807 3267 1977 3332 unde
2004 3267 2290 3351 gaudere
2319 3265 2607 3343 deberet,
2642 3279 2707 3330 et
2736 3265 2843 3330 eis

535 3355 809 3420 multum
859 3353 1082 3430 teneri,
1137 3354 1400 3418 tandem
1457 3352 1817 3439 Episcopus
1860 3353 1947 3432 ei,
2004 3355 2069 3417 in
2128 3353 2362 3420 virtute
2414 3352 2843 3434 obedientiae,

537 3441 816 3527 injunxit
864 3457 1034 3506 stare
1059 3463 1092 3515 3.
1123 3453 1190 3505 et
1237 3440 1326 3504 sic
1379 3439 1566 3505 Prior
1608 3440 1953 3528 adquievit.
2061 3440 2597 3529 Adven-ienteque
2648 3441 2841 3521 hora,

537 3528 728 3593 simul
779 3527 868 3591 ibi
899 3527 1322 3612 prandebant,
1353 3528 1507 3592 satis
1527 3528 1843 3612 jocundas
1872 3527 2065 3594 facies
2094 3528 2365 3594 invicem
2396 3527 2847 3597 ostendentes.

541 3617 705 3682 Post
753 3613 1091 3700 prandium
1144 3636 1318 3688 ver-0,
1371 3615 1591 3679 clerici
1625 3615 1923 3702 Episcopi
1972 3628 2286 3681 vocarunt
2319 3617 2739 3702 Suppriorem
2770 3633 2847 3685 et

539 3703 698 3768 alios
747 3701 829 3766 ad
860 3701 1169 3786 capellam
1215 3717 1454 3769 sanctoe
1487 3702 1843 3782 Katerinae,
1877 3703 2161 3769 dieentes
2206 3703 2490 3769 semirari
2534 3727 2653 3769 cur
2703 3726 2851 3770 non

539 3789 1010 3877 responderunt
1063 3789 1382 3877 Episcopo
1425 3790 1512 3855 ad
1556 3790 1938 3890 peticionem
1970 3791 2059 3856 eis
2088 3791 2395 3857 directam
2427 3812 2543 3877 per
2570 3791 2851 3858 fratrem

548 3879 629 3945 R.
659 3879 743 3944 de
781 3877 1061 3942 Barnebi
1103 3899 1294 3963 super
1321 3879 1710 3964 professione
1764 3878 2057 3944 facienda
2078 3902 2111 3955 ·,
2145 3895 2211 3946 et
2232 3879 2723 3964 responderunt,
2770 3905 2857 3948 se

537 3966 663 4032 hoc
720 3987 852 4031 non
896 3964 1378 4050 praetermisisse
1427 3987 1517 4030 ex
1534 3979 1963 4052 'contemptm
1986 3966 2102 4031 sed
2148 3966 2302 4054 quia
2341 3965 2723 4045 nescierunt,
2754 3990 2853 4032 an

538 4051 750 4139 capud
794 4052 1129 4130 haberent,
1176 4054 1314 4118 sine
1357 4074 1488 4154 quo
1536 4052 1721 4117 nichil
1764 4053 1977 4119 facere
2005 4066 2380 4140 potuerunt.
2472 4054 2855 4122 Mandave-

537 4154 686 4206 rant
703 4139 898 4204 etiam
921 4138 984 4205 ei
1005 4139 1182 4226 quod
1201 4154 1408 4222 parati
1429 4154 1612 4206 erant
1627 4139 1844 4206 facere
1859 4163 1939 4206 ea
1958 4165 2105 4230 quae
2130 4145 2195 4229 ly
2216 4142 2587 4207 Commi-tri*
2606 4143 2847 4223 voluit,

541 4227 658 4293 sed
689 4227 859 4292 ultra
901 4227 968 4291 id
1019 4227 1232 4293 tacere
1278 4249 1409 4292 non
1439 4227 1783 4306 audebant,
1830 4229 1967 4295 sine
2018 4251 2333 4295 consensu
2376 4251 2601 4295 eor-um
2630 4230 2743 4318 qui
2776 4231 2850 4296 in

547 4313 744 4382 &tellis
784 4315 1082 4379 externis·
1113 4315 1547 4384 morabantur.
1645 4315 1787 4379 Hiis
1817 4315 2159 4382 intellectis
2188 4317 2272 4382 ab
2305 4316 2655 4402 Episcop0,
2688 4339 2846 4384 cum

541 4402 768 4468 &atres
798 4401 883 4467 ad
914 4424 1060 4465 eum
1089 4404 1490 4481 accederent,
1524 4401 2036 4470 benedictionem
2082 4407 2165 4470 ab
2196 4428 2275 4470 eo
2304 4405 2654 4490 accepturi,
2684 4420 2847 4471 ante

543 4512 765 4558 eorum
813 4510 1150 4570 recessum,
1200 4490 1380 4580 quasi
1431 4489 1839 4580 indignanter.
1878 4491 1967 4559 eis
2013 4492 2178 4558 dixit
2201 4515 2222 4570 3.
2270 4503 2313 4536 ‘⁶
2353 4491 2497 4579 Ego
2527 4493 2839 4580 proposui
