3000 5117
748 503 1251 557 wunnerus
1291 488 1391 558 mi.
1431 505 1831 559 culmum-2.
2299 490 2444 561 143

464 1014 619 1064 cAP.
652 1016 741 1066 lv.
794 1020 883 1063 DE
914 1020 1245 1066 JOHANNB
1288 1018 1377 1067 DE
1412 1022 1752 1073 tonnam
1785 1026 2118 1081 EPISCOPO

1134 1110 1452 1162 DUNELM.

240 1270 519 1338 Obtenta
562 1284 783 1339 autem
826 1274 1106 1363 eligendi
1152 1275 1431 1359 licentia,
1464 1298 1588 1367 pro
1631 1306 1762 1371 qua
1797 1285 1972 1353 missi
2003 1286 2258 1359 fuerant
2285 1295 2442 1363 dicti

168 1357 388 1436 fratres,
420 1380 498 1425 ac
527 1362 913 1427 adveniente
942 1362 1047 1427 die
1066 1386 1187 1449 pro
1212 1366 1535 1433 electione
1566 1370 1764 1437 futuri
1793 1373 2130 1444 Pontificis
2153 1394 2396 1450 statuto
2420 1408 2440 1461 3

168 1448 267 1509 viz.
294 1446 447 1511 feria
474 1462 711 1535 quarta
752 1462 899 1534 post
942 1450 1175 1517 festum
1219 1454 1423 1519 sancti
1452 1456 1802 1547 Augustini
1833 1463 2194 1550 Anglorum
2229 1468 2440 1557 Apos-

167 1534 282 1611 toli,
308 1533 429 1600 hoc
450 1552 558 1600 est
582 1556 751 1600 xxix
772 1538 881 1603 die
904 1540 1137 1603 mensis
1166 1536 1351 1621 Maii,
1376 1561 1815 1613 convenerunt
1833 1572 2060 1619 omnes
2127 1555 2193 1620 ui
2215 1558 2442 1626 volue-

165 1640 306 1698 rant,
332 1635 705 1705 potuerant,
734 1645 815 1689 ac
840 1623 1197 1694 debuerant
1218 1628 1546 1711 interesse,
1577 1632 1646 1699 in
1669 1634 1867 1702 domo
1893 1641 2068 1725 capit
2135 1642 2250 1723 ari,
2277 1645 2439 1714 hora

165 1726 481 1786 consueta3
530 1723 602 1775 et
644 1711 1106 1779 deliberatione
1164 1715 1504 1804 multiplici
1547 1720 1770 1789 habita
1811 1723 1980 1791 inter
2005 1750 2142 1807 eos,
2173 1734 2438 1802 tandem

165 1796 429 1861 omnibus
457 1812 529 1863 et
558 1796 823 1883 singulis
868 1800 1109 1885 placuit
1136 1825 1255 1889 per
1292 1803 1459 1869 viam
1492 1810 1842 1894 procedere
1870 1818 2336 1902 compromissi,
2370 1837 2440 1889 et

165 1901 275 1946 xm
316 1884 897 1950 commissionarios
939 1887 1317 1973 elegerunt3
1360 1893 1592 1959 dantes
1637 1895 1726 1963 eis
1769 1899 2125 1984 plenariam
2155 1922 2442 1993 potesta-

159 1982 271 2033 tem
299 1970 587 2037 futurum
621 1971 1003 2039 Pontificem
1033 1976 1361 2062 eligendi3
1406 2002 1555 2068 quae
1671 1999 1864 2053 testas
1893 2010 2095 2077 usque
2126 1991 2192 2057 in
2221 1997 2443 2063 crasti-

158 2078 291 2121 num
316 2060 399 2124 ad
426 2058 584 2124 solis
627 2082 925 2125 occasum
972 2066 1420 2131 tantummodo
1448 2004 1843 2153 porcilli-aret.
1943 2076 2092 2151 Qua
2120 2094 2438 2165 potestate

158 2160 413 2231 accepta,
446 2146 543 2210 illi
572 2167 726 2226 xm,
758 2148 897 2213 aliis
924 2150 1222 2217 omnibus
1265 2153 1350 2217 de
1382 2154 1688 2239 Capitulo
1729 2162 2201 2246 recedentibus,
2235 2170 2300 2235 in
2331 2192 2439 2237 ca-

158 2234 339 2317 pitulo
388 2250 821 2313 remanenteS,
872 2238 1169 2302 seriosius
1228 2237 1309 2305 de
1352 2240 1548 2326 ipsius
1605 2246 1936 2313 electionis
1987 2254 2250 2337 negotio
2293 2280 2439 2343 per-

160 2336 511 2391 tractarunt.
610 2322 787 2388 Dein
813 2324 1123 2389 honorem
1165 2331 1351 2409 [ona]
1382 2342 1447 2394 et
1474 2331 1812 2399 utilitatem
1853 2337 2142 2403 ecclesiae
2186 2364 2437 2432 semper

157 2407 259 2471 sibi
285 2432 417 2495 prae
444 2409 653 2475 oculis
682 2424 1055 2491 statuentes,
1087 2426 1156 2481 et
1184 2413 1590 2483 advertentes
1621 2418 1684 2484 in
1716 2424 1966 2507 gremio
1994 2424 2336 2497 intrinsece
2365 2458 2438 2501 se

156 2492 365 2562 habere
396 2498 689 2563 valentes
716 2498 1097 2585 Theologiae
1132 2500 1534 2569 Professores
1556 2518 1627 2570 et
1659 2508 2148 2589 Baccalaureos‚
2175 2540 2250 2583 ac
2271 2520 2434 2589 alios

39 2654 41 2679 ;
156 2584 541 2670 quamplures
584 2585 748 2650 bene
790 2585 1079 2653 literatos
1121 2588 1429 2674 providos
1470 2604 1540 2657 et
1569 2593 1905 2679 discretos,
1938 2600 2022 2666 ad
2067 2602 2433 2676 Praelatiam

160 2670 634 2738 ecclesiasticam
675 2673 911 2738 merito
961 2678 1420 2744 assumendos:
1466 2701 1544 2745 ac
1583 2682 1668 2747 de
1713 2700 1898 2769 parte
1942 2688 2068 2754 alia
2113 2689 2430 2762 intuentes

156 2760 348 2823 mundi
380 2758 717 2838 malitiam,
750 2763 1207 2829 reservationes
1234 2778 1304 2831 et
1346 2767 1653 2851 plurimas
1691 2770 2098 2859 fatigationes
2125 2778 2192 2842 in
2225 2781 2434 2849 Bene-

158 2844 291 2910 ficiis
331 2847 779 2913 ecclesiasticis
819 2848 961 2933 jam
1010 2865 1363 2933 currentes,
1410 2868 1481 2920 et
1521 2855 1810 2941 pericula
1848 2872 1917 2925 et
1947 2861 2186 2931 damna
2212 2870 2428 2935 multi-

157 2933 321 3017 plicia
377 2934 671 3001 ecclesiae
730 2936 1154 3003 verisimiliter
1202 2939 1625 3022 imminentia,
1684 2944 1736 3007 si
1797 2968 1990 3035 quem
2049 2951 2134 3015 de
2185 2958 2430 3039 gremio

158 3026 597 3108 praetulissent3
642 3037 708 3090 et
738 3023 1144 3091 nihilominus
1174 3028 1601 3113 desperabant
1675 3032 1803 3099 uod
1834 3034 2060 3123 aliquis
2081 3038 2164 3102 de
2180 3046 2430 3124 gremio

158 3116 485 3200 expediret.
591 3116 769 3181 Inter
804 3114 1194 3200 hujusmodi,
1227 3136 1348 3203 per
1376 3128 1588 3182 totum
1667 3118 1791 3184 iern
1823 3120 2025 3202 illum,
2058 3138 2210 3190 ante
2239 3149 2431 3212 pran-

158 3200 307 3267 dium
338 3216 403 3269 et
430 3214 609 3291 post,
636 3224 837 3288 usque
860 3201 1011 3283 [ad]
1042 3222 1373 3287 vesperam
1396 3204 1806 3286 fluctuantes,
1829 3228 2020 3275 mane
2043 3210 2110 3274 in
2125 3217 2426 3297 crastino,

159 3286 248 3353 die
286 3290 485 3370 Jovis,
549 3288 743 3353 iidem
792 3306 944 3367 xm,
991 3288 1077 3354 ad
1128 3289 1302 3355 idem
1350 3290 1679 3376 negotium
1727 3293 1796 3359 in
1851 3296 2224 3383 Capitulum
2275 3324 2432 3370 con.

156 3390 483 3453 venerunt3
544 3389 614 3441 et
662 3398 867 3463 usque
909 3376 1137 3441 horam
1188 3377 1606 3463 capitularem
1652 3380 1735 3446 de
1779 3382 2108 3449 electionis
2159 3392 2430 3459 materia

154 3458 505 3547 diligentius
560 3474 1065 3550 pertractantes3
1118 3478 1387 3551 propter
1442 3466 1786 3551 praedictas
1847 3470 2250 3541 difficultates
2308 3479 2429 3546 im-

156 3548 437 3617 minentes
487 3549 554 3614 in
598 3548 841 3615 nullam
870 3571 1213 3635 personam
1243 3552 1609 3637 eligendam
1639 3554 1912 3622 finaliter
1936 3565 2427 3646 concordantes,

157 3637 385 3703 tandem
428 3650 829 3723 rogaverunt
874 3638 1251 3723 Capitulum
1306 3651 1379 3704 ut
1426 3638 1578 3740 ipsis
1627 3662 1758 3707 xm
1797 3645 1956 3711 alios
1983 3668 2102 3713 sex
2131 3672 2428 3739 compro-

154 3722 440 3791 missarios
488 3725 831 3803 sociarent,
885 3737 1199 3811 quatenus
1242 3726 1512 3792 consiho
1555 3728 1834 3814 plurium
1865 3734 2078 3799 sanius
2107 3742 2419 3824 procede-

152 3822 272 3875 rent
320 3812 383 3875 in
441 3812 573 3877 hoc
626 3822 802 3877 actu.
900 3812 1057 3889 Quo
1100 3814 1297 3892 sacto,
1358 3827 1518 3880 tunc
1578 3836 1701 3881 xlx
1762 3824 2295 3906 compromissarii
2355 3828 2424 3893 in

151 3893 268 3978 ipso
297 3899 601 3985 capitulo
655 3898 1030 3978 residentes,
1086 3900 1229 3965 aliis
1274 3902 1574 3967 omnibus
1622 3903 1772 3970 hinc
1819 3908 2074 3987 amotis,
2129 3911 2424 3997 diligenti

151 3992 399 4051 tractatu
442 3985 831 4072 praehabitO,
876 3986 1205 4051 dominum
1248 3988 1614 4054 Johannem
1657 3990 1742 4056 tle
1789 3992 2134 4074 Fon-dham,
2166 4001 2426 4065 canoni-

152 4088 275 4135 cum
312 4073 603 4139 ecclesiae
649 4073 1077 4139 Eboracensis
1116 4087 1184 4139 et
1216 4075 1650 4141 Secretarium
1683 4078 1927 4143 domini
1961 4080 2160 4171 Regis
2205 4086 2423 4172 elege-

150 4172 278 4223 runt
316 4160 379 4224 in
434 4160 828 4247 Episcopum
884 4172 951 4224 et
998 4161 1333 4227 Pastorem
1384 4162 1576 4228 dictae
1623 4164 2080 4234 Dunelmensis
2131 4174 2422 4243 ecclesiae

153 4243 439 4313 viduatae:
470 4260 561 4326 et,
586 4247 911 4333 publicata
928 4247 1261 4327 electione,
1288 4251 1497 4333 primo
1521 4249 1588 4315 in
1617 4251 1938 4337 Capitu10,
1967 4254 2197 4325 deinde
2220 4260 2288 4325 in
2311 4286 2418 4330 ec-

152 4329 311 4397 clesia
358 4356 573 4400 coram
619 4335 882 4420 populo,
929 4346 998 4398 et
1042 4335 1124 4400 ab
1170 4335 1467 4401 omnibus
1512 4340 1890 4423 approbata,
1938 4342 2068 4409 duo
2117 4352 2413 4417 monachi

154 4438 219 4479 ex
255 4434 428 4503 parte
458 4419 744 4507 Capituli
790 4422 875 4486 ad
920 4422 941 4483 i
988 4442 1131 4487 sum
1160 4422 1437 4489 electum
1468 4446 1616 4491 cum
1647 4425 1973 4493 electionis
2003 4432 2268 4501 decreto
2297 4460 2415 4523 pro

154 4503 259 4584 ejus
286 4530 591 4575 consensu
622 4444 1011 4598 requirendo
1041 4510 1403 4594 [celeriter]
1427 4526 1576 4580 sunt
1607 4515 1956 4583 transmissi
1979 4542 1999 4595 3
2045 4542 2298 4590 necnon
2329 4526 2412 4590 ad
