3000 5117
505 459 648 539 xcii
987 482 1196 538 msr.
1237 479 1599 534 mmmm.
1632 477 2094 536 scalr'roans
2122 477 2337 537 rans,

504 644 791 734 Capituli
833 645 1028 711 vestri
1070 645 1460 732 patentibus,
1510 643 1698 711 nobis
1728 667 1814 711 ex
1844 657 2028 733 parte
2056 657 2273 712 vestra
2298 643 2629 712 humiliter
2658 663 2814 735 supa

546 733 841 812 licarunt,
873 745 968 810 ut,
1001 753 1146 798 cum
1178 731 1451 798 ecclesia
1478 747 1697 798 vestra
1723 751 1839 819 per
1869 745 2141 799 mortem
2178 733 2451 800 Roberti
2479 736 2813 821 quondam

497 755 626 886 foci
673 821 845 886 illius
898 819 957 884 E
1007 819 1204 906 iscopi
1252 820 1528 907 pastoris
1579 818 1663 884 sit
1710 813 1952 886 solacio
2001 819 2330 900 destituta,
2379 821 2578 887 alium
2622 821 2813 888 vobis

500 905 782 994 eligendi
832 906 899 970 in
1007 907 1342 992 piscopum
1389 905 1728 972 licenciam
1770 907 2125 992 concedere
2170 907 2633 996 dignaremur:
2664 932 2809 988 nos,

499 993 520 1057 i
573 994 720 1074 'tur,
819 993 1070 1060 rccibus
1122 996 1347 1060 vestris
1398 993 1466 1058 in
1515 990 1639 1059 hac
1688 1005 1876 1080 parte
1924 991 2363 1061 favorabiliter
2412 997 2813 1063 condescen-

497 1018 749 1160 ‹fe'nteffi
829 1081 1152 1166 ujusmodi
1182 1081 1512 1146 licenciam
1546 1078 1725 1146 vobis
1754 1080 2057 1146 duximus
2080 1079 2596 1160 concedendam3
2628 1103 2812 1150 man·

497 1167 729 1234 dantes
757 1167 936 1256 quod
959 1169 1154 1234 talem
1182 1168 1364 1234 vobis
1395 1161 1645 1254 eligatis
1676 1167 1742 1233 in
1778 1167 2169 1256 Episcopum
2199 1183 2265 1235 et
2286 1184 2637 1256 pastorem,
2670 1173 2808 1260 qui,

499 1255 650 1320 Deo
692 1255 988 1334 devotus,
1035 1268 1106 1320 et
1133 1255 1427 1341 regimini
1459 1255 1749 1320 ecclesioe
1778 1270 2010 1323 vestrae
2037 1257 2451 1337 necessarius,
2485 1259 2807 1347 nobisque

497 1354 566 1408 et
587 1363 788 1429 regno
817 1355 1037 1408 nostro
1067 1341 1238 1408 utilis
1261 1355 1328 1408 et
1355 1341 1565 1407 fidelis
1596 1343 1854 1408 existat.
1932 1343 2010 1408 ln
2041 1343 2223 1408 cu'us
2251 1343 2343 1409 rei
2366 1345 2809 1412 testimonium

497 1429 614 1494 has
657 1429 875 1494 literas
915 1441 1166 1494 nostras
1197 1429 1338 1494 fleri
1366 1430 1635 1495 fecimus
1664 1441 1980 1516 patentes.
2136 1443 2277 1496 este
2323 1454 2429 1498 me
2458 1431 2598 1518 ipso
2627 1431 2809 1520 apud

504 1516 882 1595 Rochelan',
916 1535 1088 1582 xvm
1121 1515 1229 1582 die
1259 1510 1303 1584 J
1307 1516 1456 1596 unii,
1487 1539 1659 1584 anno
1688 1518 1876 1607 regni
1907 1509 2108 1583 nostri
2138 1514 2504 1588 undecimo.

671 1883 857 1932 Lxxt.
905 1885 994 1928 an
1031 1881 1447 1929 mmmmm
1491 1881 1764 1928 causam
1807 1873 2023 1928 nuum
2066 1883 2259 1928 anan
2292 1866 2501 1930 ruat
2532 1885 2623 1930 m·

669 1971 1124 2018 nxncu'romzs
1179 1971 1491 2016 nonan
1539 1971 1628 2015 m:
1686 1967 1938 2016 ursum
1986 1970 2301 2018 anscorr
2348 1971 2623 2018 nuum,-

670 2059 921 2105 mssnsls
954 2060 1090 2104 rao
1122 2059 1423 2104 namus·
1451 2058 1814 2103 Maarmus
1846 2059 1937 2106 ιν.

1352 2176 1525 2243 [Cart.
1548 2175 1665 2228 111.
1684 2175 1723 2227 1:
1745 2177 1843 2228 ιω
1865 2175 1943 2240 a]

577 2289 904 2362 Martinus
949 2292 1329 2383 Episcopus,
1377 2315 1597 2359 servus
1638 2313 1969 2358 servorum
2000 2287 2154 2369 Dei,
2184 2287 2425 2358 dilecto
2456 2289 2591 2358 filio
2626 2295 2797 2381 Sup-

489 2383 690 2470 priori
734 2383 1020 2450 ecclesiae
1066 2381 1543 2459 Dunelmensis,
1591 2381 1865 2444 salutem
1911 2389 1978 2444 et
2022 2376 2437 2462 apostolicam
2484 2379 2793 2446 benedic-

488 2472 798 2539 cionem.'
858 2471 1271 2558 Conquestus
1316 2481 1415 2534 est
1457 2468 1643 2534 nobis
1687 2463 1992 2554 magister
2044 2464 2253 2530 Adam
2296 2466 2380 2530 de
2427 2467 2658 2554 Fileby
2688 2493 2797 2534 ca-

490 2559 756 2624 nonicus
793 2557 1294 2624 Lichefeldensis
1324 2556 1501 2645 quod
1531 2549 1834 2640 magister
1870 2553 2195 2617 Robertus
2221 2554 2471 2619 Avenel
2494 2555 2789 2634 elericnS,

489 2659 560 2714 et
605 2644 1057 2712 Gwischardus
1101 2645 1184 2709 de
1231 2643 1529 2710 Charton
1556 2642 1765 2720 mile-8,
1798 2651 1866 2706 et
1893 2638 2001 2704 alii
2033 2639 2487 2705 Dunelmensis
2516 2642 2793 2709 civitatis

490 2746 562 2799 et
591 2731 943 2811 dioceseos,
975 2745 1354 2798 executores
1384 2730 1633 2796 ultimae
1668 2726 2037 2794 Voluntatis
2067 2727 2258 2793 bonae
2288 2731 2619 2794 memoriae
2660 2731 2794 2796 Ro-

489 2819 660 2886 berti
702 2820 762 2886 E
810 2820 1008 2907 iscopi
1059 2817 1538 2895 Dune'lmensis,
1586 2817 1671 2883 de
1722 2815 2003 2904 quadam
2061 2815 2353 2900 pecuniae
2410 2837 2663 2884 summa
2722 2831 2790 2885 et

489 2909 682 2974 rebus
788 2907 882 2987 iis,
928 2906 997 2970 in
1039 2908 1271 2996 quibus
1300 2906 1475 2971 idem
1508 2905 1888 3004 Episcopus,
1920 2902 2081 2968 dum
2109 2901 2322 2967 adhuc
2350 2903 2616 2984 viveret,
2652 2927 2791 2971 ma-

487 2995 694 3081 gistro
744 2994 1085 3062 tenebatur
1128 2994 1360 3071 eidem,
1411 3006 1480 3058 et
1531 2993 1615 3058 de
1664 2992 1894 3079 qulbus
1936 3010 2054 3090 per
2096 3011 2322 3054 manus
2366 3005 2787 3058 executurum

485 3083 774 3169 ipsorum
804 3082 868 3146 in
897 3105 1015 3148 sua
1042 3083 1272 3147 ultima
1299 3079 1656 3145 Voluntate
1685 3078 1807 3143 sibi
1834 3075 2126 3141 satisfieri
2154 3077 2481 3163 praecepit,
2514 3080 2576 3144 ei
2605 3081 2791 3146 satis-

485 3171 702 3238 facere
745 3169 1036 3235 indebite
1078 3167 1548 3245 contradicunss
1580 3166 1733 3231 licet
1763 3164 1847 3229 ad
1876 3163 1944 3228 id
1974 3163 2151 3228 bona
2176 3163 2262 3229 ad
2290 3165 2567 3231 eundem
2601 3168 2787 3254 Epis-

483 3281 721 3345 copum
770 3257 1028 3322 racione
1078 3277 1373 3342 personae
1427 3277 1563 3319 suae
1609 3250 1962 3339 spectantia
2012 3250 2301 3316 sufficere
2344 3251 2785 3334 dinoscantur,

485 3346 788 3450 quocirca
814 3342 1183 3409 discretioni
1215 3353 1348 3406 tuae
1377 3365 1496 3428 per
1526 3336 1903 3426 Apostolica
1928 3337 2169 3425 scripta
2196 3338 2594 3419 mandamus,
2628 3364 2788 3429 qua..

484 3447 680 3510 tinus,
755 3429 1044 3517 partibus
1117 3428 1511 3507 convocatis,
1574 3427 1799 3492 audias
1857 3447 2155 3502 causam;
2212 3438 2281 3490 et
2336 3426 2785 3513 appellacione

483 3531 752 3596 remota,
795 3519 1002 3581 usuris
1047 3515 1468 3592 cessantibus,
1518 3514 1741 3580 debito
1790 3513 1919 3578 fine
1972 3511 2264 3589 decidas3
2312 3513 2553 3579 faciens
2604 3519 2785 3604 quod

484 3603 896 3672 decreveritis
969 3624 1087 3690 per
1152 3599 1482 3668 censuram
1554 3599 2047 3668 ecclesiasticam
2106 3600 2377 3665 firmiter
2434 3602 2783 3671 observari.

488 3693 722 3758 Testes
751 3705 968 3758 autem
997 3691 1109 3778 qui
1130 3690 1372 3755 fuerint
1401 3688 1733 3767 nominati,
1766 3688 1819 3752 si
1846 3709 1916 3752 se
1950 3685 2177 3772 gratia,
2210 3687 2386 3767 odio,
2417 3689 2521 3754 vel
2554 3690 2785 3757 timore

482 3777 939 3856 subtraxerint,
1000 3799 1269 3844 censura
1325 3775 1538 3856 simili,
1584 3774 2023 3863 appellacione
2065 3787 2383 3854 cessante,
2438 3779 2785 3864 compellas

482 3867 740 3933 veritati
789 3865 1223 3933 testimonium
1272 3863 1630 3950 perhibere.
1723 3863 1903 3928 Data
1952 3862 2124 3948 apud
2162 3860 2410 3930 Vrbem
2445 3863 2779 3948 Veterem,

483 3976 552 4022 v1
581 3954 724 4022 idus
751 3953 1062 4037 Januarii,
1094 3953 1511 4042 pontificatus
1540 3950 1741 4020 nostri
1768 3972 1940 4018 anno
1971 3949 2193 4019 tercie.
