3000 5117
485 431 602 503 clii
851 450 1096 535 fursr.
1137 447 1498 499 nuNELM.
1542 448 2004 501 semp-rosas
2040 450 2254 499 Tuas.

1099 900 1376 946 cxxxiv.
1428 900 1684 946 mrum
1714 900 2199 949 nnsvnroms.

1372 1045 1534 1113 [neg.
1559 1039 1628 1095 n.
1651 1042 1688 1094 f.
1710 1046 1830 1095 sis.
1854 1042 1935 1107 a]

589 1181 1086 1249 venerabilibus
1137 1182 1428 1269 patribus
1481 1199 1547 1247 et
1599 1182 1820 1249 amicis
1872 1196 2111 1249 sanctae
2144 1180 2505 1267 Religionis
2540 1181 2692 1247 viris
2720 1182 2810 1250 ad

549 1291 667 1334 uos
715 1270 1124 1355 pervenerint
1171 1270 1315 1335 haec
1361 1270 1621 1355 scripta,
1662 1272 1986 1336 Robertus
2022 1270 2208 1336 Prior
2237 1270 2522 1335 eccloeiae
2559 1271 2814 1337 Cathe-

504 1292 698 1422 grans
731 1356 1207 1437 DunelmensiS,
1242 1371 1308 1422 et
1338 1358 1628 1443 ejusdem
1660 1356 1783 1422 loci
1816 1372 2188 1436 conventuS,
2212 1358 2511 1437 salutem,
2546 1371 2617 1423 et
2648 1360 2817 1423 cari·

504 1444 654 1509 tatis
707 1458 948 1508 mutuae
997 1444 1480 1510 incrementum.
1572 1444 1755 1510 Inter
1797 1459 2037 1510 caetera
2079 1443 2338 1530 pietatis
2368 1468 2571 1531 opera
2599 1446 2818 1511 credi-

506 1552 652 1595 mus
700 1530 1140 1597 indubitanter
1185 1532 1326 1597 fore
1381 1534 1802 1618 praecipuum,
1840 1546 1911 1597 et
1942 1532 2239 1597 Creatori
2272 1546 2490 1597 nostro
2520 1532 2821 1598 maxime

505 1631 782 1702 gratum,
831 1618 958 1681 illis
1006 1618 1216 1704 optati
1267 1616 1591 1683 solaminis
1642 1617 1927 1684 subsidia
1975 1618 2293 1697 conferre,
2348 1619 2481 1706 qui,
2530 1618 2821 1685 decurso

505 1706 660 1769 vitae
678 1704 1010 1789 praesentis
1033 1705 1252 1784 taedio,
1274 1720 1461 1770 extra
1483 1719 1721 1770 statum
1743 1707 1955 1771 meriti
1978 1727 2149 1770 nunc
2159 1707 2355 1793 positi
2369 1730 2593 1793 poenas
2620 1707 2823 1771 luunt

509 1790 577 1855 in
623 1792 998 1876 purgatorio
1049 1814 1168 1878 pro
1215 1792 1567 1857 commissis
1606 1792 1967 1877 juventutis
2012 1793 2383 1878 proeteritae,
2417 1794 2633 1858 aliena
2684 1794 2825 1857 suf-

509 1878 718 1962 fragia
745 1880 1157 1944 devotissime
1185 1879 1567 1963 flagitantes,
1669 1880 1886 1957 Unde,
1908 1882 2061 1967 quia
2086 1893 2307 1945 sancta
2336 1895 2438 1946 est
2456 1895 2524 1946 et
2539 1880 2825 1945 salubris

512 1965 834 2050 cogitacio
863 1987 984 2051 pro
1009 1965 1324 2032 defunctis
1355 1988 1652 2044 exorare,
1686 1980 1761 2031 ut
1788 1990 1829 2031 a
1858 1966 2141 2054 peccatis
2171 1968 2521 2047 solvantur,
2546 1983 2621 2032 ut
2642 1968 2825 2033 canit

511 2052 802 2131 ecclesia,
829 2053 1308 2118 universitatem
1335 2066 1609 2119 vestram
1632 2054 2072 2133 reverendam,
2094 2054 2179 2119 ad
2202 2077 2475 2141 quorum
2500 2053 2823 2119 noticiam

511 2139 720 2205 literae
750 2154 1097 2226 praesentes
1126 2140 1558 2225 pervenerint,
1584 2141 1668 2205 ad
1697 2141 1887 2228 hujus
1906 2153 2038 2205 tam
2061 2156 2303 2207 sanctoe
2323 2158 2453 2206 tam
2480 2142 2827 2207 immensae

513 2226 886 2293 devocionis
931 2227 1164 2305 studia,
1213 2240 1410 2312 prout
1456 2242 1555 2291 est
1604 2230 1801 2292 moris
1846 2228 2195 2315 antiquitus
2226 2229 2441 2294 usitati
2470 2228 2832 2293 salubriter

513 2328 879 2393 exorantes,
907 2314 969 2378 in
994 2314 1297 2393 Domino,
1329 2332 1577 2379 mutuae
1596 2314 2040 2379 vicissitudinis
2070 2330 2335 2401 optentu
2368 2332 2433 2382 et
2462 2316 2685 2400 gracia
2714 2338 2831 2379 ro-

515 2422 742 2485 gamus
799 2401 1146 2479 humiliter,
1205 2402 1505 2488 quatinus
1578 2402 1859 2466 animam
1924 2403 2119 2467 bonae
2177 2404 2503 2468 memorioe
2564 2401 2831 2467 domini

520 2488 799 2554 Thomae
855 2510 1060 2574 nuper
1124 2489 1426 2575 Episcopi
1479 2488 1700 2567 nostri,
1731 2488 1867 2576 -qui
1918 2504 2151 2555 octavo
2208 2489 2352 2553 idus
2414 2489 2581 2554 Maii
2642 2489 2830 2553 diem

517 2597 707 2640 suum
753 2576 980 2641 clausit
1007 2589 1392 2654 extremum,
1441 2590 1508 2641 et
1538 2576 1783 2640 animas
1812 2577 2207 2641 confratrum
2238 2590 2628 2657 nostrorum,
2664 2598 2833 2641 con-

517 2684 865 2742 versorum,
897 2662 1323 2742 familiarium,
1355 2677 1422 2728 et
1463 2663 1948 2728 benefactorum
2000 2678 2367 2730 nostrorum
2407 2667 2711 2731 omnium
2763 2664 2829 2729 in

521 2748 786 2814 Christo
837 2749 1328 2837 quiescencium,
1361 2772 1638 2837 quorum
1685 2750 1947 2815 nomina
1982 2750 2152 2816 lator
2178 2751 2605 2837 praesencium
2638 2751 2831 2817 vobis

521 2837 961 2921 praesentabit,
1009 2836 1305 2923 precibus
1356 2836 1585 2902 vestris
1630 2836 1823 2902 sacris
1866 2839 2323 2903 recomendare
2376 2838 2587 2903 velitis
2626 2839 2833 2903 Altis-

518 2924 730 3001 sim03
777 2938 852 2990 ut
901 2946 1020 3011 per
1067 2923 1443 2989 oracionum
1498 2936 1853 2989 vestrarum
1900 2923 2139 2991 devota
2182 2925 2485 3011 suffragia
2510 2924 2833 3014 consequi

521 3025 892 3079 mereantur
919 3024 1163 3078 eternae
1191 3009 1607 3077 beatitudinis
1635 3013 1925 3097 requiem
1954 3033 2147 3099 quam
2176 3025 2507 3099 optarunt.
2560 3013 2832 3077 Harum

525 3121 683 3163 vero
736 3099 1032 3186 portitori
1083 3098 1366 3163 Johanni
1418 3098 1500 3163 de
1536 3093 1657 3177 'P.‚
1704 3110 1927 3163 nostro
1970 3098 2339 3178 breviatori‚
2381 3120 2531 3164 cum
2574 3099 2660 3164 ad
2710 3122 2832 3164 vos

521 3186 962 3265 declinaverit,
1009 3187 1188 3274 quod
1240 3184 1655 3250 humanitatis
1692 3200 1789 3249 est
1834 3185 2141 3251 exhibere
2170 3186 2382 3251 velitis
2411 3186 2701 3252 caritatis
2738 3187 2836 3250 in-

526 3272 718 3351 tuitu,
765 3290 840 3339 ut
869 3276 1092 3337 vestris
1121 3274 1188 3336 in
1219 3286 1453 3338 eventu
1482 3271 1797 3337 consimili
1826 3284 2162 3338 teneamur
2189 3275 2395 3337 arcius
2426 3288 2615 3357 grata
2644 3274 2837 3338 vicis-

521 3360 806 3425 situdine
863 3361 1275 3445 respondere.
1385 3361 1464 3424 In
1522 3361 1704 3443 cujus
1761 3359 1857 3423 rei
1914 3358 2346 3425 testimonium
2403 3361 2836 3445 praesentibus

523 3472 642 3536 per
671 3448 1012 3515 triennium
1040 3445 1486 3512 tantummodo
1517 3446 1837 3511 duraturis
1866 3446 2140 3531 sig-illum
2173 3467 2517 3511 commune.
2541 3447 2835 3533 Capituli

525 3539 726 3602 nostri
775 3535 1078 3601 duximus
1119 3532 1600 3618 apponendum.
1694 3532 1873 3597 Data
1908 3534 1976 3600 in
2028 3532 2333 3618 Capitulo
2374 3547 2601 3597 nostro
2654 3550 2837 3600 octa·

523 3647 612 3687 vo
655 3623 798 3687 idus
850 3620 1172 3699 Octobris,
1221 3640 1394 3685 anno
1451 3620 1727 3687 Domini
1778 3620 2116 3686 millesimo
2177 3631 2378 3685 eccm
2434 3622 2837 3707 octagesimo

521 3734 753 3800 primo.
