3000 5117
367 403 594 455 cccxc
741 394 748 404 '
869 400 1077 451 HIST.
1121 394 1480 449 DUNELM.
1516 394 1979 447 SCRIPTORES
2014 394 2227 447 'mms-

375 585 656 653 poenam,
691 561 741 627 si
771 558 1138 647 hujusmodi
1167 554 1531 623 monicione
1558 566 1797 637 vestra,
1842 556 1997 645 quin
2029 556 2238 623 verius
2267 572 2509 637 nostra,
2542 581 2711 625 can-

381 652 570 717 onice
623 650 972 737 praemissa,
1034 646 1308 713 rebelles
1353 644 1711 722 extiterint,
1743 660 1812 710 et
1854 645 2063 709 eidem
2114 646 2461 713 monicioni
2540 670 2705 712 cum

380 738 624 806 effectu
673 760 804 802 non
859 734 1209 820 paruerint,
1260 734 1323 796 in
1371 730 1516 795 loca
1574 730 1711 816 ipsa
1769 732 1833 795 in
1888 731 2008 795 hiis
2038 734 2287 818 scriptis
2317 734 2701 819 infligimus.

397 826 534 891 Vos
578 823 804 907 eciam,
851 820 1110 887 domine
1146 818 1398 897 vicarie,
1443 838 1724 903 praesens
1772 818 2147 884 mandatum
2198 836 2505 899 nostrum,
2561 844 2706 886 non

387 912 590 979 semel
621 926 856 989 tamen,
886 910 1000 974 sed
1031 909 1255 984 eciam,
1303 906 1354 968 si
1400 926 1652 970 necesse
1701 904 1912 984 fuerit,
1938 906 2175 992 saepius
2204 922 2271 972 et
2300 909 2547 974 vicibus
2576 908 2709 975 ite-

387 1000 568 1078 ratis,
589 999 816 1063 diebus
840 994 1175 1061 dominicis
1206 1008 1270 1058 et
1302 990 1561 1071 festiviS,
1595 991 1762 1057 intra
1782 994 2113 1058 missarum
2144 994 2521 1081 solempnia,
2536 1021 2577 1071 ‚t
2590 1019 2705 1060 um

397 1088 606 1172 major
647 1085 872 1173 populi
895 1082 1150 1147 affuerit
1177 1080 1547 1156 multitudo,
1582 1081 1956 1144 execucioni
1988 1080 2221 1145 debitae
2266 1084 2703 1159 demandetis,

391 1188 464 1239 et
494 1176 801 1260 populum
833 1173 916 1237 ab
961 1166 1432 1256 praemissorum
1485 1166 1987 1251 transgressione
2015 1170 2136 1233 sub
2168 1191 2382 1253 poena,
2417 1172 2596 1235 vobis
2628 1185 2709 1234 ut

396 1260 831 1347 praemittitur,
884 1254 1326 1343 compescatiS.
1419 1252 1598 1341 Data
1663 1255 1987 1332 Dunelmi,
2054 1278 2098 1317 x
2144 1256 2249 1323 die
2296 1257 2530 1323 mensis
2582 1256 2713 1322 Fe-

392 1350 654 1428 bruarii,
702 1370 875 1413 auno
907 1342 1170 1409 Domini
1214 1339 1547 1405 millesimo
1592 1346 2175 1412 ccccnxxxxvum.

605 1764 845 1812 cccnl.
894 1760 1441 1806 'rlts'rlmoNtALEs
1483 1760 1707 1805 SUPER
1756 1759 2005 1805 caucis
2052 1758 2497 1809 SIGNACIONE.

1177 1902 1335 1969 [neg.
1364 1898 1462 1953 tv.
1487 1900 1638 1953 rm.
1660 1900 1745 1952 fol.
1770 1890 1861 1961 η·
1878 1901 1951 1965 ιι]

509 2043 844 2110 Universis
895 2039 1132 2106 Christi
1177 2040 1494 2117 fidelibus,
1542 2039 1625 2103 ad
1675 2062 1834 2127 quos
1878 2054 2229 2125 praesentes
2257 2039 2464 2105 literae
2496 2063 2729 2127 perve-

414 2133 649 2212 nerint,
701 2130 988 2194 Thomas
1015 2126 1430 2213 permissione
1489 2126 1705 2191 divina
1746 2126 1935 2193 Prior
1976 2128 2265 2193 ecclesiae
2316 2129 2729 2195 cathedralis

423 2219 880 2288 Dunelmensis
933 2214 1201 2279 salutem
1235 2214 1298 2277 in
1335 2213 1621 2279 Domino
1663 2216 2133 2300 sempiternam.
2230 2216 2397 2281 Cum
2445 2218 2729 2283 dilectus

421 2307 608 2373 nobis
641 2308 704 2369 in
739 2303 1002 2370 Christo
1043 2301 1374 2367 ¹lohannes
1418 2301 1619 2388 Ellys,
1666 2322 1873 2386 nuper
1902 2302 2223 2388 parochiae
2272 2304 2357 2368 de
2396 2304 2731 2371 Braunce-

419 2394 604 2483 path,
645 2389 1090 2459 Dunelmensis
1121 2387 1470 2466 dioceseos,
1535 2389 1629 2452 vir
1660 2391 1876 2475 utique
1918 2390 2113 2455 bonoe
2160 2390 2371 2469 famae,
2419 2390 2594 2471 vitae,
2658 2409 2733 2460 et

417 2478 934 2549 conversacionis
965 2476 1275 2553 honestae,
1323 2498 1502 2539 mero
1532 2474 1764 2541 animoe
1802 2498 1939 2545 suae
1990 2492 2169 2543 motu
2202 2492 2581 2565 maturaque
2610 2481 2734 2545 de·

425 2568 813 2637 liberacione
843 2563 1216 2651 praehabita,
1253 2577 1494 2639 votum,
1524 2578 1595 2625 ut
1618 2563 1910 2643 asseruit,
1937 2566 2301 2649 promiserit
2326 2568 2622 2650 speciale,
2656 2590 2733 2635 se

429 2674 497 2724 et
525 2678 826 2743 personas
857 2674 1000 2716 suas
1033 2649 1184 2737 [sic]
1214 2650 1515 2714 adversus
1544 2650 1610 2714 T
1615 2650 1861 2729 urebas,
1883 2668 2276 2739 caeterosque
2301 2652 2519 2717 hostes
2537 2671 2605 2720 et
2629 2655 2737 2718 in-

425 2746 652 2811 imicos
681 2742 888 2807 crucis
917 2736 1175 2815 Christi,
1205 2760 1320 2823 pro
1341 2737 1708 2802 defensione
1733 2738 1887 2802 fidei
1916 2738 2301 2803 Christianoe
2321 2740 2587 2805 viriliter
2609 2763 2738 2806 ex-

427 2854 695 2921 ponere,
743 2846 808 2893 et
845 2849 966 2914 pro
1000 2825 1234 2889 viribus
1265 2847 1706 2909 expungnare,
1742 2840 1933 2909 prout
1957 2848 2179 2889 coram
2228 2827 2411 2891 nobis
2439 2828 2739 2913 plenaria

427 2920 650 2987 extitit
675 2917 837 2981 fides
867 2914 1057 2990 facta,
1078 2934 1222 2976 cum
1245 2915 1615 2999 juramento
1636 2912 1785 2976 inde
1813 2912 2127 2998 promito,
2147 2914 2229 2977 ad
2260 2916 2436 3001 qnod
2466 2918 2737 3017 quidem

431 3022 679 3083 votnm,
729 3004 879 3067 Deo
917 2999 1181 3077 comite,
1227 2998 1500 3065 feliciter
1543 3000 2034 3078 observandum,
2078 3000 2265 3065 nobis
2295 3024 2440 3067 cum
2492 3016 2741 3068 instan-

423 3097 542 3161 ciis
572 3090 802 3159 debitis
831 3102 898 3154 et
930 3087 1244 3175 requisitis
1273 3087 1379 3173 pie
1407 3086 1811 3173 supplicavit,
1862 3103 1934 3152 ut
1960 3088 2024 3151 in
2060 3088 2255 3151 fidem
2280 3102 2347 3153 et
2380 3090 2743 3154 testimoni-

429 3206 542 3249 um
575 3196 704 3247 tam
735 3177 823 3265 pii
855 3192 1114 3262 tamque
1143 3174 1477 3239 laudibiles
1522 3173 1853 3259 propositi,
1910 3198 1951 3239 a
2002 3174 2148 3239 Deo
2188 3177 2739 3261 praemunerandi,

432 3271 641 3359 ipsum
672 3267 856 3351 signo
895 3263 1098 3329 crucis
1146 3261 1550 3345 consignare,
1598 3276 1973 3347 nostrasque
2006 3260 2219 3326 literas
2272 3264 2742 3330 testimoniales

431 3360 498 3423 in
553 3380 631 3421 ea
677 3370 862 3455 parte
909 3349 1288 3414 necessarias
1333 3348 1392 3412 ei
1433 3349 1789 3412 concedere
1829 3348 2257 3414 favorabiliter
2300 3350 2743 3438 dignaremur.

437 3446 578 3510 Nos
611 3442 825 3527 igitur,
876 3435 1069 3521 ipsius
1121 3434 1283 3499 votis
1335 3448 1399 3500 et
1448 3434 1798 3512 desideriis,
1856 3448 2157 3522 tanquam
2198 3437 2393 3522 justis
2452 3437 2641 3503 licitis
2672 3454 2747 3504 et

429 3529 743 3604 honestis,
792 3525 1072 3606 benigne
1125 3536 1505 3600 annuentes,
1554 3522 1891 3606 praefatnm
1945 3523 2307 3588 Johannem
2354 3525 2417 3588 in
2468 3526 2747 3591 ecclesia

435 3613 791 3685 cathedrali
843 3609 1174 3695 praedicta,
1239 3608 1440 3672 tercio
1487 3608 1739 3673 decimo
1790 3610 1897 3674 die
1968 3610 2199 3674 mensis
2252 3611 2510 3695 Aprilis,
2564 3634 2746 3677 anno

436 3702 703 3774 Domini
733 3697 1067 3765 millesimo
1122 3715 1669 3772 ccccbxxxxvnn
1716 3696 2139 3781 personaliter
2180 3700 2626 3777 constitutum,
2674 3713 2749 3765 et

435 3798 624 3862 ‘uxta
654 3791 959 3856 feretrum
1001 3782 1380 3848 sanctissimi
1410 3782 1792 3849 confessoris
1840 3784 2187 3849 Cuthberti
2232 3787 2483 3869 patroni
2514 3787 2746 3866 nostri,

425 3822 802 3969 'liujusmodi
832 3870 1037 3938 crucis
1084 3870 1334 3957 signum
1385 3870 1525 3954 ejus
1571 3870 1813 3954 pectori
1855 3871 2150 3955 imprimi,
2199 3872 2433 3937 debitis
2464 3894 2611 3936 cum
2646 3873 2749 3938 in-

437 3967 692 4035 stanciis
722 3980 792 4029 et
847 3958 1034 4025 flexis
1090 3957 1358 4042 genibus
1415 3956 1717 4021 devocius
1763 3958 2219 4041 postulantem,
2268 3979 2379 4041 per
2436 3958 2749 4025 dilectum

441 4056 830 4123 confratrem
864 4060 1146 4113 nostrum
1177 4043 1508 4110 dominum
1545 4043 1893 4108 Ricardum
1928 4046 2115 4131 Caly,
2148 4068 2347 4110 sacrae
2394 4046 2749 4131 theologiae

439 4138 888 4213 baccalarium,
957 4133 1352 4199 feretrarium
1435 4144 1501 4195 et
1574 4131 2087 4196 elemosinarium
2164 4148 2475 4209 nostrum,
2556 4133 2749 4216 signo

432 4230 639 4297 crucis
670 4226 806 4311 ejus
837 4219 1103 4308 pectori,
1153 4218 1216 4281 in
1265 4218 1542 4283 dextera
1590 4218 1813 4282 saltem
1866 4234 2067 4304 parte,
2121 4220 2353 4305 signari
2384 4219 2657 4285 fecimus
2676 4234 2750 4287 et

438 4314 644 4391 aduri,
677 4328 750 4376 ut
792 4332 928 4375 mos
971 4321 1091 4375 est.
1188 4304 1687 4371 Universitatem
1740 4305 1934 4389 igitur
1986 4322 2263 4372 vestram
2312 4308 2752 4392 supradictam

443 4400 760 4469 attencius
793 4416 1111 4483 rogamus,
1143 4406 1462 4478 quatenus
1493 4414 1639 4456 cum
1670 4392 1806 4477 ipse
1836 4393 2187 4473 Johannes,
2218 4410 2286 4461 ut
2306 4395 2748 4480 praemittitur,
