3000 5117
1255 456 1498 508 APPEN
1512 456 1667 506 mx.
2273 437 2645 512 ccccxxvii

345 621 454 688 die
501 621 942 688 translacionis
975 618 1286 705 ejusdem,
1323 641 1467 684 ossa
1497 617 1701 683 sancti
1741 617 1994 694 Aidani,
2038 617 2330 697 Edbertss
2369 621 2643 707 ngridi,

343 709 760 787 Ethelwaldi,
823 708 1294 794 episcoporum,
1364 705 1626 770 Balterii
1673 719 1739 770 et
1796 704 2065 770 Balfridi
2110 707 2647 777 anachoritarum.

349 798 604 881 Corpus
651 793 1026 860 venerabilis
1094 794 1294 858 Bedae
1340 792 1691 878 presbyteri
1740 806 1804 857 et
1848 792 2151 860 doctoris.
2247 794 2413 860 Ossa
2470 821 2651 864 sanc-

343 899 558 948 tarum
589 883 967 948 feminarum
1001 881 1206 946 Ebbae
1229 893 1297 944 et
1329 879 1613 963 Elfirgoe.
1678 878 1931 964 Corpus
1955 893 2021 944 et
2047 879 2429 948 vestimenta
2448 887 2649 950 sancti

345 970 600 1048 Boisili‚
647 972 758 1056 qui
805 967 1012 1034 suerat
1057 967 1361 1051 magister
1402 965 1607 1030 sancti
1656 965 2023 1036 Cuthberti.
2122 967 2288 1032 Ossa
2334 982 2402 1033 et
2442 973 2655 1058 capilli

342 1055 552 1121 sancti
606 1056 957 1122 Edelwaldi
1005 1053 1364 1140 presbiteri,
1441 1053 1553 1139 qui
1629 1052 1931 1118 successit
1974 1069 2197 1119 sancto
2262 1055 2650 1126 cuthberto.

348 1146 572 1230 Caput
643 1143 956 1210 Ceowulfi
1015 1143 1182 1226 regis
1245 1153 1313 1204 et
1371 1152 1599 1224 postea
1644 1139 1938 1204 monachi
2012 1139 2077 1204 in
2141 1141 2654 1212 Lindissarnensi

344 1231 642 1297 ecclesia.
733 1231 842 1296 De
889 1229 1284 1296 vestimentis
1339 1242 1405 1291 et
1451 1226 1699 1292 ossibus
1747 1227 1951 1292 sancti
1990 1226 2319 1308 Medardi,
2356 1229 2647 1312 Martini,

347 1318 572 1396 Bricii,
635 1318 937 1402 Remigii,
978 1316 1309 1392 Germani,
1347 1313 1565 1412 Eligit.
1656 1313 1763 1380 De
1794 1313 2177 1380 vestimento
2206 1317 2407 1382 sancti
2445 1319 2655 1386 Bene-

343 1405 526 1473 dicti.
595 1405 766 1471 Ossa
824 1404 1026 1471 sancti
1101 1403 1502 1470 Contestoris
1547 1398 1849 1485 episcopi.
1944 1401 2121 1465 Dens
2164 1404 2367 1468 sancti
2418 1405 2656 1495 Egidii.

347 1491 462 1557 De
507 1492 754 1558 ossibus
784 1506 849 1556 et
879 1489 1121 1578 capillis
1165 1503 1234 1554 et
1263 1489 1348 1554 de
1381 1487 1775 1553 vestimentis
1808 1501 2177 1553 sanctorum
2210 1491 2651 1560 consessorum

345 1593 546 1666 atque
591 1580 966 1664 pontificum
1025 1576 1337 1653 Silvestri,
1391 1575 1657 1652 LeoniS,
1706 1574 2027 1659 Gregorii.
2116 1575 2227 1643 De
2260 1579 2653 1648 vestimentis

345 1679 420 1730 et
463 1665 710 1730 ossibus
775 1665 982 1730 sancti
1047 1663 1390 1730 Ambrosii.
1484 1663 1592 1727 De
1653 1661 2044 1727 vestimentis
2112 1663 2287 1749 Lupi
2346 1667 2653 1756 episcopi.

349 1753 676 1840 Reliquiae
703 1755 906 1818 sancti
939 1751 1223 1818 Amandi
1252 1748 1560 1836 episcopi,
1596 1761 1663 1814 et
1696 1749 1941 1814 Cesarii
1974 1751 2277 1836 episcopi.
2328 1753 2648 1842 Reliquioe

347 1855 590 1906 sanctoe
641 1840 999 1906 Anastasiae
1045 1855 1114 1904 et
1171 1857 1410 1902 sanctae
1487 1837 1769 1926 Agnetis
1812 1836 2129 1925 virginum
2178 1852 2247 1902 et
2293 1841 2649 1913 martirum.

345 1925 458 1992 De
491 1927 870 1992 vestimento
906 1925 1204 1993 Cristinae
1235 1923 1516 2010 virginis.
1614 1923 1933 2010 Reliquiae
1983 1925 2355 1991 Petronillae
2384 1929 2649 2014 virginis

345 2027 416 2078 et
445 2027 688 2078 sanctoe
733 2013 1008 2097 Etfgivae
1055 2011 1334 2097 virginis,
1429 2012 1537 2076 De
1582 2010 1759 2096 ligno
1806 2011 2075 2076 Domini
2122 2025 2249 2078 tres
2294 2017 2653 2099 particulae.

343 2101 460 2166 De
489 2101 734 2164 ossibus
761 2114 1000 2166 sanctae
1037 2099 1302 2166 Cecilioe
1347 2097 1631 2183 virginis,
1658 2113 1723 2164 et
1752 2113 1992 2164 sanctae
2031 2099 2337 2166 Barbarae
2369 2103 2645 2190 virginis·

347 2187 460 2252 De
501 2188 644 2253 velo
689 2201 928 2252 sanctoe
979 2187 1256 2273 Agathae
1287 2185 1571 2272 virginis.
1665 2185 1831 2250 Ossa
1862 2186 2067 2270 Sergii
2096 2201 2162 2252 et
2200 2186 2401 2254 Bachi
2431 2193 2650 2258 marti-

345 2297 515 2339 rum.
605 2275 788 2339 Dens
863 2274 1064 2340 sancti
1143 2272 1360 2339 Blasii.
1467 2273 1635 2338 Ossa
1711 2273 2025 2337 Gereonis
2098 2275 2395 2341 martiris.
2485 2279 2653 2347 Ossa

345 2375 713 2426 sanctarum
755 2361 1076 2448 virginum
1125 2382 1198 2425 xx
1245 2361 1513 2424 millium
1577 2359 1891 2424 Coloniae.
1988 2359 2089 2424 De
2136 2361 2400 2428 brachio
2446 2368 2653 2433 sancti

355 2448 686 2535 Stephani.
779 2449 886 2513 De
915 2471 1084 2534 genu
1128 2448 1332 2513 sancti
1389 2446 1597 2512 Pauli.
1690 2445 1797 2510 De
1850 2445 2053 2510 latere
2098 2464 2338 2512 sanctae
2388 2451 2659 2537 Marga.

347 2552 532 2602 retae.
624 2537 730 2600 De
791 2537 1099 2621 junctura
1143 2557 1370 2600 manus
1445 2531 1667 2598 Sancti
1732 2532 2034 2596 Andreae.
2128 2533 2235 2598 De
2308 2539 2651 2623 sepulchro

347 2623 644 2692 Domini.
739 2623 846 2688 De
919 2623 1224 2689 craticula
1294 2621 1496 2686 sancti
1566 2618 1931 2684 Laurencii.
2020 2619 2129 2683 De
2202 2637 2383 2688 costa
2445 2629 2649 2692 sancti

353 2709 702 2795 Augustini
745 2711 1052 2778 doctoris.
1145 2709 1252 2774 De
1299 2708 1459 2774 tibia
1502 2707 1707 2774 sancti
1760 2705 2220 2773 Bartholomei.
2312 2709 2419 2776 Dc
2464 2713 2649 2781 fauce

347 2811 590 2864 sauctae
640 2797 1038 2876 Katharinae,

437 3073 576 3138 Hic
617 3075 968 3139 scribuntur
1011 3073 1289 3154 reliquie
1331 3092 1472 3154 quae
1514 3081 1843 3136 servam
1884 3077 1953 3137 in
1994 3077 2231 3140 cistulis
2276 3078 2553 3142 eburneis
2596 3090 2657 3144 et

326 3163 514 3244 fiolis
551 3164 914 3236 criminis,
980 3169 1042 3223 et
1080 3161 1232 3222 aliis
1274 3161 1423 3223 locis
1487 3161 1773 3235 diversis,
1839 3163 1907 3222 in
1966 3165 2243 3226 custodia
2304 3165 2655 3231 Feretrarii

346 3249 808 3325 Dunetmemis,
855 3255 1036 3311 extra
1056 3246 1369 3329 firetrum
1410 3249 1613 3310 sancti
1658 3247 1975 3310 Cnaehberti
2014 3255 2407 3316 conservatis.

437 3423 786 3489 Brachium
819 3425 1022 3488 sancti
1055 3422 1370 3488 Gereonis
1402 3422 1702 3487 martiris.
1798 3423 1963 3488 Item
1996 3424 2153 3490 dens
2176 3425 2375 3492 sancti
2406 3427 2647 3493 Aidani

352 3510 883 3576 Lindissarnensis
907 3509 1214 3595 episcopi.
1292 3511 1401 3575 De
1426 3509 1809 3576 vestimento
1828 3512 2029 3576 sancti
2052 3512 2328 3578 Thomae
2352 3515 2645 3595 martiris,

347 3612 415 3662 et
460 3597 544 3662 de
601 3598 802 3662 lorica
851 3613 918 3663 et
962 3598 1046 3662 de
1092 3595 1304 3661 cilicio
1361 3596 1675 3682 ejusdem.
1783 3599 1895 3664 De
1950 3599 2165 3686 lapide
2212 3623 2407 3688 super
2453 3625 2646 3690 quern

345 3698 534 3749 natus
567 3700 666 3749 est
713 3685 1022 3751 Christus.
1120 3683 1285 3747 Item
1305 3683 1617 3768 junctura
1658 3684 1843 3766 digiti
1876 3687 2079 3751 sancti
2114 3687 2465 3767 Wolstani,
2498 3713 2647 3756 curn

345 3773 654 3858 porcione
686 3774 894 3836 carnis
925 3771 1236 3858 ejusdem.
1333 3771 1515 3835 Dens
1545 3787 1781 3835 sanctae
1816 3771 2077 3838 Ceciliae
2107 3775 2389 3858 virginis.
2468 3777 2649 3841 Reli·-

347 3859 518 3958 quiae
553 3873 917 3923 sanctorum
959 3857 1238 3936 Nazarii,
1278 3855 1579 3934 NaboriS,
1620 3858 1957 3942 Gorgonii,
1991 3874 2057 3924 et
2088 3858 2453 3939 Maximini,
2482 3885 2651 3926 mar-

347 3961 559 4010 tirum.
652 3947 820 4010 Item
853 3945 934 4009 de
969 3945 1164 4010 lorica
1207 3944 1410 4008 sancti
1462 3943 1751 4021 Godrici,
1786 3958 1854 4008 et
1883 3945 1967 4009 de
2018 3967 2158 4009 osse
2210 3946 2413 4011 sancti
2464 3949 2650 4015 Pauli

345 4047 412 4096 et
462 4031 820 4097 Eustochii.
910 4033 1074 4096 Item
1121 4031 1410 4117 reliquioe
1455 4029 1657 4095 sancti
1708 4030 1983 4094 Thomae
2028 4032 2323 4110 martiris,
2378 4033 2503 4100 hoc
2548 4053 2651 4102 est

346 4119 432 4182 de
455 4121 727 4198 cuculla,
761 4119 1054 4196 stamina,
1081 4117 1308 4194 cilicin,
1343 4116 1620 4204 pellicia,
1651 4129 1719 4181 et
1750 4140 1965 4202 panno
1992 4118 2301 4203 ejusdem,
2335 4125 2644 4211 sanguine

345 4205 641 4274 intincto,
739 4207 1012 4291 insuper
1042 4207 1124 4270 de
1157 4205 1373 4268 frocco
1417 4204 1745 4290 cujusdam
1779 4205 2093 4282 monachi,
2134 4207 2446 4290 sangnine
2482 4211 2652 4296 ejus-

346 4291 494 4355 dem
523 4291 813 4358 intinct0.
907 4294 1072 4357 Item
1107 4293 1268 4356 dens
1329 4291 1525 4356 sancti
1562 4290 1870 4376 Stephani
1904 4291 2433 4374 prothomartiris,
2468 4313 2533 4362 et
2562 4299 2647 4364 de

346 4379 614 4442 brachio
643 4380 948 4464 ejusdem.
1051 4379 1211 4444 Item
1244 4377 1402 4442 dens
1450 4376 1655 4444 sancti
1686 4376 1918 4462 Egidii,
1981 4392 2047 4442 et
2106 4379 2191 4444 de
2253 4382 2648 4450 vestimentis

347 4465 658 4553 ejusdem.
749 4467 858 4534 De
919 4466 1166 4533 ossibus
1211 4467 1415 4534 sancti
1473 4463 1759 4532 Andreae
1820 4465 2115 4551 apostoli.
2208 4467 2389 4534 Dens
2442 4471 2648 4538 sancti
