3000 5117
852 447 1276 509 APPEme.
1316 456 1498 509 Anu.
1544 451 1928 511 mctxxtv.
2433 434 2500 513 lv

204 609 279 685 de
303 608 680 704 Tynemuth
710 631 778 685 et
808 617 1207 703 pertinentiis
1238 619 1397 704 ejuS,
1422 620 1612 707 'cujus
1636 620 1818 685 nobis
1841 632 1910 686 et
1933 622 2283 685 venerabili
2309 622 2492 687 fratri

204 721 405 771 nostro
440 706 735 773 Roberto
770 704 1193 773 Eboracensis
1222 706 1510 773 ecclesiae
1542 708 1835 786 Decano,
1866 708 1949 773 de
1979 708 2285 774 mandato
2316 732 2490 775 sum—

200 795 276 857 mi
326 794 667 861 Pontificis
696 792 1059 861 Alexandri
1089 793 1291 872 tercii,
1324 794 1609 879 cognitio
1640 795 1762 859 fuit
1793 808 1858 859 et
1886 796 2132 860 decisio
2162 796 2482 885 delegata,

200 881 303 945 sub
348 882 469 947 hac
508 882 741 960 forma,
774 896 867 959 ut,
898 881 950 945 si
982 896 1112 947 tres
1144 880 1449 946 interesse
1481 905 1614 947 non
1645 903 1995 966 possemusg
2029 884 2162 947 duo
2194 897 2486 949 nostrum

199 968 255 1030 in
297 968 521 1035 eadem
574 992 771 1035 causa
818 969 1267 1055 procederent,
1314 968 1438 1033 hoc
1482 982 1706 1033 tenore
1736 980 1804 1034 et
1834 970 2062 1035 ordine
2093 971 2484 1057 conquievit.

200 1054 497 1121 Videlicet
542 1058 723 1143 quod
767 1070 897 1123 tam
945 1054 1325 1121 venerabilis
1372 1068 1560 1141 pater
1603 1068 1823 1121 noster
1856 1056 2082 1145 Hugo,
2121 1056 2247 1122 Dei
2275 1060 2485 1145 gratia

202 1139 634 1209 Dunelmensis
678 1141 1040 1229 episcopus,
1096 1164 1287 1230 quam
1330 1141 1732 1228 supradictus
1785 1143 1971 1208 Prior
2000 1159 2065 1208 et
2099 1158 2272 1209 totus
2306 1146 2482 1211 Con-

199 1243 399 1293 ventus
446 1232 745 1315 ejusdem
795 1229 1100 1308 ecclesiae‚
1146 1228 1244 1295 liti
1278 1230 1668 1329 praescriptae
1699 1241 1764 1295 et
1797 1230 2158 1317 repiticioni
2188 1231 2476 1297 ecclesioe

198 1315 270 1379 de
317 1317 693 1404 'l'ynemuth
739 1328 805 1383 et
848 1318 930 1382 ad
962 1340 1105 1383 eam
1138 1316 1607 1401 pertinencium
1644 1317 1710 1381 in
1741 1332 2120 1403 perpetuum
2152 1318 2480 1383 renuntia·

198 1415 348 1479 runt,
393 1418 461 1467 et
506 1402 713 1489 ipsam
760 1404 1089 1470 ecclesiam
1122 1426 1269 1469 cum
1300 1403 1604 1469 universis
1635 1405 2037 1492 pertinentiis
2069 1406 2196 1469 suis
2227 1428 2479 1470 monas-

199 1489 341 1554 terio
370 1492 593 1557 Sancti
630 1492 867 1560 Albani
889 1491 1137 1577 scriptis
1164 1490 1297 1555 suis
1328 1490 1667 1557 autenticis
1697 1494 2172 1557 confirmarunt.
2253 1494 2476 1558 Abbas

200 1598 337 1641 vero
382 1592 449 1643 et
496 1578 738 1644 fratres
794 1578 1017 1645 Sancti
1062 1578 1320 1657 Albani,
1356 1601 1474 1665 pro
1505 1581 1884 1665 bono-pacis
1916 1592 1982 1645 et
2011 1578 2476 1666 praenominata

196 1666 687 1744 renunciacione,
740 1679 1187 1733 concesserunt
1231 1665 1524 1731 ecclesiae
1570 1666 1998 1731 Dunelmensi
2029 1664 2362 1732 ecclesiam
2389 1668 2473 1732 de

205 1750 459 1830 Biwella,
493 1752 682 1818 salvo
699 1754 849 1839 jure
884 1751 1237 1821 salamonis
1268 1754 1626 1839 presbiteri,
1659 1755 1874 1841 quoad
1898 1754 2151 1832 vixerit,
2180 1770 2245 1819 et
2269 1756 2478 1820 eccle·

198 1836 333 1902 siam
378 1840 459 1905 de
516 1838 1061 1924 Eduluingeham,
1109 1841 1288 1905 salvo
1332 1854 1704 1906 tenemento
1739 1842 1908 1906 Adae
1938 1842 2022 1929 de
2059 1840 2372 1920 Dumbar,
2407 1856 2474 1906 et

200 1941 323 2009 post
364 1950 509 1991 eum
558 1922 853 2013 Englerii
896 1928 1133 2003 clerici,
1170 1930 1317 2013 jure
1348 1942 1670 2013 perpetuo
1703 1926 2133 2015 possidendas,
2229 1928 2475 1993 Instru-

197 2027 389 2079 menta
428 2028 654 2081 autem
699 2016 927 2103 quibus
975 2014 1425 2080 Dunelmensis
1456 2014 1724 2080 ecclesia
1753 2018 1850 2079 uti
1925 2028 2137 2081 oterat
2166 2016 2474 2081 adversus

199 2103 629 2166 monasterium
665 2104 887 2169 Sancti
918 2101 1175 2181 Albani,
1208 2102 1291 2167 ad
1322 2100 1736 2188 repetendam
1769 2125 1881 2168 ecc
1907 2104 2100 2168 esiam
2133 2103 2216 2169 de
2251 2104 2476 2189 Tyne-

198 2186 377 2267 muth‚
438 2190 632 2254 Prior
687 2190 1138 2255 Dunelmensis
1185 2190 1249 2253 in
1294 2210 1517 2253 manus
1561 2204 1808 2254 nostras
1837 2190 2202 2278 resignavit,
2236 2206 2475 2276 praeter

200 2298 263 2337 ea
288 2274 343 2337 in
372 2270 605 2364 quibus
634 2276 903 2343 ecclesia
930 2278 1011 2341 de
1044 2276 1423 2365 Tynemuth
1452 2300 1602 2341 cum
1632 2274 1768 2341 aliis
1799 2278 2298 2363 possessionibus
2334 2278 2476 2343 Du-

198 2362 475 2427 nelmensi
534 2364 749 2429 fuerat
814 2364 1103 2429 ecclesiae
1163 2364 1564 2443 confirmata,
1637 2370 1784 2451 quae'
1843 2364 2104 2453 quidem
2164 2365 2471 2431 adversus

199 2450 663 2515 transactionem
716 2451 901 2516 istam
952 2451 1146 2516 nichil
1190 2450 1436 2515 roboris
1480 2464 1596 2515 aut
1639 2451 1902 2516 virtutis·
1932 2452 2288 2517 habebunt.
2383 2452 2472 2517 Et

200 2537 462 2601 monachi
513 2538 739 2604 Sancti
774 2538 1009 2605 Albani
1042 2560 1221 2603 versa
1252 2538 1390 2603 vice
1420 2541 1840 2617 munimenta,
1874 2560 2019 2625 quae
2049 2562 2242 2625 super
2270 2540 2474 2604 eccle-

201 2621 287 2685 siis
314 2622 389 2689 de
421 2625 652 2691 Biwell
682 2638 747 2691 et
777 2624 859 2689 de
895 2624 1411 2715 Eduluingeham
1452 2624 1799 2706 habebant,
1835 2626 2042 2691 Priori
2072 2642 2139 2692 et
2169 2627 2471 2691 fratribus

210 2708 725 2777 Dunelmensibus
755 2712 1200 2791 reddiderunt,
1252 2713 1544 2799 exceptis
1576 2713 1678 2779 his
1722 2714 1954 2801 quibus
1998 2712 2285 2779 ecclesiae
2317 2716 2470 2799 ipsae

204 2801 564 2864 monasterio
618 2801 837 2866 Sancti
891 2800 1128 2865 Albani
1180 2819 1325 2864 cum
1382 2798 1519 2863 aliis
1571 2815 1721 2865 sunt
1769 2801 2267 2889 possessionibus
2320 2825 2473 2866 con-

204 2884 504 2951 firmata*
608 2887 798 2965 Quae,
852 2886 1093 2974 utique,
1142 2898 1452 2975 quantum
1499 2886 1585 2951 ad
1625 2888 1962 2953 articulum
1993 2888 2189 2966 illum,
2222 2888 2471 2975 juribus

262 3064 286 3089 ³
319 3057 425 3111 The
446 3060 715 3129 following
734 3062 780 3112 is
801 3077 901 3113 one
927 3060 988 3113 of
1016 3061 1109 3113 the
1142 3062 1466 3114 Documenta
1486 3064 1646 3131 given
1670 3077 1741 3128 up
1762 3062 1836 3127 by
1861 3060 1953 3113 the
1981 3060 2169 3115 Monks
2191 3061 2255 3115 cf
2280 3063 2354 3115 St.
2385 3062 2474 3115 Al·

210 3125 310 3176 hms
328 3142 391 3177 on
413 3128 515 3179 this
534 3132 765 3181 occasion
780 3146 867 3179 2-

353 3261 753 3309 convnnclo
802 3262 1015 3307 INTER
1064 3261 1483 3308 GAUFRIDUM
1532 3262 1861 3307 ABBATEM
1907 3262 2149 3307 SANCTI
2183 3262 2300 3307 Ab·

353 3348 515 3392 mnu
557 3350 645 3393 BT
678 3350 1189 3396 cosrA'rmcluM
1220 3352 1369 3395 slvn
1406 3351 1798 3395 WALDRVUM
1831 3352 1920 3395 DE
1955 3352 2178 3395 313ch
2213 3352 2298 3395 ΕΤ

354 3434 799 3485 BGLINGHAM.
1096 3436 1103 3444 “

936 3558 1051 3623 [Ex
1075 3557 1201 3627 orig.
1225 3562 1273 3608 2.
1298 3562 1347 3609 2.
1374 3555 1522 3625 Spec-
1547 3559 1612 3609 A.
1639 3559 1710 3625 1.]

266 3666 377 3721 Haec
395 3683 475 3723 est
495 3676 775 3727 conventio
794 3676 939 3727 inter
962 3675 1281 3728 Gaufridum
1320 3678 1584 3728 Abbatem
1609 3677 1782 3728 Sancti
1805 3676 1993 3729 Albani
2028 3682 2084 3728 et
2108 3674 2472 3745 Gospatrtcum

210 3730 348 3787 filium
364 3738 604 3793 Consulis
618 3742 928 3810 θαῦμα-ἰαὶ,
946 3746 1084 3811 quod
1106 3747 1216 3811 lpse
1233 3746 1424 3803 Abbas,
1442 3760 1653 3796 assensu
1676 3752 1732 3795 et
1755 3744 2029 3796 voluntate
2052 3747 2214 3796 totius
2230 3747 2476 3811 Capituli,

211 3809 422 3858 concessit
452 3810 621 3861 eidem
656 3812 959 3877 Gospntrico
983 3818 1039 3863 et
1060 3810 1171 3863 filio
1192 3828 1287 3863 suo
1315 3810 1465 3872 Adae,
1488 3813 1578 3879 qui
1601 3814 1750 3878 prius
1769 3820 1979 3863 vocatus
1999 3818 2081 3863 est
2103 3812 2346 3868 W'aldiess
2371 3822 2478 3864 ter·

212 3881 296 3919 nm
318 3874 485 3927 Archil
511 3878 704 3935 Metel.
728 3879 926 3931 scilicet
952 3880 1239 3939 Beuuiche‚
1262 3894 1381 3929 cum
1406 3882 1646 3931 omnibus
1679 3882 1832 3930 terris
1853 3879 1918 3929 ad
1941 3895 2054 3930 eam
2078 3880 2478 3945 pertinentibus,

178 3980 189 3994 .
214 3942 259 3985 et
276 3942 448 3992 terram
470 3942 537 3995 de
559 3944 961 4015 Egulingeham,
984 3964 1139 4013 quam
1164 3946 1389 3998 Winuoc
1413 3956 1632 3999 venator
1666 3947 1810 3997 dedit
1833 3947 2020 3997 Sancto
2047 3945 2246 3995 Albano
2269 3946 2478 3995 Sancto-

216 4017 295 4069 que
314 4007 539 4063 Osuinuo
557 4014 613 4063 in
647 4012 949 4066 feodofirma
973 4014 1193 4067 theinesl
1327 4015 1381 4065 in
1406 4032 1520 4067 saca
1543 4021 1598 4066 et
1631 4016 1686 4065 in
1711 4029 1825 4064 soca
1847 4020 1897 4063 et
1926 4010 2002 4063 tol
2024 4018 2080 4062 et
2102 4018 2209 4061 tem
2234 4019 2290 4062 et
2313 4012 2479 4062 infun·

214 4071 419 4135 geltheof
445 4078 497 4129 in
532 4094 745 4133 nemore
777 4088 833 4133 et
866 4085 922 4133 in
956 4082 1111 4148 plano
1143 4089 1198 4133 et
1252 4098 1287 4132 n
1322 4098 1457 4149 aqua
1478 4084 1612 4133 sicut
1642 4082 1816 4131 Abban
1841 4078 2132 4130 Gauii-idus
2154 4094 2266 4129 eam
2293 4078 2480 4129 melius

217 4146 337 4191 tenet
370 4158 400 4192 ι
441 4147 598 4214 Rege.
682 4149 891 4201 Reddet
928 4164 1055 4200 vero
1092 4149 1199 4215 ipse
1222 4151 1564 4216 Gospatricus
1604 4164 1694 4214 pro
1729 4146 1921 4197 eisdem
1957 4146 2109 4196 terris
2133 4147 2392 4198 monachis
2415 4146 2480 4197 de

218 4204 495 4263 'rinemutha
520 4231 615 4281 per
649 4217 727 4267 sin
803 4216 879 4267 los
894 4232 1054 4267 annos
1074 4234 1145 4283 nu
1173 4218 1345 4277 libras,
1365 4218 1429 4268 ad
1450 4214 1872 4269 Purificncionem
1889 4221 2082 4264 sanctae
2107 4214 2296 4265 Mariae
2319 4214 2480 4281 quad-

219 4274 387 4339 Rgintt
405 4280 588 4333 solidos
608 4289 665 4333 et
702 4300 733 4333 a
803 4283 997 4335 festum
1022 4286 1198 4335 Sancti
1220 4284 1501 4337 Cuthberti
1526 4280 1863 4349 qnadraginta
1885 4280 2023 4345 quod
2059 4289 2139 4331 est
2161 4283 2216 4332 in
2243 4282 2482 4348 Septem-

221 4336 297 4395 bri.
314 4343 369 4392 ad
392 4344 757 4401 Tinemutham
777 4357 1061 4417 utrumque
1080 4354 1190 4418 ipse
1211 4350 1485 4403 allaturus.
1521 4350 1731 4401 Reddet
1753 4350 1912 4398 etiam
1930 4348 2266 4415 Gospatxicus
2289 4352 2483 4401 Abbati

224 4402 440 4461 Gaufrido
472 4417 647 4469 Sancti
680 4418 873 4469 Albani
902 4426 999 4471 aut.
1020 4421 1209 4470 nuncio
1233 4419 1351 4485 ejus
1371 4420 1636 4470 nominato
1659 4416 1849 4483 viginti
1875 4413 2077 4477 solidos,
2098 4424 2193 4468 aut
2215 4419 2259 4467 si
2281 4418 2483 4467 nummi

225 4469 469 4535 defecerint
498 4485 569 4552 vij
593 4484 753 4559 boyes
790 4486 933 4551 [ἰια],
979 4502 1409 4554 unumquemque
1432 4484 1696 4542 valentem
1722 4482 1774 4551 vj
1804 4481 2004 4543 solidos,
2025 4493 2080 4537 et
2103 4484 2198 4537 hoc
2220 4485 2273 4533 in
2297 4484 2485 4536 volun·
