3000 5117
351 588 366 594 ‚
408 492 781 574 ccclxxxii·
900 512 1108 570 urs-r.
1145 504 1508 567 nussum.
1548 504 2015 564 semeronss
2053 500 2277 559 mss.

407 684 510 748 vel
553 704 780 749 eorum
809 676 1263 757 conscienciae,
1309 676 1377 742 in
1423 670 1546 739 illis
1593 696 1706 741 seu
1754 691 1977 740 eorum
2022 668 2238 756 aliquo
2266 654 2615 751 culpabiles
2646 668 2719 725 et

489 782 790 859 gravatos
817 781 934 836 ant
961 788 1109 833 reos
1137 788 1273 831 esse
1301 762 1745 849 cognoverint,
1786 761 1874 826 de
1902 757 2195 844 dampnis
2218 769 2284 820 et
2312 752 2561 839 injuriis
2590 749 2720 815 eis-

457 880 562 923 em
604 854 912 942 religiosis
953 856 1020 919 in
1051 853 1181 920 suis
1209 848 1517 929 ecelesiis,
1548 848 1872 927 domibus,-
1910 842 2209 933 grangiis,
2235 840 2443 918 terris,
2486 837 2723 925 pratis,

409 946 681 1031 paseuis,
724 942 915 1022 silvis,
959 938 1356 1018 nemoribus,
1416 954 1487 1003 et
1550 936 1691 1005 aliis
1755 936 1885 1001 suis
1950 928 2452 1021 possessionibus
2500 924 2715 1005 illatis,

413 1032 630 1099 debite
658 1044 728 1097 et
763 1028 1162 1115 integraliter
1189 1024 1609 1105 satisfaciant,
1635 1038 1707 1090 ut
1731 1035 2067 1098 tenentum
2111 1030 2181 1085 et
2210 1019 2298 1084 ab
2322 1015 2571 1081 eisdem
2602 1016 2723 1080 ab·—

412 1118 754 1187 solucionis
783 1117 1168 1183 beneficium
1217 1116 1574 1201 optineant,
1622 1132 1728 1192 ne,-
1758 1110 1936 1199 quod
1966 1108 2156 1185 absit,
2199 1106 2265 1170 in
2292 1100 2403 1169 die
2441 1102 2727 1169 districti·

405 1206 636 1295 judicii
679 1220 925 1273 eternae
965 1200 1444 1288 dampnacionis
1558 1198 1826 1265 ticulum
1859 1198 2203 1263 incurrant.
2328 1190 2505 1255 Data
2526 1206 2725 1256 sexto·

415 1294 524 1363 die
565 1294 796 1361 niensis
821 1289 1224 1371 Decembris,
1271 1310 1444 1357 anno
1473 1224 1747 1356 §omini
1772 1285 2280 1363 millesimofetc„
2314 1282 2727 1344 Lxxxxm‘n

597 1734 866 1785 CCXCVI-
911 1734 1165 1784 1:1⁰1*ssssAE
1213 1728 1768 1780 tus‘rnmssmwrls
1835 1728 2178 1776 CONCESSK
2260 1724 2547 1775 nouum

755 1824 1069 1873 GEORGIO
1100 1822 1408 1869 STANLEY
1439 1820 1717 1868 nomme
1750 1819 1841 1864 DE
1876 1820 1961 1864 LE
1992 1816 2383 1863 STRAYNGE.

1199 1965 1358 2037 [neg.
1383 1964 1490 2019 ιν.
1529 1965 1683 2018 rm.
1712 1961 1809 2019 fot.
1840 1965 1957 2034 ss}

510 2109 864 2198 Magnifico
892 2130 968 2175 ac
991 2104 1372 2209 proepotenti
1389 2104 1655 2171 domino
1684 2103 1976 2194 Georgio
1992 2105 2255 2171 domino
2272 2106 2356 2173 de
2376 2108 2733 2210 Straynge,

422 2200 691 2265 domino
734 2220 852 2262 suo
895 2195 1366 2283 specialissimo,
1397 2214 1472 2259 ac
1518 2193 2085 2261 honorabilissimae
2116 2194 2395 2259 dominae
2437 2197 2730 2263 dominoe

429 2290 675 2375 [blank]
715 2283 996 2351 consorti
1025 2306 1180 2361 suae,
1214 2280 1406 2348 vestri
1437 2280 1825 2433 pet-humiles
1872 2295 1941 2348 et
1991 2281 2213 2348 devoti
2248 2282 2535 2349 Thomas
2578 2306 2733 2369 per-

423 2374 726 2441 missione
795 2370 1016 2439 divinn
1082 2368 1268 2437 Prior
1329 2391 1440 2435 ecc
1465 2367 1621 2434 esiae
1693 2368 2073 2437 cathedralis
2135 2370 2610 2450 Dunelmensis,
2658 2383 2735 2437 et

423 2462 715 2549 ejusdem
745 2460 872 2527 loci
903 2457 1297 2546 Capitulum,
1341 2454 1743 2523 omnimodas
1790 2457 2209 2536 reverencias,
2262 2457 2445 2524 vobis
2476 2473 2544 2527 et
2590 2480 2737 2525 ves·-

426 2566 596 2617 trum
626 2548 885 2637 utrique
913 2546 983 2613 in
1011 2568 1133 2613 suo
1161 2544 1367 2632 gradu
1396 2543 1673 2624 debitas,
1698 2568 1845 2611 cum
1865 2547 2137 2613 honore.
2185 2546 2429 2613 Mentis
2450 2547 2735 2613 devocio

421 2653 492 2705 et
517 2636 782 2704 sincerae
825 2634 1157 2721 integritus
1186 2631 1575 2711 afleoeionk,
1617 2655 1777 2720 quas
1802 2658 1961 2723 erga
1987 2633 2513 2720 gloriosissimum
2544 2658 2739 2701 sanc·-

430 2739 567 2793 tum
601 2725 1053 2801 cuthbertum,
1100 2736 1444 2808 patronum
1488 2734 1805 2804 nostrum,
1852 2747 2120 2812 nosque,
2150 2738 2221 2793 et
2270 2723 2739 2790 monasterium

429 2826 720 2879 nostrum
785 2811 1250 2890 Dunelmense,
1323 2832 1404 2875 ac
1479 2806 1729 2873 Cellam
1816 2826 2099 2879 nostram
2172 2812 2257 2879 de
2326 2811 2609 2877 Lethom
2669 2811 2743 2876 in

435 2899 984 2977 Amounderness,
1045 2898 1354 2963 hactenus
1407 2894 1739 2977 habuistis,
1802 2914 1871 2967 et
1939 2898 2191 2965 habetis
2260 2901 2327 2964 in
2404 2901 2741 2986 praesenti,

428 2988 618 3055 sicuti
660 3006 749 3053 ex
775 2986 958 3053 factis
987 2986 1210 3051 vestris
1241 2984 1505 3051 notoriis
1546 2983 1887 3054 didicimus
1916 3001 1985 3055 et
2010 2988 2095 3054 ab
2114 3000 2391 3075 experto
2418 2989 2741 3067 novimus,

430 3077 678 3143 animos
708 3088 962 3141 nostros
991 3073 1259 3140 incitant
1289 3087 1359 3139 et
1387 3070 1622 3137 merito
1651 3074 1988 3155 inducunt,
2026 3088 2102 3141 ut
2130 3074 2333 3153 vobis,
2362 3088 2432 3141 et
2455 3088 2747 3139 vestrum

430 3164 709 3251 utrique,
745 3162 942 3249 juxta
968 3174 1196 3229 vestrae
1225 3159 1597 3225 devocionis
1640 3160 1941 3243 officium,
1986 3162 2398 3251 gratitudinis
2430 3162 2744 3227 vicissitu-

435 3251 652 3318 dinem
699 3247 1060 3337 specialiter
1129 3248 1581 3334 rependamus.
1690 3248 1887 3316 Unde
1944 3265 2183 3317 vestras
2240 3249 2613 3336 magnificas
2670 3268 2749 3315 et

431 3338 840 3405 honorabiles
869 3357 1173 3423 personas
1217 3340 1282 3399 in
1343 3335 1735 3402 confratrem
1792 3350 1863 3404 et
1916 3358 2327 3405 consororem
2378 3337 2749 3424 spirituales

437 3425 722 3513 Capituli
753 3423 951 3489 nostri
981 3421 1462 3501 Dunelmeusis,
1512 3444 1659 3488 cum
1686 3447 1769 3491 ea
1792 3448 1923 3512 qua
1950 3424 2165 3491 decuit
2206 3427 2593 3504 reverencia,
2624 3425 2751 3491 ad-

435 3512 746 3579 mittimus
791 3532 906 3597 per
933 3522 1306 3611 praesentes,
1340 3524 1408 3577 et
1435 3512 1841 3598 quantumin
1870 3512 2055 3577 nobis
2106 3529 2227 3593 est,
2280 3528 2351 3579 et
2410 3512 2749 3579 Altissimo

432 3598 773 3698 placuerit,
801 3619 1086 3663 omnium
1117 3595 1466 3677 missarum,
1501 3598 1561 3661 vi
1612 3599 1883 3679 iliarum,
1906 3600 2321 3688 jejuniorum,
2352 3601 2745 3681 orationum,

435 3688 997 3776 praedicacionuin‚
1061 3684 1418 3749 divinorum
1479 3709 1522 3751 o
1593 3688 1859 3766 ciorum,
1908 3702 2403 3777 ceterorumque
2472 3710 2753 3773 operum

436 3774 694 3866 pietatis
725 3788 794 3839 et
820 3772 1272 3860 suffragiorum
1301 3794 1877 3863 quorumcumque,
1957 3798 2057 3841 uae
2104 3800 2222 3863 per
2248 3799 2367 3843 nos
2396 3790 2465 3843 et
2492 3798 2752 3842 succes-

439 3887 620 3931 sores
646 3875 917 3940 nostrOS,
951 3874 1078 3926 tam
1110 3858 1176 3924 in
1217 3862 1610 3925 monasterio
1665 3876 1889 3929 nostro
2056 3864 2387 3945 nelmensi,
2434 3884 2627 3951 quam
2678 3860 2753 3927 in

447 3952 650 4022 Cellis
677 3952 761 4017 ab
791 3948 1034 4048 eadem
1045 3946 1556 4051 dependentibus
1596 3949 2127 4039 quibuscumque,
2148 3954 2313 4018 fiunt
2342 3967 2411 4017 et
2439 3954 2600 4017 fient
2626 3949 2757 4015 im-

440 4053 850 4129 perpetuum,
870 4050 1456 4123 participaciouem,
1467 4036 1648 4102 vobis
1676 4040 2070 4125 conjunctim
2094 4054 2160 4105 et
2186 4053 2463 4107 vestrum
2488 4037 2754 4127 utrique

445 4150 564 4215 per
591 4150 660 4192 se
687 4125 940 4192 divisim
969 4124 1376 4189 concedimus
1405 4125 1771 4211 specialem.
1866 4128 2163 4217 Cumque
2192 4129 2277 4194 ab
2304 4128 2428 4195 hac
2458 4127 2599 4191 luce
2630 4149 2757 4212 per

445 4229 722 4282 mortem
752 4214 935 4278 Deus
968 4234 1080 4277 vos
1109 4225 1222 4277 aut
1247 4214 1437 4279 vestri
1463 4210 1737 4279 alterum
1752 4218 2138 4295 evocaverit,
2160 4229 2228 4282 et
2255 4216 2381 4281 hoc
2402 4212 2587 4281 nobis
2610 4236 2761 4279 cer-

445 4300 871 4369 titudinaliter
931 4300 1292 4365 intimatum
1353 4299 1567 4378 fuerit,
1620 4324 1741 4388 pro
1785 4304 1971 4369 vobis
2016 4318 2088 4370 et
2138 4316 2423 4370 vestrum
2474 4317 2759 4389 utroque

448 4389 634 4455 simul
665 4403 779 4453 aut
830 4386 1180 4452 successive
1222 4387 1680 4455 decedentibus
1712 4390 1814 4455 vel
1844 4392 2223 4471 decedente,
2254 4391 2419 4457 sicut
2462 4413 2583 4477 pro
2614 4390 2760 4457 aliis

452 4475 871 4543 confratribus
891 4488 958 4541 et
981 4476 1426 4543 consororibus
1447 4478 1682 4544 nostris
1700 4476 2132 4567 spiritualibus
2152 4483 2234 4549 de
2254 4479 2469 4549 medio
2486 4478 2759 4549 sublatis
