3000 5117
532 437 730 511 cxciv
999 457 1203 509 Μετ’.
1245 458 1607 509 DUNELM.
1649 459 2111 511 scmr‘ronns
2148 461 2360 511 Tuus.

719 926 1000 976 chvm.
1107 924 1502 973 Manum-um
1604 923 1975 973 cusromm
2070 924 2661 1003 seinis-unimus

717 1014 1210 1059 nunnnmnssrs
1289 1014 1619 1065 unimus
1692 1016 1862 1060 suns
1922 1016 2235 1060 mesum
2299 1017 2664 1062 uiuorum

721 1101 1126 1145 cusnmuo
1187 1100 1559 1146 muocnns
1618 1100 1923 1145 essa-nus
1970 1102 2059 1145 An
2092 1102 2667 1146 nnuuucuunuu

723 1188 956 1231 omnus
1003 1188 1426 1232 sonrxsnoos
1459 1188 1546 1230 m·
1576 1188 1987 1232 mansurus
2035 1189 2283 1233 cAusAs
2314 1189 2669 1234 snm-rus-

720 1274 843 1319 ηε
874 1274 962 1319 An
996 1274 1240 1319 sonum
1273 1273 1631 1319 secunus
1666 1274 2334 1334 nxcoumumcxros,
2366 1254 2497 1321 &cz

985 1414 1162 1480 tem.
1186 1412 1300 1466 111.
1327 1412 1418 1465 fol.
1445 1416 1546 1465 ιω
1564 1419 1635 1466 et.
1658 1414 1804 1481 Orig.
1834 1416 1880 1465 ι,
1905 1415 1991 1465 12.
2010 1413 2206 1466 Pontii:
2228 1414 2299 1467 G.
2330 1412 2407 1476 ι.]Δ

629 1506 962 1571 Robertus
1013 1507 1095 1571 de
1160 1504 1224 1569 R
1309 1527 1399 1571 on
1461 1528 1661 1573 sacrae
1718 1505 1977 1571 Theolo
2025 1504 2105 1569 ’ω
2156 1504 2497 1591 professor,
2548 1507 2817 1592 supprior

542 1593 827 1657 ecclesioe
882 1592 1211 1657 Cathedra
1235 1592 1286 1656 is
1333 1592 1817 1669 DunelmensiS‚
1851 1614 1929 1657 ac
2015 1592 2297 1656 ohannes
2342 1592 2597 1658 Barton
2639 1614 2821 1657 came·

541 1680 765 1756 rarius,
829 1679 1000 1744 Sede
1054 1677 1417 1763 Episcopali
1469 1678 1902 1743 Dunelmensi
1955 1694 2245 1756 vacante,
2298 1679 2605 1745 custodes
2640 1692 2705 1744 et
2728 1678 2823 1743 ad-

541 1762 1006 1829 ministratores
1028 1764 1096 1828 in
1125 1763 1577 1849 spiritualibm,
1602 1764 1871 1829 domino
1892 1764 2170 1829 Thomae
2192 1764 2529 1849 capellano
2554 1765 2824 1830 ecelesioe

543 1851 902 1935 collegiatae
935 1851 1202 1916 Cestriae
1252 1852 1321 1915 in
1377 1852 1612 1930 Strata,
1655 1854 1874 1936 ejusve
1917 1852 2131 1915 locum
2162 1850 2413 1917 tenenti
2442 1852 2829 1939 cuicumque,

542 1937 814 2003 salutem
867 1938 934 2001 in
981 1951 1242 2002 auctore
1296 1938 1541 2005 salutis.
1640 1940 1805 2003 Cum
1840 1960 1989 2002 usus
2034 1949 2100 2002 et
2130 1937 2507 2002 exercitium
2542 1938 2829 2023 sortilegii

547 2040 619 2089 et
677 2028 827 2089 artis
875 2024 1141 2107 msgicae
1193 2024 1277 2089 de
1315 2024 1465 2109 jure
1496 2024 1665 2089 civili
1695 2038 1762 2089 et
1812 2025 2124 2090 canonico
2170 2048 2249 2089 ac
2292 2024 2510 2088 divino
2545 2024 2833 2111 prohibiti

543 2110 668 2176 sint
699 2112 981 2187 omnino,
1008 2134 1324 2197 poenaque
1349 2112 1716 2196 hujusmodi
1740 2110 2231 2199 sortilegiorum,
2258 2125 2327 2175 et
2354 2112 2619 2176 illorum
2648 2112 2833 2176 eciam

543 2198 652 2284 qui
701 2198 784 2262 ad
845 2198 1208 2281 hujusmodi
1257 2198 1595 2286 sortilegos
1625 2210 1693 2262 et
1736 2220 1961 2282 magos
2002 2211 2335 2263 recurrunt
2381 2212 2451 2262 et
2480 2221 2601 2263 eos
2630 2200 2696 2262 in
2725 2198 2833 2263 hoc

509 2285 908 2362 consulunt,
943 2307 984 2348 a
1017 2285 1165 2369 jure
1218 2284 1388 2349 civili
1433 2298 1673 2349 statuta
1696 2308 1718 2361 ;Ι
1759 2285 1929 2349 inter
1972 2299 2237 2349 caeteras
2280 2306 2505 2369 poenas
2556 2286 2837 2349 ultimum

525 2371 750 2451 ‚ultore
779 2370 996 2453 gladio
1045 2371 1444 2455 supplicium,
1501 2383 1576 2434 ut
1627 2384 1760 2435 tam
1810 2384 2065 2436 utentes
2112 2394 2304 2458 quam
2352 2386 2757 2437 recurrentes
2781 2385 2839 2435 et

539 2457 940 2522 consulentes
1013 2456 1383 2541 hujusmodi
1430 2455 1667 2522 inimici
1718 2458 1983 2521 humani
2027 2457 2283 2542 generis
2334 2458 2463 2521 sint
2510 2458 2835 2535 credendi,

540 2543 1026 2630 efficiunturque
1073 2543 1362 2621 infames,
1414 2566 1734 2631 poenaque
1763 2544 1861 2629 de,
1888 2544 2041 2628 jure
2072 2544 2387 2610 canonico
2414 2558 2663 2628 praeter
2692 2566 2839 2609 non-

541 2630 755 2701 nullas„
776 2630 932 2693 alias
963 2651 1184 2712 poenas
1206 2629 1311 2693 hic
1335 2629 1699 2714 specialiter
1728 2652 1861 2695 non
1892 2652 2223 2715 expressas
2252 2631 2647 2715 imponatur,
2678 2631 2844 2718 quod

543 2716 594 2779 si
628 2715 1004 2800 hujusmodi·
1050 2730 1302 2781 utentes
1354 2718 1787 2794 consulente5‚
1820 2716 1953 2781 sive
1998 2728 2329 2781 currentes
2359 2716 2487 2781 sint
2518 2718 2739 2783 clerici
2768 2718 2843 2782 ab

539 2800 752 2865 officio
797 2815 862 2867 et
892 2802 1210 2867 beneficio
1241 2816 1388 2866 sunt
1417 2802 1730 2888 privandi.
1831 2803 1934 2867 Ita
1955 2803 2130 2890 quod
2158 2804 2293 2867 sive
2322 2804 2451 2868 sint
2480 2804 2849 2869 clericisive

537 2888 702 2965 laici,
763 2890 816 2951 si
876 2888 1115 2953 factum
1177 2910 1400 2954 eorum
1461 2890 1548 2953 sit
1604 2890 1983 2967 notorium,·
2014 2892 2167 2974 ipsis
2236 2889 2698 2977 denegandum
2756 2906 2849 2955 est

542 2974 902 3040 eucaristiae
953 2988 1441 3050 sacramentum,
1498 2989 1631 3040 tam
1675 2976 1912 3040 faciens
1965 2998 2159 3061 quam
2212 2976 2297 3041 ad
2340 2976 2465 3039 hoc
2508 2998 2852 3042 recurrens

540 3064 676 3126 sive
729 3062 1065 3127 consulens
1118 3062 1474 3126 efficiantur
1527 3061 1831 3137 infames;
1877 3062 2022 3127 laici
2074 3062 2275 3127 eciam
2324 3074 2457 3126 tam
2504 3063 2634 3128 viri
2664 3086 2851 3151 quam

539 3147 838 3214 mulieres
898 3146 1264 3232 hujusmodi
1319 3159 1571 3212 utentes
1623 3147 2031 3213 consulentes
2079 3162 2191 3215 aut
2222 3163 2633 3215 recurrentes
2663 3173 2708 3216 a
2734 3150 2857 3216 loci

545 3235 892 3300 Ordinario
931 3249 1198 3319 possunt
1241 3235 1559 3299 tonsurari
1587 3234 1653 3297 in
1684 3235 1898 3319 capite
1940 3234 2485 3322 quemadmodum
2528 3238 2744 3315 stulti,
2792 3248 2856 3301 et

537 3320 740 3385 eciam
771 3320 1108 3397 decalvari,
1141 3342 1495 3407 eorumque
1542 3320 1751 3406 capilli
1797 3333 1867 3385 et
1904 3336 2108 3385 vestes
2139 3334 2293 3386 ante
2320 3336 2388 3387 et
2416 3338 2601 3386 retro
2630 3322 2852 3392 incidi.

537 3406 831 3490 Insuper,
865 3406 948 3471 de
979 3408 1444 3471 consuetudine
1473 3407 1758 3491 generali
1784 3406 2078 3491 Anglicae
2110 3408 2423 3473 Ecclesiae
2454 3409 2856 3487 introducta,

491 3518 500 3525 ·
538 3514 760 3555 omnes
791 3492 1129 3575 sortilegos
1182 3507 1433 3559 utentes
1487 3506 1553 3557 et
1600 3516 1681 3557 ea
1730 3507 2117 3557 exercentes
2138 3516 2214 3558 ac
2243 3497 2339 3558 eis
2367 3495 2721 3561 credentes
2752 3518 2859 3560 ex-

537 3578 1114 3655 communicantur,
1179 3592 1244 3642 et
1295 3579 1829 3643 excommunicati
1888 3592 1988 3645 ter
2038 3592 2107 3644 et
2164 3580 2524 3644 solenniter
2580 3581 2863 3670 singulis

538 3663 718 3729 annis
748 3664 1158 3749 publicantur
1183 3688 1201 3741 3
1248 3668 1348 3730 Ac
1395 3667 1599 3731 eciam
1652 3667 2041 3752 quicumque
2087 3666 2337 3753 aliquos
2385 3667 2470 3731 ad
2495 3666 2727 3733 forum
2760 3692 2865 3733 ec-

537 3750 958 3816 clesiasticum
981 3764 1401 3830 recurrentes,
1429 3766 1543 3817 aut
1572 3773 1763 3837 agere
1794 3753 2101 3830 volentes,
2128 3774 2320 3838 super
2346 3752 2552 3817 causis
2582 3776 2750 3842 quae
2780 3756 2869 3821 ad

539 3838 710 3903 idem
740 3839 948 3903 forum
980 3838 1062 3903 de
1103 3838 1252 3923 jure
1299 3839 1402 3904 vel
1445 3838 1711 3925 antiqua
1752 3839 2217 3904 consuetudine
2261 3840 2583 3923 pertinere
2635 3842 2867 3906 dinos-

541 3938 794 4003 cuntur,
850 3926 936 3989 ad
979 3924 1435 4002 desistendum,
1485 3925 1590 3990 vel
1640 3924 1707 3988 in
1752 3924 1897 3989 foro
1940 3926 2206 3989 seculari
2247 3927 2331 3989 de
2424 3928 2869 3993 uaestionibus
2959 3946 2960 3951 ’

539 4012 864 4098 litigandis
895 4012 1100 4075 modis
1146 4012 1652 4111 quibuscumque
1700 4012 2115 4097 compellunt,
2170 4033 2397 4095 compe
2450 4012 2551 4075 ive
2606 4012 2864 4079 faciant
2959 4060 2960 4065 κ

539 4096 644 4161 vel
693 4097 1060 4182 procurant,
1109 4098 1348 4163 aliosve
1393 4096 1775 4183 impediunt,
1808 4109 1923 4163 aut
1973 4119 2091 4183 per
2130 4120 2199 4163 se
2240 4100 2581 4185 quominus
2632 4122 2870 4166 coram
2959 4154 2960 4157 η

527 4183 854 4268 judicibus
902 4183 1339 4249 ecclesiasticis
1391 4197 1588 4270 prout
1640 4183 1841 4248 libere
1878 4186 2204 4267 justiciam
2252 4185 2569 4269 optinere,
2618 4201 2747 4250 aut
2780 4188 2871 4251 ad
2959 4196 2960 4199 ’

537 4268 850 4353 praedicta
903 4269 1198 4335 facienda
1255 4269 1558 4334 dederint
1610 4270 1944 4334 consilium
2005 4270 2315 4335 auxilium
2390 4271 2497 4335 vel
2553 4270 2868 4338 favorem

535 4350 792 4438 maijoris
849 4356 1543 4421 excommunicacionis
1602 4356 1985 4421 sententiam
2060 4379 2101 4421 a
2145 4355 2643 4423 Constitucione
2710 4373 2869 4445 quae

537 4441 759 4529 incipit
813 4452 833 4489 ⁶
860 4442 1182 4519 Quoniam
1212 4442 1683 4541 intelleximus:
1728 4466 1766 4515 a
1799 4445 2005 4514 Sexto
2058 4444 2255 4513 latam
2310 4443 2654 4512 incurrunt
2716 4446 2871 4534 ipso
2959 4496 2960 4509 ,
