3000 5117
506 430 558 504 ii
970 447 1177 497 ms‘r.
1218 445 1578 497 DUNELM.
1620 444 2088 498 semeronss
2125 445 2342 499 Tuus.

507 623 785 701 putaret,
836 608 1078 675 domini
1126 607 1249 671 mei
1284 607 1483 693 Regis
1532 605 1900 687 Willielmi,
1933 622 2002 673 et
2031 609 2319 695 conjugis
2351 632 2484 673 suae
2515 606 2787 675 Matildis

516 700 809 785 Reginae,
865 711 932 762 et
989 696 1337 762 Lanfranci
1389 696 1867 761 Cantuariensis
1920 696 2425 784 Archiepiscopi,
2482 697 2787 764 consilium

510 789 735 876 petivi.
837 785 985 849 Rex
1029 782 1269 860 statim,
1306 795 1378 845 ut
1422 804 1506 847 ex
1552 782 1725 848 omni
1770 796 1950 868 parte
1985 798 2116 849 tam
2147 784 2320 849 utilis
2352 784 2591 849 consilii
2618 786 2792 849 robo-

510 887 762 939 raretur
792 894 1161 949 consensus,
1194 870 1277 934 ad
1316 868 1559 955 Papam
1598 869 2008 955 Gregorium,
2043 886 2173 935 tam
2207 872 2290 937 de
2320 870 2443 935 hiis
2473 894 2612 937 eum
2657 894 2794 936 con-

512 961 855 1039 sulturum,
903 982 1093 1047 quam
1145 959 1229 1022 de
1277 957 1439 1036 aliis,
1474 979 1621 1045 quae
1668 958 2104 1036 mandaverat,
2139 958 2258 1024 sibi
2313 960 2666 1023 locuturum
2705 980 2795 1022 me

515 1047 707 1115 misit.
803 1047 949 1125 Cui,
982 1046 1135 1111 dum
1190 1044 1273 1109 de
1317 1044 1488 1109 beati
1520 1044 1717 1129 patris
1753 1044 2096 1111 Cuthberti
2126 1046 2464 1111 sanctitate
2495 1046 2792 1134 quaedam,

512 1136 665 1201 licet
695 1156 923 1221 pauca,
957 1134 1283 1210 dixissem,
1311 1148 1598 1197 nostrum
1631 1154 1746 1217 per
1777 1132 1993 1198 omnia
2021 1131 2140 1199 sibi
2169 1133 2411 1218 placuit
2441 1132 2794 1198 consilium:

518 1236 609 1302 ut,
644 1221 965 1299 videlicet,
1000 1220 1372 1297 monachos,
1406 1242 1568 1307 quos
1614 1218 1680 1283 in
1723 1220 1977 1285 duobus
2015 1219 2444 1306 Episcopatus
2481 1220 2605 1286 mei
2634 1220 2798 1299 locis,
2895 1230 2907 1235 “

518 1308 996 1375 Weremutha*
1030 1322 1095 1373 et
1128 1306 1376 1394 Gyrue,
1410 1306 1806 1386 inveneram,
1833 1308 1898 1371 in
1931 1330 2131 1373 unum
2157 1329 2376 1373 coram
2407 1325 2626 1375 sancto
2649 1307 2801 1372 illius

518 1410 791 1482 corpore
844 1395 1187 1461 servituros
1223 1416 1726 1483 congregarem3
1773 1393 1924 1481 quia
1961 1394 2389 1482 Episcopatus
2421 1393 2686 1481 parvitas
2727 1394 2800 1458 ad

518 1483 647 1549 tria
696 1506 825 1547 non
857 1482 1175 1547 sufficeret
1217 1482 1680 1547 monachorum
1733 1482 2049 1551 coenobia.
2145 1483 2350 1567 Igitur
2373 1484 2597 1548 beatus
2643 1482 2804 1566 Papa

524 1570 903 1653 Gregorius,
939 1568 1270 1633 ecclesiam
1301 1569 1474 1633 beati
1509 1569 1856 1634 Cuthberti
1887 1569 2006 1635 sub
2025 1569 2209 1645 ,beati
2243 1570 2428 1636 Petri
2471 1587 2539 1636 et
2567 1581 2805 1655 aposto-

520 1658 648 1723 lica
700 1657 1105 1743 protectione
1149 1655 1524 1743 suscipiens,
1560 1654 2008 1742 Episcopalem
2046 1657 2281 1723 Sedem
2313 1680 2444 1724 una
2476 1680 2618 1722 cum
2646 1655 2805 1721 beati
2881 1664 2891 1685 “

531 1742 879 1811 Cuthberti
947 1740 1368 1808 sacratissimo
1398 1766 1691 1829 corpore,
1737 1765 1886 1809 cum
1935 1744 2110 1809 omni
2157 1744 2350 1831 ipsius
2407 1744 2807 1830 Episcopatus

522 1832 915 1932 integritate,
950 1844 1017 1896 et
1068 1842 1445 1895 caeteraru'm
1495 1832 1779 1895 omnium
1823 1830 2294 1917 possessionum
2326 1831 2645 1911 libertate,
2675 1852 2810 1933 per-

520 1934 735 2023 petuis
767 1918 1161 2003 temporibus
1190 1916 1645 1982 inviolabiliter
1675 1918 2036 1983 conservari
2059 1918 2391 2005 praecepit.
2481 1918 2806 1995 Videlicet,

524 2031 591 2073 m
623 2007 905 2073 ecclesiis
942 2004 1441 2089 Hagustaldensi
1471 2018 1542 2069 et
1577 2004 2104 2085 Lindisfarnensi,
2137 2006 2204 2070 in
2227 2006 2460 2093 quibus
2485 2006 2614 2071 anti
2659 2006 2812 2069 uitus

524 2095 955 2180 Episcopatus
988 2091 1315 2170 extiterat,
1349 2115 1496 2157 cum
1529 2091 1708 2157 omni
1737 2092 2040 2178 parochia
2069 2115 2214 2181 quae
2245 2105 2345 2160 est
2409 2092 2582 2159 inter
2615 2030 2811 2159 qseise

530 2196 599 2248 et
628 2182 865 2247 flumen
888 2178 1241 2247 Tweadam
1268 2178 1321 2256 ;†
1360 2178 1703 2258 waltham,
1734 2201 1910 2257 vei-0,
1933 2202 2078 2245 cum
2110 2180 2403 2245 omnibus
2436 2183 2565 2245 suis
2587 2202 2813 2265 appen-

528 2267 757 2345 diciis3
806 2280 873 2333 et
922 2267 1275 2345 Houeden,
1308 2289 1457 2332 cum
1505 2266 1728 2332 ceteris
1775 2267 2068 2333 omnibus
2101 2266 2404 2353 Episcopi
2437 2268 2727 2333 maneriis
2755 2280 2815 2330 et

529 2358 715 2423 terris
746 2353 883 2419 aliis
915 2354 1209 2421 omnibus
1240 2354 1372 2419 sive
1402 2353 1758 2420 redditibus
1789 2368 2010 2420 sancto
2046 2353 2410 2420 Cuthberto
2443 2369 2513 2421 et
2540 2352 2817 2420 omnibus

530 2442 1001 2509 successoribus
1048 2441 1245 2528 ipsius
1302 2442 1639 2529 Episcopis
1687 2442 2072 2508 auctoritate
2102 2441 2466 2529 apostolica
2495 2440 2812 2519 concessit,

531 2545 603 2597 et
632 2529 1001 2595 roborando
1032 2528 1324 2597 munivit.
1422 2529 1499 2593 In
1531 2529 1761 2617 quibus
1786 2530 2086 2597 omnibus
2116 2541 2374 2595 sanctus
2407 2530 2813 2604 cuthbertus,

530 2631 600 2684 et
626 2618 765 2703 ejus
800 2616 1175 2703 Episcopus,
1208 2638 1433 2682 omnes
1463 2616 1808 2704 dignitates
1839 2629 1906 2682 et
1937 2617 2287 2695 libertate5‚
2321 2639 2471 2705 quoe
2518 2617 2602 2683 ad
2637 2614 2822 2705 Regis

529 2726 835 2770 eoronam
854 2704 1203 2790 pertinent,
1224 2705 1306 2769 ab
1331 2702 1504 2768 omni
1527 2704 1792 2770 servicio
1812 2720 1878 2769 et
1899 2704 2338 2793 inquietudine
2365 2706 2820 2793 imperpetuum

526 2790 786 2870 liberas,
820 2792 1114 2869 munitas,
1147 2805 1215 2856 et
1266 2792 1535 2878 quietaS,
1583 2814 1731 2857 cum
1762 2793 2060 2858 omnibus
2091 2792 2332 2859 eisdem
2363 2789 2820 2879 pertinentibus

530 2879 919 2967 possideret.
1052 2880 1159 2944 Ex
1218 2892 1438 2943 nostra
1495 2892 1802 2943 caeterum
1865 2879 2209 2965 peticione,
2273 2897 2340 2947 et
2397 2880 2820 2954 concessione,

532 2990 759 3032 omnes
790 2966 1067 3045 Priores,
1096 2988 1229 3031 una
1254 2988 1399 3031 cum
1430 2964 1732 3031 fratribus
1763 2968 1992 3032 ceteris
2023 2967 2454 3055 imposterum
2475 2968 2540 3032 in
2570 2964 2826 3034 ecclesia

528 3054 707 3121 beati
756 3054 1101 3120 Cuthberti
1147 3054 1401 3131 futui-is,
1449 3054 1570 3119 sub
1619 3077 1811 3118 manu
1862 3079 1997 3133 sua,
2028 3057 2412 3121 auctoritate
2458 3053 2822 3143 apostolica,

529 3142 857 3228 suscepit3
900 3156 967 3209 et
1002 3141 1329 3207 Prioribus
1372 3141 1594 3207 sedem
1631 3142 1902 3206 Abbatis
1948 3144 2013 3207 in
2059 3142 2260 3208 choro
2287 3142 2549 3208 sinistro
2579 3162 2832 3207 conces-

533 3230 663 3295 sitz
708 3228 1027 3317 quatinus,
1082 3229 1415 3314 Episcopis
1468 3228 1853 3305 absentibus,
1899 3230 2018 3315 ipsi
2067 3230 2316 3317 synoda
2371 3229 2722 3306 celebrent,
2765 3238 2826 3293 et

535 3329 756 3383 cetera
801 3317 1016 3382 omnia
1048 3314 1549 3381 Christianitatis
1601 3318 1810 3381 officia
1845 3316 2206 3401 persolvant
2231 3340 2251 3394 3⁴
2295 3329 2362 3381 et
2393 3339 2619 3382 omnes
2645 3315 2830 3380 liber·

534 3416 723 3481 tateS,
776 3403 1144 3487 dignitateS,
1200 3416 1576 3489 potestateS,
1631 3416 1696 3467 et
1747 3402 2045 3481 honoreS‚
2081 3425 2238 3492 quas
2293 3403 2550 3469 Decani
2593 3403 2830 3469 Ebora*

533 3512 756 3556 censes
794 3492 915 3555 sub
962 3488 1479 3574 Archiepiscopis
1519 3488 1935 3569 obtinuerint,
1980 3491 2096 3576 ipsi
2128 3493 2246 3556 sub
2285 3490 2622 3577 Episcopis
2655 3490 2831 3555 Dun-

542 3576 935 3643 elmensibus
979 3575 1210 3640 liberas
1256 3590 1322 3640 et
1367 3576 1616 3664 quietas
1661 3592 1942 3646 teneant.
2039 3578 2356 3644 Ecclesias
2386 3593 2606 3645 autem
2651 3598 2830 3666 quas-

540 3684 817 3751 cunque,
872 3686 973 3727 me
1042 3662 1106 3725 in
1177 3663 1714 3751 subsequentibus
1769 3666 2056 3730 donante
2113 3665 2213 3731 vel
2267 3666 2670 3754 adquireute,
2725 3686 2828 3728 seu

538 3751 790 3815 caeteris
816 3750 1117 3817 fidelibus
1140 3750 1580 3835 largientibus,
1605 3752 2047 3840 adquisierint,
2069 3775 2211 3817 cum
2234 3752 2500 3819 ecclesia
2519 3754 2603 3819 de
2623 3752 2836 3840 Tyne-

532 3840 782 3918 'mutha,
818 3860 1010 3927 quam
1049 3836 1441 3903 Waltheofus
1472 3838 1707 3905 Comes
1737 3863 1880 3905 cum
1912 3838 2250 3919 Mon-karo,
2278 3840 2668 3907 consobrino
2697 3861 2828 3914 suo,

537 3926 628 3992 eis
675 3926 965 4006 dederat,
1001 3926 1061 3991 in
1111 3949 1227 3991 sua
1274 3949 1462 3991 mann
1513 3944 1577 3992 et
1611 3928 1965 3993 donacione
1997 3929 2229 3993 liberas
2261 3928 2577 4007 habeant3
2625 3942 2693 3993 et
2722 3927 2834 3991 ho-

535 4016 735 4080 nestis
777 4014 1021 4081 clericis
1058 4014 1477 4079 deservienda
1525 4018 1974 4090 committant3
2021 4015 2128 4102 qui
2185 4014 2516 4101 Episcopis
2563 4017 2648 4083 de
2689 4035 2834 4079 cura

537 4102 896 4168 animarum
961 4115 1235 4181 tantum,
1298 4106 1361 4167 in
1419 4124 1800 4192 quacunque
1861 4102 2098 4168 diocesi
2149 4102 2402 4182 fuerint,
2461 4104 2832 4175 intendant3

1331 4283 1356 4309 ⁰
1398 4278 1788 4331 Wiranmuthie
1811 4279 1862 4329 in
1889 4278 2068 4345 duppl.

605 4350 647 4405 ἢ·
688 4342 757 4393 Et
782 4344 992 4410 insuper
1025 4360 1141 4396 cum
1168 4345 1407 4397 Carleolo
1441 4354 1495 4396 et
1531 4348 1669 4398 omni
1694 4349 1955 4413 provincia
1977 4348 2358 4414 circumjacenti
2381 4352 2436 4398 et
2463 4344 2765 4399 ¹1'evitedale
2785 4350 2836 4395 et

540 4412 679 4531 pinni
704 4412 911 4481 regione
934 4414 1231 4481 pertinenti.
1282 4414 1412 4466 This
1437 4414 1606 4467 clause
1630 4418 1672 4467 is
1697 4414 1925 4468 inserted
1951 4416 2070 4469 here
2095 4416 2148 4467 in
2173 4432 2200 4467 a
2226 4416 2485 4483 duplicate
2507 4414 2567 4469 of
2583 4414 2690 4467 this
2704 4418 2840 4467 char-

556 4494 641 4531 er.
