3000 5117
666 518 671 521 -
777 480 1197 531 APPENDIX.
1238 480 1420 529 ANN.
1464 442 1995 529 mcdccxxxln.
2047 508 2056 523 ι
2286 456 2543 531 CCXXlX

234 638 432 703 Unde
490 636 689 706 etiam
744 638 939 704 foetor
988 637 1300 704 exhalans
1351 637 1776 703 intolerabilis
1829 639 2144 706 omnibus,
2182 640 2411 728 Anglis
2446 656 2540 707 -et

228 726 445 791 Danis
494 749 641 792 eum
687 726 969 792 reddidit
1022 748 1311 791 exosum.
1426 727 1850 811 Contemptus
1897 748 2053 811 ergo
2105 726 2188 791 ab
2240 728 2536 791 omnibus

135 876 145 879 -
228 835 379 877 cum
426 812 627 881 tribus
654 828 899 879 tantum
933 814 1201 878 navibus
1231 812 1313 877 de
1344 812 1516 877 Tina
1545 812 1850 898 profugit,
1881 836 2002 878 nec
2033 812 2278 898 uspiam
2309 828 2540 898 postea

229 903 555 986 apparuit.
648 901 827 966 Inter
862 900 1031 977 haec,
1081 900 1307 983 Anglis
1354 916 1419 964 et
1454 899 1660 963 Danis
1691 903 1754 962 in
1776 922 1984 963 -unum
2015 900 2328 985 populum
2360 923 2536 965 com-

218 986 563 1071 paginatis,
589 1010 733 1053 cum
756 987 1044 1075 regimen
1067 987 1283 1071 regale
1305 986 1580 1063 deesset,
1603 988 1834 1051 beatus
1859 988 2254 1052 Cuthbertus
2277 987 2534 1051 cuidam

228 1074 497 1151 Abbati,
544 1076 809 1139 nomine
857 1073 1161 1139 Eadredo
1206 1070 1393 1137 valde
1424 1073 1743 1157 religios0,
1777 1096 1892 1157 per
1921 1096 2258 1159 sompnum
2285 1074 2532 1149 astitit,

223 1164 421 1247 eique
467 1163 775 1247 proecepit
828 1161 1124 1225 omnibus
1170 1159 1407 1237 dicere,
1456 1160 1752 1246 quatinus
1797 1160 2232 1237 Guthredum,
2271 1161 2533 1226 Harde-

220 1246 411 1311 cnuti
459 1248 655 1335 Regis
702 1247 927 1326 filium,
962 1249 1073 1334 qui
1104 1270 1143 1313 a
1196 1246 1467 1331 Paganis
1497 1261 1718 1331 captus
1747 1260 1941 1333 atque
1966 1247 2036 1311 in
2069 1247 2370 1331 Angliam
2405 1263 2534 1313 tra-

222 1336 485 1413 ductus,
532 1334 787 1400 cuidam
820 1334 1031 1398 viduae
1061 1334 1233 1418 apud
1265 1333 1714 1421 Hnityngham
1737 1336 1946 1397 fuerat
1969 1334 2161 1398 abeis
2185 1334 2250 1398 in
2275 1357 2530 1399 servum

220 1421 545 1499 venditae,
587 1422 778 1499 hunc,
812 1422 968 1486 dato
1001 1421 1211 1485 viduae
1241 1420 1439 1505 digno
1470 1420 1932 1504 redempcionis
1961 1422 2198 1504 precio,
2237 1421 2532 1506 Angli-et

225 1506 409 1572 Dani
440 1508 505 1571 in
523 1530 741 1592 regem
774 1509 1121 1575 elevarent.
1208 1506 1357 1581 Qua
1388 1506 1628 1572 visione
1659 1506 2079 1585 manifestata,
2113 1508 2285 1571 illico
2309 1530 2530 1573 omnes

222 1594 649 1681 perquisitum
684 1596 991 1680 juvenem
1036 1594 1283 1679 regium
1328 1616 1580 1658 servum
1628 1593 1982 1671 inveniunt,
2020 1616 2323 1681 moxque,
2345 1596 2530 1679 justo

214 1682 636 1767 redemptum
695 1682 933 1768 precio,
988 1682 1055 1743 in
1108 1682 1253 1745 loco
1306 1681 1413 1767 qui
1467 1680 1704 1745 dicitur
1763 1680 2140 1746 Oswiesdun
2191 1691 2407 1745 omn‘es
2461 1681 2526 1745 in

230 1767 485 1853 Regem
543 1768 829 1833 unanimi
889 1768 1111 1833 favore
1160 1768 1513 1832 sustollunt
1533 1792 1558 1832 z
1613 1767 1726 1854 qui
1784 1767 2114 1833 liberatori
2165 1791 2281 1832 suo
2333 1770 2529 1834 beato

226 1856 599 1920 Cuthberto
652 1855 857 1919 vicem
908 1855 1295 1941 rependenS,
1330 1877 1575 1940 pacem,
1622 1854 1786 1919 sicut
1825 1856 1966 1940 ipse
2017 1855 2292 1920 Sanctus
2322 1856 2382 1920 ei
2409 1878 2532 1941 per

222 1943 610 2027 praedictum
663 1944 981 2008 Abbatem
1029 1941 1369 2019 mandavit,
1402 1942 1486 2005 ad
1513 1941 2274 2029 sefuginmmiser‘orum,
2307 1944 2534 2030 qui.ad

216 2028 399 2093 -illius
443 2051 675 2114 corpus
720 2029 1145 2113 confugerint,
1182 2028 1477 2092 instituit.
1577 2028 1662 2092 Et
1691 2028 2077 2115 quicumque
2106 2052 2330 2114 pacem
2366 2030 2530 2094 illius

221 2116 609 2203 infregisset,
652 2119 743 2181 ita
782 2116 863 2195 ei,
906 2116 1451 2203 quemadmodum
1500 2114 1690 2203 Regi,
1728 2116 2194 2195 emendaretur,
2219 2140 2342 2181 sua
2371 2139 2528 2201 pace

224 2203 522 2281 infracta,
574 2203 879 2267 videlicet
930 2204 1013 2267 ad
1066 2202 1273 2265 minus
1321 2202 1491 2265 mille
1537 2202 1826 2266 ducentis
1858 2202 2019 2267 oris:
2068 2203 2244 2287 leges
2274 2226 2530 2291 quoque

224 2290 447 2374 ipsine,
480 2303 548 2353 et
578 2311 724 2376 quae
754 2293 1031 2376 propriae
1066 2288 1281 2353 Sancti
1304 2288 1660 2354 Cutbberti
1683 2289 1986 2353 dicuntur
2014 2290 2530 2369 consuetudines,

224 2377 705 2461 imperpetuum
748 2377 1090 2441 servandas
1142 2375 1441 2441 instituit.
1549 2376 1740 2440 Tunc
1786 2398 2066 2463 quoque,
2121 2378 2534 2461 praecipiente

226 2463 371 2547 ipso
408 2466 669 2540 Sancte,
703 2469 819 2547 per
848 2477 1270 2527 memoratum
1308 2463 1653 2539 Abbatem,
1690 2462 1833 2527 Rex
1865 2478 2066 2527 totam
2101 2478 2335 2528 terram
2367 2464 2534 2530 inter

232 2552 451 2614 WVeor
494 2564 561 2613 et
593 2550 849 2635 Tyriam
882 2549 1145 2614 donavit
1176 2550 1292 2633 ipsi
1327 2550 1588 2626 Sancte,
1619 2550 1705 2613 ad
1736 2550 2017 2614 subsidia
2047 2550 2296 2613 illorum
2329 2554 2439 2637 qui
2471 2553 2530 2617 ei

222 2637 597 2701 serviebant
644 2650 713 2701 et
750 2636 1043 2703 servituri
1073 2648 1307 2703 essent.
1409 2635 1533 2700 Cui
1565 2635 1806 2716 scilicet
1833 2636 2164 2721 praedictae
2195 2652 2385 2701 terrae
2416 2639 2534 2702 ad·-

206 2724 538 2808 jecerunt,
586 2740 715 2787 tam
762 2725 901 2810 ipse
948 2723 1348 2799 GutlireduS,
1396 2745 1590 2809 quam
1624 2722 1964 2787 Aelfredus
1994 2746 2108 2788 rex
2136 2725 2532 2789 Australium

240 2812 621 2895 Anglorum,
671 2824 905 2875 terram
948 2810 1119 2874 inter
1166 2810 1401 2874 Tesam
1433 2824 1502 2874 et
1539 2810 1768 2888 Weor‚
1803 2810 1866 2872 in
1897 2827 2310 2899 augmentum
2350 2811 2535 2896 Epis-

228 2912 501 2983 copatus
538 2898 713 2961 beati
749 2897 1113 2962 cuthberti.
1210 2895 1379 2960 Nam
1413 2896 1618 2960 multo
1646 2909 1794 2961 'ante
1825 2896 2194 2961 defecerant
2230 2897 2532 2984 Episcopi

236 2984 817 3069 Haugustaldensis
882 2983 1192 3052 ecclesiae.
1320 2984 1445 3047 Per
1505 2984 1968 3068 quinquaginta
2026 2984 2193 3047 enirn
2255 3000 2533 3070 quatuor

224 3093 437 3135 annos
498 3086 646 3135 ante
706 3069 1218 3135 devastacionem
1286 3069 1636 3155 provinciae
1702 3070 2286 3134 Northumbrorum
2346 3071 2533 3135 sedes

228 3156 471 3222 ibidem
517 3157 892 3242 episcopalis
944 3172 1319 3224 cessaverat.
1419 3156 1588 3219 Haec
1631 3170 1872 3220 statuta
1901 3170 1970 3219 et
2000 3156 2112 3221 has
2143 3156 2530 3221 donaciones

228 3244 365 3308 duo
398 3246 629 3331 RegeS,
659 3245 998 3309 Aelfredus
1022 3243 1285 3322 scilicet,
1312 3255 1379 3307 et
1396 3242 1794 3318 GuthreduS‚
1818 3265 1962 3307 cum
1988 3265 2298 3307 consensu
2326 3246 2532 3309 tocius

228 3331 450 3415 populi
474 3346 823 3395 statuentes
854 3332 1264 3395 firmaverunt
1292 3354 1311 3405 ;
1356 3343 1420 3393 et
1452 3330 1836 3416 quicumque
1859 3352 1939 3393 ex
1965 3330 2085 3392 hiis
2109 3330 2349 3417 aliquid
2377 3354 2539 3415 prae-

228 3417 574 3502 sumpserit
606 3417 947 3503 infringere
980 3430 1291 3501 perpetuo
1322 3416 1499 3479 illum
1531 3416 1940 3480 anathemate
1971 3416 2459 3501 dampnarunt.'’

321 3504 551 3568 Tenor
580 3507 781 3569 eciam
821 3506 1082 3569 alterius
1112 3504 1413 3568 clausulae
1446 3502 1508 3566 in
1543 3504 1772 3567 eodem
1804 3503 1992 3582 libro,
2025 3506 2406 3593 quibusdam
2439 3506 2533 3568 in-

234 3589 589 3675 terpositiS,
620 3605 971 3667 contentae,
1005 3606 1104 3654 est
1136 3593 1255 3655 iste
1287 3589 1739 3677 quisequitur.

322 3688 375 3719 ‘⁶
407 3678 561 3751 Quo
595 3678 905 3745 Aelfredo
938 3678 1271 3755 defuncto,
1314 3676 1668 3741 Edwardus
1713 3676 1880 3740 filius
1919 3678 2056 3762 ejus
2087 3700 2287 3761 regno
2315 3702 2536 3745 succe-

233 3765 419 3841 denS,
454 3780 528 3827 ut
558 3786 595 3827 a
628 3778 808 3848 patre
838 3752 1257 3849 praemoni'tus
1288 3764 1521 3839 fuerat,
1555 3779 1844 3827 sanctum
1884 3766 2334 3843 cuthbertum,
2369 3768 2536 3850 ejus-

232 3874 361 3937 qne
416 3850 753 3914 ecclesiam
806 3852 1083 3914 maxime
1130 3849 1471 3925 honorans,
1523 3848 1659 3933 ipse
1703 3872 1966 3937 quoqne
2012 3851 2282 3915 donaria
2335 3853 2538 3917 multa

230 3938 524 4022 largituS,
558 3936 735 4025 leges·
758 3938 897 4021 ejus
928 3952 993 4001 et
1022 3935 1357 4022 privilegia
1386 3937 1810 4003 confirmavit.
1871 3936 2078 4019 Hujus
2107 3936 2279 4000 filius
2315 3926 2538 4002 Et'hel-

232 4038 480 4100 stanus,
510 4026 713 4086 tocius
744 4024 1001 4108 Angliae
1021 4044 1137 4087 rex
1168 4024 1453 4099 effectuS,
1482 4045 1655 4086 anno
1680 4021 2041 4086 Dominicoe
2071 4022 2536 4089 incarnacionis

235 4115 873 4187 nec-ccmxxxmv‘0,
928 4133 1095 4184 cum,
1146 4124 1373 4173 contra
1436 4110 1694 4185 scotos,
1753 4124 2183 4195 pugnaturus,
2244 4110 2534 4175 Scociam

234 4199 565 4273 tenderet,
590 4219 737 4260 cum
771 4196 976 4260 tocius
1007 4194 1357 4259 Britanniae
1382 4194 1695 4272 exercitu,
1721 4196 1920 4258 sancti
1949 4194 2292 4259 Cuthberti
2327 4212 2542 4278 patro-

234 4283 405 4347 cinia
448 4296 517 4346 et
564 4283 868 4370 suffragia
911 4282 1231 4369 quaesivit,
1266 4282 1452 4367 eique
1500 4282 1704 4343 multa
1731 4279 2000 4344 donaria
2031 4280 2232 4364 regali
2265 4280 2544 4347 liberali-

237 4384 373 4433 tate
417 4369 693 4433 contulit
736 4368 800 4431 in
846 4392 1006 4433 auro
1052 4381 1117 4431 et
1163 4381 1462 4465 argento,
1506 4366 1736 4451 palliis,
1767 4372 1834 4429 e't
1880 4368 2167 4443 cortinis,
2201 4382 2267 4432 et
2298 4370 2544 4457 magnis

236 4456 584 4541 campanie,
608 4468 691 4536 ‘et
724 4455 993 4519 diversis
1024 4453 1163 4518 aliis
1196 4454 1497 4602 preciogis
1545 4453 1972 4518 ornamentis:
2023 4453 2234 4518 villam
2283 4476 2542 4542 quoque

1341 4560 1381 4603 1>
