3000 5117
813 467 1235 520 arraumx.
1275 467 1458 516 Anu.
1492 461 1921 515 mccccxv1.
2148 433 2541 510 ccccxxxix

221 631 392 698 sicut
421 631 820 718 praedicitur,
913 629 1043 696 uod
1073 629 1248 694 dicta
1299 647 1573 712 persona
1604 622 1905 708 religiosa
1944 620 2007 686 in
2056 619 2233 686 dicta
2258 619 2534 684 visitaci-

221 741 352 784 one
383 719 686 786 habenda
713 739 844 784 non
931 717 1151 794 iunde,
1199 715 1311 780 sed
1345 715 1663 779 duntaxat
1690 711 1775 775 de
1814 709 1990 774 dicto
2022 707 2368 773 venerabili
2400 707 2530 771 Ca·

212 807 977 960 gfftffilat'gsumeuda,
1021 801 1364 890 praemissis
1393 816 1461 867 et
1487 800 1627 867 aliis
1644 799 1721 865 in
1738 798 2143 862 contrarium
2176 793 2369 861 editis
2398 815 2529 860 uon

387 1305 699 1352 cccxml.
749 1303 1292 1350 sul-FRAGIORUM
1333 1301 1787 1346 SUPPMCATIG
1830 1302 1966 1346 PRO
2006 1297 2338 1346 JOHANNB

690 1391 1246 1436 ‚uaMYNGBURGu
1279 1390 1541 1434 Pmoun
1574 1388 2051 1436 DUNELMENSI.

813 1531 820 1537 ’
907 1527 1022 1590 [ax
1055 1529 1225 1596 apae
1245 1529 1372 1581 aot.
1405 1527 1539 1596 ong
1578 1527 1701 1579 ιω.
1728 1527 1837 1592 ια]

307 1669 646 1737 Universis
705 1681 944 1732 sanctae
995 1669 1214 1732 matris
1267 1667 1557 1732 ecclesioe
1614 1665 1761 1730 filiis
1808 1666 1893 1730 ad
1952 1689 2113 1754 quos
2162 1681 2513 1752 praesenteo

205 1758 450 1823 litterae
495 1754 923 1842 pervenerint,
981 1755 1254 1818 humiles
1299 1754 1368 1818 iu
1422 1751 1711 1818 Domino
1758 1753 2052 1818 ecclesioe
2108 1754 2513 1822 cathedralis

211 1843 676 1909 Dunelmensis
727 1841 1069 1906 coenobitae
1133 1855 1283 1926 post
1331 1840 1677 1904 decursum
1738 1840 1927 1927 hujus
1974 1841 2509 1925 peregrinacionis

203 1931 496 1995 studium
544 1929 628 1994 ad
672 1943 936 1993 aeternae
983 1927 1398 1994 beatitudinis
1425 1926 1717 1991 bravium
1750 1927 2099 2010 pervenire,
2130 1943 2198 1992 et
2226 1929 2391 1994 facie
2418 1932 2507 1996 ad

203 2017 444 2082 faciem
493 2017 838 2100 majestatis
886 2015 1154 2100 gloriam
1203 2015 1538 2098 speculari.
1636 2015 1811 2087 Quia
1863 2037 1947 2077 cx
2000 2015 2185 2098 primi
2222 2013 2501 2081 hominis

203 2103 751 2190 praevaricacioue
793 2125 964 2166 mors
1019 2101 1276 2165 intravit
1321 2103 1384 2164 iu
1417 2100 1753 2177 mundum,
1804 2101 1953 2165 ideo
1999 2102 2103 2165 lex
2136 2116 2381 2166 naturae
2410 2105 2503 2168 sic

200 2191 470 2256 infectae
511 2190 734 2254 indicit
766 2201 1052 2253 mortuos
1085 2188 1410 2272 plangere,
1445 2211 1519 2251 ac
1550 2211 1773 2252 eorum
1808 2187 2177 2252 memoriam
2208 2189 2505 2255 humanis

205 2278 533 2342 mentibus
565 2277 860 2352 inserere,
885 2276 1266 2360 devotisque
1295 2276 1593 2359 precibus
1616 2277 2088 2339 commendare.
2175 2276 2246 2340 ln
2275 2290 2501 2364 typum

203 2366 398 2450 primi
443 2366 759 2448 planctus,
799 2364 1038 2427 scilicet
1071 2377 1490 2438 mortuorum,
1522 2362 1672 2438 Job‚
1706 2362 1927 2426 audita
1958 2378 2163 2427 morte
2196 2365 2497 2443 filiorum,

205 2453 272 2515 in
321 2452 842 2516 vestimentorum
896 2449 1194 2513 scissione
1249 2449 1374 2511 vim
1429 2449 1665 2512 doloris
1720 2449 2078 2533 expressit3
2146 2451 2497 2530 Abraham,

205 2541 373 2605 Sara
419 2553 686 2615 mortua,
737 2537 909 2601 venit
957 2550 1030 2600 ut
1069 2537 1251 2604 fleret
1284 2559 1463 2612 eam;
1495 2535 1737 2618 Joseph
1770 2549 1837 2598 et
1867 2536 2093 2599 fratres
2122 2539 2219 2598 sui
2252 2554 2501 2623 septem

205 2626 344 2690 dies
373 2648 564 2709 super
594 2639 800 2689 morte
827 2624 1031 2688 Jacob
1061 2624 1256 2708 patris
1287 2645 1505 2688 eorum
1541 2645 1682 2686 cum
1715 2625 1957 2706 gemitu
1986 2622 2491 2707 compleverunt.

211 2713 424 2776 Immo
479 2713 772 2777 Christus
818 2711 1002 2775 Jesus
1051 2733 1194 2774 cum
1229 2711 1502 2775 lacrimis
1541 2710 1851 2773 Lazarum
1883 2723 2205 2773 mortuum
2236 2712 2498 2777 suscita-

204 2801 322 2867 vit.
421 2801 494 2863 In
543 2799 794 2862 sio-num
843 2797 1129 2874 secundi,
1181 2797 1480 2861 videlicet
1529 2797 1612 2860 de
1665 2796 2115 2861 defunctorum
2162 2799 2492 2876 memoria,

199 2887 412 2952 Judas
463 2853 852 2956 hlacliabeus
905 2884 1245 2949 duodecim
1295 2885 1470 2948 milia
1499 2885 1795 2967 dragmas
1827 2887 2076 2967 argenti
2110 2885 2283 2949 misit
2310 2886 2498 2950 Jero·

201 2974 518 3048 solimam,
552 2973 785 3036 offerre
815 2995 893 3036 ea
923 2972 1008 3035 ibi
1041 2994 1160 3056 pro
1193 2974 1468 3057 peccatis
1501 2986 1938 3045 mortuorum3
1972 2993 2085 3054 per
2116 2992 2273 3057 quas
2304 2973 2497 3060 drag-

203 3083 342 3124 mas
375 3061 700 3124 moraliter
730 3059 932 3123 notari
959 3074 1221 3143 possunt
1251 3059 1507 3122 devotae
1540 3081 1757 3142 preces
1787 3057 2069 3121 fidelium
2102 3058 2339 3122 oblatae
2368 3081 2491 3145 pro

201 3147 525 3211 mortuis:
587 3169 734 3210 nam
793 3163 1015 3210 sancta
1061 3161 1126 3209 et
1173 3146 1446 3208 salubris
1499 3157 1598 3208 est
1650 3144 1967 3232 cogitacio
2026 3167 2145 3228 pro
2174 3145 2487 3211 defunctis

197 3256 496 3311 exorare,
553 3247 624 3298 ut
670 3256 711 3297 a
761 3233 1038 3318 peccatis
1089 3234 1438 3297 solvantur.
1534 3232 1711 3295 Hinc
1757 3248 1857 3295 est
1887 3231 2060 3318 quod
2093 3247 2317 3296 vestrae
2350 3235 2494 3298 uni-

197 3321 486 3385 versitati
539 3321 1087 3384 reverendissimae
1141 3335 1364 3384 notum
1401 3319 1671 3382 facimus
1701 3340 1819 3404 per
1848 3334 2193 3402 praesentes
2224 3343 2495 3385 venera-0

193 3408 398 3472 bilem
475 3407 596 3491 piae
657 3409 984 3471 memoriae
1044 3423 1284 3491 patrem
1347 3422 1657 3483 nostrum,
1735 3407 2063 3468 dominum
2123 3406 2490 3474 Johannem

197 3495 792 3580 Hemmyngbnrgh
821 3515 1024 3579 nuper
1059 3494 1343 3558 Priorem
1379 3493 1579 3558 nostri
1611 3492 1983 3557 monasterii
2004 3494 2487 3576 DunelmensiS,

194 3586 266 3646 in
321 3581 456 3646 fata
508 3583 825 3659 transisse,
882 3605 1000 3666 pro
1045 3583 1226 3667 cujus
1263 3582 1445 3646 obitu
1479 3602 1731 3645 currere
1762 3581 2053 3664 cogimur
2085 3585 2144 3644 in
2180 3583 2483 3663 lamenta,

193 3670 350 3734 dum
384 3670 728 3734 recolimus
775 3692 964 3755 quam
999 3668 1260 3732 humilis
1307 3669 1368 3730 in
1409 3681 1620 3754 gestu,
1654 3689 1843 3754 quam
1868 3669 2183 3752 benignus
2214 3672 2278 3734 in
2310 3687 2484 3750 actu,

189 3777 386 3843 quam
411 3757 736 3842 jocundus
783 3757 846 3819 in
899 3757 1101 3833 vultu,
1155 3754 1426 3820 affabilis
1473 3756 1538 3821 in
1570 3755 1926 3841 colloquiis,
1990 3757 2487 3842 circumspectus

191 3845 257 3907 in
305 3843 606 3919 consillia,
653 3857 866 3908 rectus
927 3843 990 3906 in
1040 3843 1320 3928 judiciis,
1377 3842 1689 3908 discretus
1742 3845 1805 3904 in
1859 3843 2220 3927 proeceptiS,
2277 3845 2483 3908 zelum

189 3927 438 3996 habens
489 3931 875 4007 concordiae,
929 3953 1004 3994 ac
1057 3928 1394 3994 discordiae
1447 3931 1760 4006 iuimicus,
1809 3945 1874 3992 et
1901 3929 1971 3992 iu
2000 3929 2481 4013 dispensacione

189 4018 346 4081 satis
397 4017 702 4102 providus
753 4016 976 4080 extitit
1023 4032 1087 4080 et
1140 4016 1388 4094 fidelis3
1443 4018 1509 4080 in
1560 4016 1851 4079 omnibus
1900 4016 1993 4079 ita
2044 4032 2481 4100 temperanter

186 4127 406 4188 agens,
457 4125 536 4168 ne
587 4105 648 4167 in
695 4103 1044 4187 affligendis
1094 4103 1296 4187 poenis
1341 4125 1462 4188 pro
1501 4103 1695 4166 modo
1724 4103 1933 4186 culpae
1964 4117 2299 4187 appareret
2328 4105 2484 4190 rigi-

185 4191 336 4269 dua,
393 4192 502 4254 vel
549 4205 766 4255 tamen
815 4193 882 4254 in
931 4190 1323 4274 corrigendis
1355 4191 1717 4254 excessibus
1750 4188 2073 4253 videretur
2104 4192 2361 4274 tepidus
2413 4211 2479 4260 et

180 4277 482 4342 remissus
509 4301 526 4352 ;
559 4279 692 4355 sed,
725 4277 1022 4342 omnibus
1053 4279 1270 4341 omnia
1313 4278 1541 4354 factuS,
1588 4299 1655 4340 se
1686 4274 1967 4340 omnium
1997 4277 2312 4340 bonorum
2344 4301 2483 4344 mo-

179 4366 361 4429 ribus
381 4365 860 4430 conformabat.
947 4365 1131 4430 Vixit
1162 4378 1374 4430 autem
1409 4365 1469 4426 in
1502 4362 1881 4428 monachatu
1912 4362 2112 4427 ferme
2142 4367 2479 4448 sexaginta

181 4475 300 4516 sex
361 4455 566 4531 annia,
631 4453 696 4515 in
751 4451 1050 4516 Prioratu
1111 4475 1262 4517 vero
1315 4449 1543 4539 viginti
1596 4450 1918 4537 quinque3
1968 4466 2035 4516 et
2090 4451 2349 4516 tandem
2404 4456 2472 4520 in
