3000 5117
489 401 682 476 cxxii
970 424 1171 475 msr.
1210 422 1565 476 DUNELM.
1606 419 2065 480 semeroacs
2100 425 2309 481 'rass-

493 585 643 651 dam
689 585 1013 670 pulveres,
1047 597 1117 650 et
1147 596 1395 671 septem
1423 585 1612 651 solidi
1645 587 2099 677 sterlingorum
2126 614 2144 668 3
2176 614 2335 678 quos
2366 591 2626 679 quidem
2660 613 2810 678 sep-

493 685 628 736 tem
660 671 848 738 solidi
882 672 1060 737 vobis
1089 673 1404 737 mittimus
1434 695 1551 760 per
1576 679 1960 760 praes'entem
1990 678 2394 763 portitorem.
2481 679 2628 743 Alia
2648 702 2810 742 vero

491 759 676 823 vobis
735 759 1139 838 misissemus,
1201 760 1313 824 sed
1375 772 1595 824 tamen
1654 763 2073 847 reputacione
2122 779 2345 830 nostra
2396 788 2531 830 non
2582 765 2807 829 valent

489 859 799 932 quantum
829 848 999 911 circa
1029 845 1308 932 ipsorum
1339 846 1865 932 deportacionem
1897 851 2263 935 expendere
2292 865 2588 938 oportet:
2624 851 2805 916 unde

485 954 679 1016 super
708 931 829 996 hiis
861 946 1147 998 vestrum
1168 933 1641 1018 beneplacitum
1666 949 2105 1022 expectamus.
2180 939 2417 1005 Valeat
2438 939 2503 1003 in
2530 938 2802 1004 Christo

487 1031 702 1083 vestra
729 1020 1036 1085 discrecio
1067 1019 1439 1089 reverenda.
1533 1021 1731 1087 Datae
1761 1036 1828 1088 et
1852 1024 2245 1108 consignatae
2276 1026 2455 1114 apud
2480 1025 2799 1091 Dunolm.

484 1124 588 1170 χιι
619 1105 924 1174 kalendas
953 1107 1134 1187 Julii,
1165 1129 1339 1173 anno
1368 1106 1641 1173 Domini
1672 1117 2148 1177 m⁰ccc⁰x1x¹¹¹⁰.

1073 1517 1222 1562 c111.
1269 1519 1549 1566 Pn‘rxclo
1580 1521 1773 1566 PAPAE
1802 1521 2191 1569 PoaRRC'rA.

1377 1661 1541 1732 [aeg.
1564 1658 1633 1712 11.
1656 1657 1744 1712 fol.
1771 1661 1909 1726 nn]

577 1798 958 1886 Significant
990 1797 1328 1866 Sanctitati
1359 1812 1591 1865 vestrae
1618 1799 1895 1866 humiles
1925 1811 1993 1864 et
2024 1798 2415 1866 devotissimi
2446 1801 2562 1865 filii
2600 1802 2792 1868 Prior

482 1887 796 1955 Dunolmi
848 1905 914 1951 et
961 1886 1250 1972 ejusdem
1298 1887 1422 1952 loci
1474 1889 1870 1966 ConventuS,
1904 1887 2145 1952 ordinis
2176 1890 2382 1953 sancti
2414 1890 2787 1967 Benedicti,

481 1975 680 2064 quod,
711 1995 880 2051 cum,
912 1996 1031 2060 per
1052 1995 1318 2059 gwerrae
1341 1973 1699 2038 communis
1730 1973 1901 2039 inter
1930 1995 2145 2060 regem
2178 1977 2283 2038 An
2332 1975 2439 2038 liae
2468 1976 2787 2041 illustrem

481 2081 548 2127 et
575 2073 804 2162 gentoe
857 2059 1104 2125 Scociae
1133 2059 1516 2126 afflicciones
1547 2074 1613 2125 et
1658 2060 2047 2140 discrimina,
2079 2083 2155 2126 ac
2186 2075 2293 2126 tur
2338 2062 2597 2127 aciones
2628 2064 2793 2128 alias

471 2149 550 2213 in
579 2170 719 2233 ipso
747 2169 950 2235 regno
979 2147 1433 2233 multiplicibus
1457 2159 1528 2212 et.
1558 2149 1795 2212 mutuis
1826 2147 2347 2214 infestacionibus
2376 2151 2785 2228 continuata,

479 2233 924 2299 miserabiliter
943 2233 1080 2319 jam
1103 2234 1278 2320 longi
1309 2236 1615 2320 temporis
1636 2257 1757 2320 per
1774 2234 2114 2299 decursum
2148 2251 2359 2320 partes
2390 2235 2452 2299 in
2484 2238 2789 2301 confiniis

475 2321 806 2410 utriusque
829 2319 1033 2410 regni,
1056 2319 1120 2384 in
1149 2321 1380 2409 quibus
1405 2320 1928 2407 possessioneset
1956 2322 2245 2387 redditus
2274 2323 2389 2402 sui,
2408 2324 2578 2388 unde
2603 2345 2791 2412 mag-

473 2429 560 2474 na
587 2420 654 2473 et
674 2407 906 2473 nobilis
935 2430 1082 2494 pars
1113 2407 1602 2474 sustentacionis
1624 2408 1975 2474 eorundem
2008 2430 2396 2496 consurgere
2420 2413 2785 2490 consuevit,

476 2493 727 2560 notorie
752 2493 1209 2573 consistebant,
1231 2517 1346 2581 per
1376 2517 1603 2560 manus
1634 2493 2029 2580 spoliatrices
2058 2497 2269 2582 gentis
2304 2498 2681 2563 Scottorum
2714 2513 2787 2562 et

474 2581 774 2648 incendia
801 2581 968 2646 adeo
997 2596 1146 2648 sunt
1173 2582 1523 2660 destructae
1555 2581 1843 2647 totaliter
1870 2595 1939 2648 et
1969 2583 2301 2650 exhaustae
2318 2584 2496 2671 quod
2528 2585 2615 2648 ad
2644 2608 2785 2648 sus-

473 2671 913 2736 tentacionem
963 2669 1202 2735 exilem
1253 2681 1322 2734 et
1371 2682 1631 2733 tenuem
1682 2669 1935 2734 numeri
1986 2671 2446 2736 monachorum
2490 2693 2665 2736 nunc
2716 2671 2784 2736 in

479 2755 887 2822 Monasterio
933 2775 1002 2821 et
1053 2755 1116 2820 in
1149 2755 1347 2821 Cellis
1377 2756 1538 2842 ejuS,
1572 2777 1659 2820 ex
1702 2755 1969 2846 antiqua
1996 2758 2459 2822 consuetudine
2486 2779 2783 2822 commo-

473 2843 783 2922 rancium,
817 2855 887 2908 et
915 2843 999 2910 ad
1029 2841 1553 2928 hospitalitatem,
1578 2842 1664 2908 ad
1693 2864 1889 2930 quam
1920 2844 2380 2910 observandam
2414 2845 2780 2910 necessario

473 2931 938 3016 astringuntur,
973 2943 1108 2995 tum
1139 2931 1288 3018 quia
1335 2951 1558 2994 omnes
1607 2929 1902 2995 monachi
1931 2931 2040 3018 qui
2070 2931 2135 2994 in
2168 2931 2371 2996 tribus
2400 2931 2576 2997 cellis
2608 2933 2783 2996 scili-

473 3033 580 3085 cet
610 3016 1062 3103 coldingham,
1095 3035 1162 3082 et
1205 3017 1426 3082 Insula
1458 3019 1677 3095 Sacra,
1724 3031 1793 3082 et
1852 3017 2070 3083 Insula
2116 3019 2199 3083 de
2256 3019 2465 3083 Farne
2508 3041 2550 3082 a
2592 3018 2783 3082 dicto

477 3105 882 3171 Monasterio
934 3103 1462 3190 dependentibuS,
1516 3104 1579 3167 in
1630 3103 1916 3189 praefatis
1961 3104 2254 3170 confiniis
2302 3104 2572 3183 situatis,
2622 3127 2780 3170 cum

473 3191 712 3258 familia
740 3204 1152 3278 competente
1198 3191 1416 3256 omnia
1459 3191 1611 3256 vitae
1654 3192 2012 3257 necessaria
2057 3193 2140 3256 de
2168 3192 2353 3257 bonis
2384 3191 2536 3278 ipsis
2566 3192 2779 3276 assig-

470 3281 639 3348 natis
695 3278 761 3342 in
808 3278 1090 3364 praefatis
1143 3277 1431 3364 partibus
1484 3292 1933 3364 perceperunt,
1966 3297 2229 3365 propter
2272 3279 2625 3344 earundem
2656 3281 2783 3344 de-

471 3365 920 3442 struccionem,
969 3365 1054 3429 ad
1099 3365 1555 3430 monasterium
1606 3365 2115 3432 Dunolmensem
2166 3365 2636 3451 confugienteS,
2686 3367 2775 3431 (le

472 3452 721 3542 pusillis
751 3450 1132 3516 facultatum
1162 3451 1466 3537 reliquiis,
1498 3475 1658 3538 quas
1688 3451 1753 3514 in
1782 3455 2072 3536 partibus
2101 3475 2144 3517 a
2176 3453 2475 3518 Mat-chia
2502 3457 2777 3518 remotis

471 3537 935 3628 aliquantulum
968 3559 1197 3602 manus
1227 3537 1472 3602 hostilis
1504 3561 1635 3603 non
1664 3541 1900 3624 rapuit,
1934 3540 2130 3604 vitam
2160 3562 2515 3626 pauperem
2547 3563 2774 3606 secum

466 3650 586 3716 per
616 3625 816 3692 multa
842 3645 1154 3689 annorum
1187 3624 1507 3690 enrricula
1540 3628 1677 3713 jam
1724 3627 2070 3705 duxerunt,
2102 3641 2243 3692 tum
2274 3627 2427 3714 quia
2452 3649 2777 3713 pauperes

468 3728 534 3782 et
564 3713 675 3780 alii
704 3711 1096 3776 diversarum
1117 3712 1573 3778 condicionum
1594 3711 1731 3792 viri,
1766 3714 1876 3800 qui
1906 3725 2105 3778 terras
2133 3729 2203 3779 et
2232 3737 2454 3780 mansa
2482 3714 2549 3778 in
2578 3715 2777 3779 dictis

466 3799 760 3870 confiniis
811 3799 896 3864 de
945 3797 1434 3886 praesidentibus
1486 3799 1552 3862 in
1612 3799 1798 3864 dictis
1850 3799 2005 3864 locis
2062 3813 2436 3880 tenuerunt,
2492 3823 2775 3890 quorum

465 3894 644 3958 bona
670 3909 786 3976 per
814 3888 1080 3952 eosdem
1117 3885 1374 3952 Scottos
1404 3885 1469 3950 in
1502 3885 1689 3951 dictis
1721 3887 2007 3972 partibus
2034 3901 2185 3953 sunt
2214 3888 2485 3974 direpta,
2520 3891 2589 3952 in
2620 3911 2775 3974 pro-

465 3978 738 4046 fundum
770 3973 1074 4060 egestatis
1102 3973 1326 4059 dilapsi
1356 3995 1478 4060 pro
1508 3995 1807 4038 succursu
1836 3973 2160 4054 habend0,
2192 3975 2418 4041 saltem
2448 3975 2561 4040 tali
2592 3976 2769 4062 quali

469 4069 556 4132 de
585 4063 712 4129 suis
744 4061 976 4128 inediis
1005 4073 1074 4125 et
1105 4060 1428 4147 erumpnis
1458 4061 1545 4126 ad
1572 4083 1680 4125 eas
1710 4061 1945 4148 passim
1976 4065 2334 4141 confluunt,
2368 4076 2436 4128 et
2480 4061 2603 4126 hiis
2632 4063 2773 4128 die-

465 4157 588 4221 bus
612 4149 816 4216 multo
831 4148 1234 4239 frequencius
1266 4161 1595 4224 consuete,
1608 4171 1856 4213 necnon
1882 4164 1948 4214 et
1967 4163 2231 4235 propter
2252 4149 2563 4214 sarcinam
2584 4149 2771 4216 debi-

467 4256 679 4309 torum
726 4258 920 4328 quam
965 4236 1300 4302 occasione
1327 4235 1693 4321 hujusmodi
1734 4236 2250 4303 destruccionum
2278 4251 2767 4318 contraxerunt,

469 4343 546 4396 ut
591 4327 861 4393 adversa
911 4338 1202 4410 tempora
1253 4321 1571 4409 prosperis
1620 4337 2035 4412 coequarent,
2092 4337 2441 4411 sperantes,
2476 4347 2591 4410 per
2640 4325 2765 4390 Dei

471 4411 969 4484 misericordiam
997 4423 1257 4498 tempus
1283 4409 1689 4500 tranquillius
1720 4412 2049 4492 advenire,
2078 4413 2256 4501 quod
2284 4412 2509 4501 utique
2528 4413 2767 4480 diversi
2874 4485 2885 4494 q
