3000 5117
485 420 757 496 cccxlvi
958 443 1176 497 msr.
1215 440 1572 495 nummu.
1612 442 2079 495 semerom-:s
2114 445 2327 499 mss.

482 604 687 669 lentes
717 603 983 689 proinde
1015 605 1284 670 dilectos
1315 603 1496 669 nobis
1531 606 1595 667 in
1648 602 1911 669 Christo
1964 604 2253 670 Priorem
2288 624 2353 675 et
2384 610 2803 681 conventum

482 691 995 758 Dunolmensem
1024 692 1244 757 favore
1274 691 1573 778 prosequi
1604 713 1946 775 generose,
1994 695 2388 780 suscepimus
2434 701 2607 784 ipsos
2658 704 2807 768 Pri-

481 801 661 844 orem
695 792 761 843 et
795 779 1222 857 Conventum,
1255 779 1552 843 homines
1582 797 1650 843 et
1682 777 2031 843 servientes
2060 802 2233 861 SUOS,
2278 806 2533 851 necnon
2567 802 2801 869 terras,

479 878 606 943 res,
655 865 966 945 redditus,
1000 880 1069 932 et
1097 888 1322 931 omnes
1351 864 1779 951 possessiones
1800 887 1971 943 suas,
2014 889 2093 931 ac
2120 868 2295 935 bona
2319 881 2393 935 ‘et
2422 875 2659 941 catalla
2680 902 2807 943 sua

481 972 906 1041 quascumque
926 969 994 1019 et
1027 953 1410 1041 ubicumque
1429 951 1795 1029 existencia,
1820 951 1883 1015 in
1907 954 2409 1038 proteccionem,
2440 962 2801 1029 tuicionem

479 1054 550 1104 et
577 1038 1018 1105 defensionem
1049 1054 1298 1105 nostras
1327 1039 1654 1125 speciales.
1708 1038 1793 1103 Et
1824 1038 1973 1104 ideo
1996 1042 2173 1105 vobis
2194 1045 2593 1127 mandamus,
2617 1052 2807 1138 quod

479 1124 650 1210 ipsos
687 1127 976 1194 Priorem
1007 1142 1075 1193 et
1109 1128 1537 1204 conventum,
1570 1126 1863 1191 homines
1894 1140 1961 1191 et
1988 1128 2335 1196 servientes
2358 1155 2531 1213 suos,
2566 1140 2800 1217 teri-as,

475 1234 606 1292 τρε,
635 1214 944 1293 redditus,
976 1228 1042 1279 et
1071 1236 1291 1279 omues
1335 1212 1761 1298 possessiones
1806 1236 1973 1291 suas,
2017 1236 2095 1279 ac
2124 1216 2295 1283 bona
2323 1234 2392 1285 et
2422 1224 2657 1289 catalla
2676 1249 2807 1291 sua

477 1322 901 1388 quaecumque
935 1301 1318 1389 ubicumque
1357 1299 1731 1379 existencia,
1764 1305 2255 1383 manuteneatis,
2301 1311 2677 1395 protegatiS,
2728 1327 2804 1378 et

478 1388 880 1465 defendatis3
910 1411 1040 1453 non
1071 1388 1418 1453 inferentes
1447 1388 1567 1466 eis,
1600 1387 1729 1466 vel,
1760 1403 2069 1473 quantum
2094 1388 2158 1454 iu
2184 1392 2365 1457 vobis
2386 1411 2508 1475 est,
2536 1400 2621 1465 ab
2649 1400 2800 1464 aliis

477 1472 698 1540 inferri
729 1475 1173 1561 permittentes
1205 1475 1523 1559 injuriam,
1570 1474 1947 1553 molestiam,
1980 1476 2355 1563 dampnum,
2390 1484 2799 1565 violenciam,

475 1562 1006 1648 impedimentum
1037 1562 1320 1662 aliquod,
1350 1584 1458 1627 seu
1489 1583 1882 1646 gravamen3
1912 1577 1979 1626 et
2010 1562 2062 1627 si
2093 1564 2250 1652 quid
2282 1568 2375 1633 eis
2422 1571 2524 1636 vel
2566 1596 2803 1639 eorum

475 1649 666 1714 alicui
697 1650 1090 1716 forisfactum
1121 1671 1253 1715 sive
1283 1648 1659 1734 injuriatum
1688 1648 1902 1727 suerit,
1928 1648 1997 1713 id
2026 1650 2117 1715 eis
2147 1654 2283 1719 sine
2330 1653 2649 1725 dilacione
2678 1661 2800 1727 de-

475 1735 610 1801 bite
641 1738 870 1822 corrigi
903 1754 972 1803 et
1001 1736 1332 1803 reformari
1352 1736 1624 1805 faciatiS.
1704 1735 2023 1801 Nolumus
2042 1738 2211 1803 enim
2242 1742 2419 1827 quod
2447 1746 2531 1810 de
2559 1746 2801 1827 bladis,

475 1822 686 1901 soenis‚
747 1826 948 1911 equis,
997 1824 1284 1901 carectis,
1330 1823 1643 1908 cariagiis,
1693 1824 1921 1901 bobus,
1972 1828 2203 1905 vaccis,
2252 1830 2489 1914 porcis,
2537 1835 2797 1916 ovibus,

475 1924 590 1975 ant
617 1910 754 1975 aliis
783 1910 1182 1988 animalibus,
1217 1912 1404 1977 bonis
1445 1934 1555 1975 seu
1582 1910 1847 1989 catallis,
1880 1911 2163 1995 ipsorum
2200 1914 2461 1997 Prioris,
2500 1920 2797 1987 ubicum-

474 2018 600 2082 que
631 1998 752 2062 sub
779 1999 1074 2064 custodia
1097 2019 1214 2062 sua
1243 2010 1356 2062 a-ut
1380 1998 1761 2062 ballivorum
1812 2020 1923 2062 seu
1954 1998 2283 2065 hominum
2321 2005 2425 2069 vel
2455 2008 2803 2075 servienti-

475 2106 584 2147 um
613 2106 874 2149 suorum
905 2087 1172 2149 inventa
1211 2084 1468 2162 fuerint,
1504 2096 1731 2150 contra
1754 2084 2146 2151 voluntatem
2178 2110 2361 2153 snam
2414 2116 2524 2159 seu
2579 2094 2801 2161 homi-

475 2192 628 2234 num
653 2171 750 2235 vel
777 2173 1184 2237 servientium
1212 2169 1671 2256 praedictorum
1704 2171 1788 2235 ad
1806 2194 1969 2257 opus
2002 2187 2315 2256 nostrum,
2348 2194 2461 2244 aut
2490 2181 2827 2263 aliorum‚‘

472 2278 592 2343 per
621 2258 887 2323 ballivos
939 2281 1053 2323 seu
1105 2256 1430 2323 ministros
1483 2272 1758 2337 nostros,
1820 2273 1935 2324 aut
1986 2260 2247 2327 alterius
2300 2268 2797 2357 cujuscumque,

469 2344 812 2432 quicquam
841 2345 1156 2432 capiatur.
1252 2344 1326 2409 ln
1357 2343 1539 2429 cujus
1562 2346 1657 2409 rei
1682 2345 2119 2411 testimonium
2150 2348 2265 2415 has
2294 2350 2511 2420 literas
2534 2372 2797 2423 nostras

469 2432 613 2497 fieri
659 2431 922 2498 fecimus
953 2444 1266 2519 patentes,
1300 2452 1415 2516 per
1465 2446 1715 2517 septem
1746 2454 1947 2498 annos
1979 2434 2335 2507 duraturas.
2430 2441 2633 2507 Teste
2681 2466 2797 2511 me

473 2518 636 2605 ipsc,
671 2520 846 2608 apud
877 2520 1302 2599 Dunolmum,
1353 2540 1533 2585 xxm
1586 2519 1847 2605 Aprilis,
1894 2540 2064 2587 anno
2094 2525 2273 2609 regui
2319 2530 2521 2593 nostri
2550 2530 2793 2616 primo,

473 2606 707 2695 Bagot.

691 3024 884 3070 chx.
963 3022 1218 3069 LITERA
1263 3022 1793 3067 TEsTnuomAms
1840 3020 2062 3065 summ
2112 3020 2551 3067 RECEPCIONR

1111 3111 1270 3155 von
1317 3110 1565 3155 AmclAE
1608 3108 2105 3157 SWELYNGTON.

1192 3250 1351 3320 [aeg.
1373 3250 1485 3302 111.
1512 3250 1667 3303 rm.
1688 3248 1780 3303 foi.
1808 3250 1925 3306 ιιι.
1946 3250 2025 3314 ιι]

560 3392 896 3463 Universis
946 3391 1186 3458 Christi
1233 3391 1530 3456 fidelibus
1577 3402 1923 3477 praesentes
1967 3390 2181 3456 literas
2227 3389 2323 3453 ins
2372 3386 2624 3467 ecturis,
2655 3390 2783 3455 Jo-

465 3484 732 3559 liannes,
786 3479 1200 3566 permissione
1255 3478 1499 3543 Divina
1557 3478 1741 3543 Prior
1786 3476 2074 3543 ecclesioe
2104 3477 2295 3542 cathe
2376 3476 2491 3540 alis
2524 3474 2783 3541 Dunel-

464 3571 724 3646 mensis,
759 3567 1030 3633 salutem
1072 3565 1140 3629 in
1186 3579 1449 3631 auctore
1481 3565 1724 3643 salutis,
1758 3578 1829 3631 et
1854 3564 2052 3630 fidem
2083 3564 2411 3630 indubiam
2444 3564 2783 3648 praesenti-

463 3658 586 3723 bus
645 3654 971 3721 adhibere.
1095 3652 1370 3717 Noverit
1429 3652 1804 3718 universitas
1863 3666 2077 3717 vestra
2134 3674 2250 3715 nos
2309 3649 2779 3715 commissionis

461 3744 681 3811 literas
711 3739 1088 3809 venerabilis
1119 3753 1184 3805 et
1213 3738 1662 3826 circumspecti
1693 3739 1832 3818 viri,
1859 3738 2143 3826 magistri
2166 3738 2479 3805 Johannis
2496 3736 2778 3816 Lilford,

459 3834 679 3921 legum
731 3828 1034 3905 doctoris,
1083 3827 1416 3893 reverendi
1462 3828 1529 3891 in
1588 3826 1851 3893 Christo
1893 3825 2095 3912 patris
2138 3840 2206 3891 et
2250 3823 2495 3889 domini
2525 3824 2779 3889 domini

463 3916 810 3989 Laurencii
857 3913 1272 4003 permissione
1319 3913 1563 3980 Divina
1594 3914 2049 3979 Dunelmensis
2078 3912 2382 3999 episcopi,
2412 3912 2477 3975 in
2506 3912 2782 3977 remotis

465 4008 733 4094 agentis,
795 4002 1012 4073 vicarii
1057 4002 1122 4068 in
1169 4002 1603 4089 spiritualibus
1660 4000 2000 4086 generalis,
2034 4002 2157 4067 sub
2200 4022 2283 4065 eo
2326 3999 2437 4088 qui
2482 3999 2783 4086 sequitur

460 4111 686 4162 tenore
717 4092 1062 4159 verborum
1091 4090 1347 4156 noviter
1375 4089 1711 4176 recepisse.

547 4179 918 4253 Venerabili
950 4178 1016 4243 in
1055 4178 1311 4243 Christo
1341 4178 1507 4264 patri
1538 4192 1607 4244 et
1634 4176 1897 4242 domino
1926 4174 2197 4242 domino
2216 4172 2529 4251 Johanni,
2558 4172 2779 4238 Priori

459 4268 747 4335 ecclesiae
777 4266 1158 4333 cathedralis
1187 4264 1664 4345 DunelmensiS,
1696 4264 2027 4330 Johannes
2067 4260 2319 4327 Lilford
2362 4262 2582 4346 legum
2613 4260 2777 4326 doc·-

459 4372 580 4434 tor,
641 4354 974 4421 reverendi
1021 4354 1084 4417 in
1133 4354 1390 4419 Christo
1451 4352 1648 4440 patris
1709 4366 1775 4417 et
1832 4350 2077 4416 domini
2126 4348 2370 4414 domini
2420 4347 2771 4415 Laui-cneii

457 4443 869 4531 permissione
915 4441 1132 4507 divina
1178 4441 1461 4529 episcopi
1527 4439 1981 4507 Dunelmensis
2042 4438 2293 4526 agentis
2354 4437 2419 4501 in
2478 4437 2766 4513 remotis,
