3000 5117
533 487 752 565 clxxii
906 588 915 593 ῃ
1006 512 1206 565 Ηιετ.
1245 514 1599 569 nunaut.
1640 516 2101 571 scmrroaas
2135 520 2344 573 rans

707 975 877 1023 CLU.
930 973 1185 1018 umus
1251 971 1705 1018 sonomTA‘rls
1766 972 2059 1018 DOMINAE
2119 975 2471 1022 JOHANNAE
2534 980 2657 1025 RB-

845 1062 1066 1107 mcvi:
1097 1060 1356 1106 Donum
1391 1060 1680 1105 mcum!
1715 1060 1805 1103 DE
1838 1061 2185 1107 BYNGHAM
2216 1062 2507 1114 Mlm'rIS.

1387 1175 1549 1247 [RQ.
1572 1153 1653 1229 Π.
1674 1176 1714 1228 ε
1739 1179 1857 1227 sos.
1882 1178 1965 1247 b.]

617 1298 939 1365 Noverint
1001 1294 1301 1373 universi,
1361 1308 1713 1379 proesentes
1774 1294 1985 1360 literas
2044 1296 2414 1383 inspecturi,
2478 1300 2653 1387 quod
2722 1324 2843 1366 nos

522 1388 852 1456 Johannes
905 1383 1092 1450 Prior
1135 1381 1422 1447 ecclesiae
1454 1381 1909 1446 Dunelmensis
1954 1394 2020 1447 et
2050 1384 2334 1469 ejusdem
2366 1386 2494 1451 loci
2528 1390 2847 1453 Conven-

527 1488 655 1554 tus,
705 1474 844 1541 zelo
885 1471 1040 1537 fidei
1083 1482 1149 1536 et
1190 1470 1444 1535 fervore
1488 1468 1855 1534 devocionis
1886 1471 2117 1535 nobilis
2147 1483 2214 1537 et
2246 1472 2396 1539 Deo
2424 1474 2687 1540 devotae
2720 1477 2847 1542 do·

525 1564 741 1640 minae,
773 1558 1052 1625 dominae
1101 1557 1423 1623 Johannae
1471 1555 1715 1621 relictae
1766 1556 2009 1622 domini
2040 1559 2309 1625 Ricardi
2362 1562 2447 1627 de
2488 1562 2845 1650 Byngham

519 1650 744 1715 militis
797 1646 1028 1713 merito
1075 1644 1360 1722 excitati,
1415 1644 1686 1732 ejusque
1738 1644 2119 1711 salutaribus
2172 1647 2503 1714 desideriis
2554 1652 2843 1729 accensi,

524 1737 644 1823 piis
673 1733 1099 1823 peticionibus
1128 1730 1464 1796 annuimus
1491 1732 1691 1818 pleno
1720 1732 1916 1797 conde
1942 1756 1960 1809 ;
2007 1746 2096 1813 et,
2130 1746 2206 1799 ut
2234 1736 2605 1801 devocionis
2636 1738 2846 1824 ipsius

519 1825 789 1891 affectus
824 1820 1098 1908 amplius
1127 1818 1450 1885 excitetur
1477 1821 1562 1884 ad
1592 1818 1915 1905 religionis
1944 1824 2356 1889 commodum
2402 1838 2470 1889 et
2511 1824 2846 1891 honorem

519 1936 652 2001 quo
681 1934 751 1977 se
773 1909 1005 1977 viderit
1035 1907 1346 1992 suffragiis
1373 1907 1809 1992 spiritualibus
1839 1907 2189 1992 graciosius
2219 1914 2564 1996 preveniri,
2592 1914 2847 1979 admit·

519 2002 716 2066 timus
759 2020 902 2064 eam
955 1996 1280 2097 perpetuis
1325 1994 1743 2081 temporibus,
1778 1996 2077 2082 quatinus
2122 1997 2184 2061 in
2214 1999 2401 2064 nobis
2431 2016 2549 2077 est,
2583 2001 2668 2065 ad
2700 2002 2845 2088 spi-

519 2086 751 2153 rituale
801 2086 1208 2173 participium
1261 2082 1551 2153 omnium
1602 2083 1922 2147 bonorum
1969 2084 2421 2169 spiritualium,
2452 2110 2603 2174 quoe
2632 2090 2838 2167 fiunt,

520 2187 632 2241 aut
680 2174 864 2253 fient,
897 2172 962 2237 in
1015 2170 1286 2236 ecclesia
1315 2170 1743 2235 Dunelmcnsi
1796 2184 1864 2235 et
1906 2169 1968 2235 in
2000 2173 2301 2237 omnibus
2332 2173 2491 2239 locis
2524 2190 2593 2239 et
2624 2177 2843 2241 Cellis

521 2260 733 2329 eidem
781 2261 1072 2326 ecclesiae
1123 2257 1468 2344 subJectis3
1515 2278 1877 2344 nomenque
1925 2258 2085 2342 ejus.
2137 2274 2203 2325 et
2246 2283 2485 2325 nomen
2518 2263 2673 2327 dicti
2708 2266 2843 2330 do·-

517 2349 678 2415 mini
715 2347 996 2426 Ricardi,
1029 2346 1096 2410 in
1127 2343 1494 2433 martilogio
1539 2359 1758 2408 nostro
1789 2346 2213 2424 inseruimus3
2259 2348 2713 2433 promittentes
2761 2366 2841 2417 et

512 2458 912 2504 successores
945 2448 1202 2499 nostros
1230 2454 1350 2518 pro
1379 2430 1621 2495 eisdem
1652 2432 1866 2497 facere
1896 2432 2079 2497 annis
2108 2434 2372 2519 singulis
2401 2435 2641 2501 futuris
2666 2462 2833 2503 con-

515 2540 699 2591 sueta
751 2521 1174 2589 devocionum
1221 2531 1284 2584 et
1331 2517 1705 2583 oracionum
1751 2520 2069 2604 suffragiis
2107 2522 2288 2610 [ita]‚
2336 2545 2485 2610 quoe
2531 2546 2651 2609 pro
2684 2527 2835 2593 aliis

513 2610 1032 2677 benefactoribus
1054 2606 1285 2672 nostris
1314 2604 1527 2670 facere
1556 2607 2002 2671 consuevimus
2033 2610 2429 2694 temporibus
2458 2615 2833 2680 retroactis.

517 2700 597 2765 In
627 2702 807 2785 cujus
838 2697 929 2762 rei
960 2693 1396 2761 testimonium
1425 2692 1707 2777 sigillum
1738 2714 2084 2760 commune
2120 2696 2406 2783 Capituli
2440 2700 2642 2764 nostri
2676 2724 2833 2787 pre-

513 2786 803 2851 sentibus
847 2798 944 2849 est
986 2802 1363 2869 appensum.
1459 2780 1635 2845 Data
1666 2780 1992 2861 Dunelmi,
2028 2781 2092 2846 in
2138 2784 2335 2849 domo
2376 2799 2601 2852 nostra
2651 2791 2832 2875 capi-

511 2874 726 2951 tulari,
760 2893 809 2936 x
858 2871 964 2936 die
1017 2868 1249 2936 mensis
1300 2867 1498 2947 Junii,
1532 2890 1703 2933 anno
1754 2868 2026 2936 Domini
2074 2871 2412 2938 millesimo
2454 2894 2584 2939 cce
2620 2898 2831 2943 nono-

510 2962 755 3049 gesimo
784 2959 1090 3028 secundo.

691 3328 882 3375 cun.
960 3324 1196 3370 numm
1255 3322 1619 3369 Bomrscn
1680 3322 1860 3369 NON!
1924 3324 2260 3371 CONCBSSA
2319 3326 2644 3375 JoHANN1

693 3410 1302 3459 HEMMYNGBURGH
1354 3412 1440 3454 AD
1495 3410 1915 3456 ELIGENDUM
1962 3412 2101 3458 SIBI
2136 3412 2641 3461 conrnssonm!

693 3504 780 3546 AD
814 3498 1326 3544 ABSOLVENDUM
1361 3496 1573 3542 IPSUM
1608 3498 1682 3542 m
1716 3498 1974 3544 MORTIS
2007 3498 2383 3548 Anwtcnho.
2424 3549 2431 3559 ,

1375 3615 1545 3682 [cm
1575 3616 1691 3668 111.
1714 3614 1753 3667 f.
1781 3618 1931 3687 lea]

603 3735 977 3809 Bonifacius
1029 3732 1408 3820 EpiscopuS‚
1451 3754 1673 3797 servus
1714 3756 2041 3799 servorum
2079 3735 2223 3815 Dei,
2257 3735 2498 3802 dilecto
2528 3736 2669 3803 filio
2700 3740 2823 3805 Jo-

511 3828 712 3899 hanni
741 3826 824 3892 de
849 3821 1446 3973 Hemmgngborgh,
1477 3820 1685 3892 Priori
1714 3822 2004 3888 ecclesiae
2024 3823 2507 3902 DunelmensiS,
2534 3826 2817 3891 salutem

511 3936 579 3987 et
623 3912 1038 4003 apostolicam
1134 3906 1629 3977 enediccionem.
1754 3909 2063 3975 Provenit
2115 3932 2201 3975 ex
2254 3925 2387 3975 tuoe
2438 3912 2819 3979 devocionis

506 4008 765 4082 affectu,
797 4024 926 4089 quo
956 4020 1074 4064 nos
1103 4011 1170 4062 et
1195 3996 1555 4061 Romanam
1587 3996 1925 4061 ecclesiam
1966 4000 2300 4077 revereriS,
2352 4014 2423 4063 ut
2452 4000 2820 4085 peticiones

509 4112 676 4171 tuas,
733 4090 872 4155 illas
920 4086 1294 4173 praesertim,
1351 4106 1497 4169 quae
1551 4082 1781 4148 animae
1833 4099 1963 4149 tuae
2000 4084 2269 4149 salutem
2310 4086 2683 4172 respiciunt,
2727 4090 2815 4155 ad

507 4176 951 4249 exaudicionis
979 4173 1260 4262 graciam
1291 4170 1725 4238 admittamus.
1828 4170 2004 4237 Hinc
2024 4174 2309 4259 estquod
2342 4195 2477 4251 ηοε,
2513 4174 2639 4238 tuis
2662 4198 2819 4261 sup-

509 4264 970 4358 plicacionibus
999 4254 1328 4335 inclinati,
1384 4272 1456 4323 ut
1493 4259 1819 4324 confessor
1850 4272 2018 4339 tuus,
2053 4282 2245 4346 quem
2276 4260 2537 4325 duxeris
2567 4260 2816 4351 eligen-

510 4360 690 4432 dum,
723 4351 1004 4417 omnium
1035 4360 1446 4433 peccatorum
1480 4362 1759 4426 tuorum,
1795 4346 1877 4411 de
1906 4348 2138 4435 quibus
2169 4347 2363 4413 corde
2395 4348 2710 4413 contritus
2742 4364 2813 4415 et

507 4468 622 4512 ore
671 4438 991 4506 confessus
1027 4433 1243 4512 fueris,
1297 4433 1493 4498 semel
1547 4447 1821 4511 tantum,
1856 4434 1921 4498 in
1976 4434 2197 4500 mortis
2248 4434 2520 4501 articulo
2551 4436 2811 4521 plenam

509 4529 948 4600 remissionem
1000 4522 1142 4604 tibi,
1198 4522 1262 4586 in
1310 4520 1679 4601 sinceritate
1731 4520 1903 4603 fidei,
1940 4522 2183 4588 unitate
2214 4537 2454 4589 sanctae
2488 4524 2811 4590 Romame
