3000 5117
712 413 1135 465 Arrsnmx.
1190 414 1373 467 ANN.
1413 416 2014 471 Mccccxxxvm.
2225 386 2242 397 ,
2348 396 2502 473 cclv

211 595 415 647 tamen
442 578 509 643 in
540 586 987 662 contemptum
1020 576 1315 655 clavium,
1347 577 1828 664 quomodolibet
1877 576 2342 659 contraxerint,
2373 578 2506 644 dis-

208 687 489 755 pensare,
522 686 903 751 omnemque
934 663 1347 729 inhabilitatis
1378 679 1448 729 et
1474 664 1758 729 infamiae
1787 666 2106 733 maculam
2123 665 2256 733 sive
2280 679 2502 733 notam

184 756 316 841 'per
344 754 507 838 ipsos
538 765 605 816 et
636 750 917 835 ipsorum
947 752 1302 838 quemlibet
1346 750 1820 837 praemissorum
1853 753 2192 820 occasione
2211 766 2506 819 contrac-

210 857 333 906 tam
364 838 617 925 penitus
648 838 908 903 abolere
942 838 1155 905 valeas
1183 860 1297 904 seu
1340 837 1618 917 valeant,
1650 839 1986 905 devocioni
2019 853 2248 907 vestroe
2279 855 2506 909 tenore

209 927 617 1015 praesentium
648 924 1075 1010 indulgemus,
1134 924 1449 990 Volumus
1476 937 1697 991 autem
1723 926 1898 1013 quod
1922 927 2124 1016 siqua
2144 928 2506 995 satisfaccio

209 1013 515 1101 aliquibus
584 1012 871 1098 personis
935 1011 1271 1077 occasione
1330 1013 1619 1077 incursus
1669 1014 2160 1094 sentenciarum,
2213 1037 2511 1083 censura·

212 1123 373 1177 rum,
418 1113 489 1165 et
554 1121 889 1185 poeuarum
962 1097 1329 1184 hujusmodi
1392 1099 1492 1164 vel
1545 1098 1812 1184 alicujus
1855 1100 2134 1186 ipsarum
2177 1124 2294 1188 per
2335 1104 2508 1190 ipsos

210 1187 559 1276 religioSOS,
642 1200 757 1251 aut
834 1185 1119 1271 ipsorum
1202 1185 1504 1273 aliquem,
1593 1186 2028 1273 impendenda
2110 1189 2324 1268 fuerit,
2402 1190 2512 1259 illa

212 1275 372 1341 infra
412 1284 661 1339 certum
705 1274 1207 1358 peremptorium
1238 1272 1582 1337 terminum
1614 1287 2088 1360 competentem
2117 1298 2234 1363 per
2265 1290 2330 1343 te
2361 1276 2514 1363 ipsis

209 1363 309 1427 vel
353 1362 639 1446 ipsorum
686 1360 871 1425 alteri
902 1358 1393 1448 praefigendum,
1431 1380 1549 1445 per
1576 1360 1753 1446 ipsos
1779 1375 1896 1428 aut
1926 1361 2206 1449 ipsorum
2235 1364 2512 1433 alterum

210 1449 332 1514 rite
380 1449 520 1515 fiat.
636 1446 967 1535 Alioquin,
1024 1446 1299 1511 termino
1350 1448 1493 1532 ipso
1543 1446 1834 1526 defluxo,
1889 1466 1957 1515 et
2009 1450 2140 1517 alio
2197 1450 2512 1537 religiosis

210 1531 579 1620 hujusmodi
622 1556 815 1619 super
859 1533 984 1599 hoc
1012 1556 1145 1599 non
1176 1534 1570 1623 suffragante
1593 1534 1922 1615 canonico,
1955 1537 2020 1601 in
2043 1537 2339 1623 pristinas
2369 1560 2515 1603 sen-

212 1625 460 1700 tentias,
514 1643 833 1699 censuras,
880 1634 949 1685 et
971 1642 1195 1706 poenas
1222 1621 1511 1706 relapsos
1543 1645 1612 1687 se
1641 1622 1940 1687 noverint
1967 1647 2052 1689 eo
2079 1624 2239 1709 ipsc.
2332 1624 2515 1693 Nulli

210 1732 362 1796 ergo
407 1707 681 1773 omnino
711 1707 1045 1772 hominum
1070 1706 1267 1795 liceat
1295 1707 1461 1773 hanc
1494 1708 1789 1797 paginam
1823 1722 2064 1776 nostroe
2092 1711 2514 1777 concessionis

211 1809 277 1861 et
322 1794 673 1860 voluntatis
733 1794 1095 1879 infringere,
1149 1795 1251 1859 vel
1304 1793 1362 1858 ei
1416 1816 1574 1859 ausu
1620 1796 1962 1861 temerario
2006 1798 2346 1867 contraire.
2443 1797 2514 1864 Si

214 1883 347 1969 quis
394 1898 617 1946 autem
663 1880 787 1945 hoc
816 1893 1205 1965 attemptare
1234 1882 1732 1966 praesumpserit,
1766 1882 2284 1967 indignacionem
2315 1886 2519 1949 omni-

211 1970 493 2055 potentis
553 1967 682 2033 Dei
734 1980 801 2032 et
846 1969 1185 2033 beatorum
1236 1968 1415 2033 Petri
1451 1981 1521 2032 et
1556 1969 1758 2047 Pauli,
1792 1971 2226 2054 apostolorum
2257 1974 2412 2049 eus,
2443 1992 2516 2036 se

214 2056 463 2121 noverit
494 2052 921 2119 incursurum.
1014 2054 1190 2119 Data
1224 2054 1276 2119 F
1277 2055 1559 2134 errariae,
1591 2078 1764 2120 anno
1793 2056 2256 2123 incarnacionis
2403 2058 2525 2121 mi·

212 2142 375 2205 nicae
423 2164 513 2206 Mo
568 2140 1197 2228 quadringentesimo
1249 2142 1570 2207 tricesimo
1617 2158 1874 2224 octavo,
1929 2158 2160 2212 octavo
2213 2145 2516 2212 kalendas

217 2228 399 2309 Maii,
430 2228 857 2317 pontificatus
888 2227 1085 2293 nostri
1116 2250 1286 2293 anno
1316 2242 1569 2295 octavo·

380 2712 653 2758 ccxvn.
698 2712 924 2755 rmus
956 2711 1209 2755 ernnA
1232 2712 1431 2758 mssA
1462 2715 1792 2764 nonna-ro
1833 2718 2164 2767 nrrscoro
2214 2722 2342 2767 nu-

657 2798 1016 2844 nnamensr
1051 2800 1221 2843 ros-r
1252 2800 1435 2845 susm
1469 2804 2078 2851 ros-rumoronau.

966 2943 1128 3011 [Reg.
1151 2942 1228 2993 11.
1251 2940 1405 2993 Parv.
1424 2940 1499 2993 fol
1541 2945 1654 2995 lu.
1675 2944 1756 3011 b.]

296 3084 877 3151 Reverendissime
908 3083 974 3149 in
1002 3083 1261 3149 Christo
1282 3098 1470 3169 pater
1488 3107 1564 3149 ac
1589 3084 1848 3151 domine
1877 3087 1963 3153 mi
1994 3089 2514 3177 singularissime,

208 3173 547 3259 praemissa
586 3171 1231 3237 recommendacione
1262 3172 1596 3253 humiIIma
1623 3195 1770 3238 cum
1803 3176 1978 3239 omui
2007 3182 2514 3266 promptitudine

203 3260 573 3348 subjectiva
602 3258 1003 3324 obedienciae
1034 3272 1099 3323 et
1128 3257 1408 3324 honoris.
1499 3258 1607 3325 De
1637 3276 1848 3326 vestra
1875 3265 2340 3348 graciosissima
2369 3293 2516 3356 pro-

208 3348 511 3413 mocione
537 3347 886 3413 vehemens
911 3344 1077 3410 inest
1105 3348 1307 3410 menti
1337 3368 1499 3410 meae
1532 3348 1802 3413 materia
1830 3350 2080 3419 laeticiae
2109 3370 2175 3421 et
2205 3358 2518 3425 exultaci-

202 3439 369 3513 onis,
403 3457 685 3520 sperans
716 3432 1133 3498 infallibiliter
1160 3433 1334 3520 quod
1380 3432 1653 3500 ecclesia
1682 3436 2160 3521 Dunelmensia
2193 3457 2262 3508 et
2289 3468 2518 3513 omnes

206 3536 424 3605 partes
476 3520 975 3605 circumpositae,
1009 3542 1133 3606 ope
1177 3534 1411 3585 vestrae
1453 3520 1918 3604 sollicitudinis,
1949 3531 2393 3614 prosperitatis
2445 3550 2518 3599 et

204 3610 382 3693 pacis
432 3607 880 3693 pulcritudine
933 3606 1189 3673 uberius
1231 3608 1666 3686 reflorebunt3
1713 3632 1833 3695 pro
1877 3637 1956 3679 eo
1999 3619 2174 3703 quod
2220 3641 2355 3699 vos,
2404 3622 2518 3706 qui

204 3695 357 3759 estis
404 3696 729 3778 indigena
770 3694 1121 3760 beatissimi
1158 3694 1562 3760 confessoris
1599 3697 1966 3779 Cuthberti,
2013 3708 2272 3788 patroni
2317 3710 2516 3775 vestri

202 3804 276 3845 ac
326 3785 565 3859 nostri,
622 3780 801 3845 velut
846 3804 1039 3866 super
1088 3782 1295 3847 solum
1343 3782 1628 3869 ejusdem
1678 3786 2010 3871 proprium
2068 3812 2154 3855 ex
2211 3797 2516 3861 maternis

204 3869 568 3934 visceribus
602 3868 867 3947 effusus,
898 3892 977 3933 as:
1006 3866 1206 3933 eciam
1244 3868 1574 3949 educatus,
1607 3872 1710 3936 cui
1757 3874 1960 3939 eciam
2006 3900 2232 3943 omnes
2275 3880 2518 3949 domini

203 3969 270 4022 et
300 3957 593 4042 majores
628 3967 782 4019 natu
812 3954 1001 4042 hujus
1028 3955 1257 4041 patriae
1285 3979 1524 4040 genere
1569 3973 1715 4023 sunt
1757 3960 2118 4048 propinqui,
2153 3966 2236 4029 ad
2267 3971 2516 4053 apicem

202 4044 605 4126 pastoralem
654 4040 913 4121 ibidem,
948 4058 1335 4127 procurante
1376 4044 1618 4109 Divina
1656 4045 2156 4131 dispensacione,
2199 4054 2520 4141 attingere

202 4130 557 4197 meruistis,
634 4129 960 4194 Caeterum
994 4143 1225 4194 vestrae
1254 4129 1618 4195 recolendae
1643 4132 2102 4201 dominacionis
2129 4140 2514 4226 celsitudini,

204 4230 335 4282 tam
378 4241 506 4303 pro
544 4216 878 4281 immensis
907 4215 1425 4301 gratitudinibus,
1458 4238 1650 4318 quam
1683 4219 1884 4285 eciam
1914 4224 2216 4306 graciosis
2245 4232 2522 4299 auxilio·

204 4325 343 4369 rum
393 4302 755 4380 favoribua
796 4304 950 4369 mihi
994 4326 1035 4369 a
1079 4321 1291 4370 vestra
1334 4306 1784 4373 dominacione
1829 4308 2154 4395 impensiS,
2188 4314 2410 4385 laudes
2451 4336 2522 4387 et

196 4395 576 4475 graciarum
638 4390 952 4471 accioneS,
1001 4414 1158 4479 quas
1208 4393 1409 4473 valen,
1447 4393 1609 4459 duxi
1659 4394 2062 4475 referendas3
2117 4416 2183 4468 et
2228 4404 2294 4469 id
2344 4410 2520 4494 quod
