3000 5117
457 387 769 463 CCXXXiV
996 408 1205 458 HIST.
1247 405 1605 457 DUNELM.
1647 406 2114 458 SCRIPTORES
2149 410 2360 460 TRES.

458 571 707 659 quietas
738 568 999 634 omnino
1027 569 1451 653 imperpetum
1476 592 1517 633 a
1546 590 1648 633 me
1681 580 1748 633 et
1779 570 2078 633 omnibus
2107 572 2578 637 successoribus
2611 578 2766 640 meis

458 661 542 723 ab
593 658 910 734 omnibuS,
958 678 1103 742 quae
1152 656 1236 720 ad
1288 678 1391 720 me
1439 656 1536 720 vel
1587 657 1672 720 ad
1717 678 2113 720 successores
2173 680 2346 723 meos
2405 663 2765 744 pertinent.

467 745 687 820 Quare
718 743 865 808 volo
912 758 977 807 et
1025 742 1312 827 precipio
1354 757 1427 806 ut
1457 765 1683 807 omnes
1729 743 2030 807 ecclesias
2083 767 2230 809 suas
2283 748 2348 807 in
2395 769 2593 811 manu
2651 772 2766 815 sua

455 845 743 908 teneant,
798 844 865 895 et
912 831 1129 915 quiete
1180 852 1288 895 eas
1335 829 1722 915 possideant,
1759 844 1825 894 et
1861 831 2125 895 vicarios
2157 854 2306 896 suos
2339 833 2402 896 in
2435 834 2529 897 eis
2563 835 2766 902 libere

452 932 742 1007 ponant3
788 918 899 1003 qui
928 916 1081 980 mihi
1130 930 1199 981 et
1246 918 1400 981 meis
1452 918 1922 983 successoribus
1967 918 2050 983 de
2078 942 2234 983 cura
2265 933 2519 984 tantum
2555 923 2764 987 inten-

452 1006 613 1070 dant
656 1004 1006 1071 animarum
1031 1027 1048 1079 3
1094 1002 1245 1088 ipsis
1278 1026 1431 1069 vero
1460 1004 1544 1067 de
1577 1005 1874 1069 omnibus
1903 1004 2130 1069 ceteris
2160 1006 2492 1071 beneficiis
2521 1010 2765 1075 elemo-

456 1091 760 1157 sinarum.
857 1092 1163 1156 Concedo
1213 1092 1492 1175 insuper,
1556 1093 1894 1169 confirmo,
1958 1106 2026 1156 et
2083 1094 2412 1177 praecipio,
2477 1108 2576 1173 ut,
2629 1112 2762 1161 tam

452 1179 598 1265 ipsi,
649 1200 841 1266 quam
894 1178 1177 1263 ipsorum
1230 1178 1465 1256 vicarii,
1524 1178 1706 1243 liberi
1757 1192 1822 1242 et
1873 1179 2074 1264 quieti
2121 1182 2600 1266 imperpetuum
2635 1184 2764 1249 sint

449 1268 535 1331 ab
571 1266 745 1330 omni
795 1265 1049 1330 redditu
1096 1264 1387 1342 sinodali,
1421 1278 1487 1329 et
1519 1265 1599 1328 ab
1645 1266 1941 1329 omnibus
1974 1266 2248 1345 auxiliiS,
2281 1269 2760 1350 gravaminibus

449 1354 553 1417 vel
585 1352 961 1429 redditibus,
995 1351 1448 1418 exaccionibus
1496 1352 1594 1416 vel
1625 1352 1946 1437 hospiciiS,
1981 1366 2113 1417 tam
2145 1376 2184 1418 a
2213 1376 2316 1418 me
2347 1377 2544 1440 quam
2577 1378 2619 1421 a
2649 1358 2762 1422 de-

446 1440 644 1517 cauiS,
678 1439 1159 1516 archidiaconiS,
1194 1440 1295 1503 vel
1326 1438 1623 1504 omnibus
1647 1452 2007 1503 nostrorum
2034 1440 2282 1504 vicariis
2303 1443 2407 1506 vel
2430 1442 2758 1510 ministris.

452 1528 589 1594 Sub
636 1527 1043 1591 anathemate
1097 1526 1301 1590 eciam
1352 1526 1668 1611 prohibeo
1719 1548 1803 1590 ne
1851 1526 2081 1613 aliquis
2129 1528 2397 1592 ulterius
2445 1531 2626 1613 ipsos
2661 1533 2758 1595 vel

448 1636 669 1679 eorum
698 1612 960 1677 clericos
990 1612 1205 1698 aliqua
1232 1614 1351 1677 sub
1381 1612 1716 1677 occasione
1746 1613 1994 1697 fatiget,
2047 1614 2146 1679 vel
2169 1617 2248 1679 ad
2277 1616 2506 1681 sinoda
2537 1618 2644 1681 vel
2677 1620 2760 1683 ad

446 1699 729 1787 capitula
758 1702 873 1776 ire,
906 1699 1024 1762 nisi
1058 1698 1255 1763 velint
1286 1713 1538 1783 sponte,
1569 1700 1934 1785 compellat.
2027 1702 2160 1765 Sed
2193 1704 2242 1765 si
2269 1704 2408 1789 quis
2434 1726 2595 1786 erga
2624 1728 2755 1782 eOS,

450 1788 547 1851 vel
598 1810 763 1863 suos,
818 1786 1094 1885 aliquam
1141 1787 1465 1873 querelam
1500 1786 1745 1864 habuit,
1779 1787 1861 1851 ad
1892 1786 2134 1852 curiam
2165 1792 2371 1853 sancti
2403 1791 2755 1857 Cuthberti

447 1873 759 1940 Dunelmi
792 1887 1022 1950 vemat,
1068 1887 1138 1937 ut
1192 1873 1280 1937 ibi
1326 1873 1580 1959 qualem
1611 1874 1908 1938 debuerit
1938 1875 2392 1939 rectitudinem
2416 1877 2755 1962 percipiat.

448 1960 697 2025 Omnes
748 1958 917 2024 enim
968 1959 1290 2025 libertates
1339 1973 1406 2024 et
1452 1960 1818 2044 dignitateS,
1851 1984 2008 2047 quas
2040 1984 2165 2043 ego
2196 1975 2263 2025 et
2287 1964 2418 2032 ,mei
2444 1986 2756 2050 sequaces

444 2046 509 2111 in
542 2045 823 2112 ecclesiis
854 2046 1247 2132 propriis-vel
1268 2048 1451 2111 terris
1468 2050 1706 2111 nostris
1726 2048 2219 2132 possederimus,
2249 2048 2400 2133 ipsis
2431 2065 2499 2114 et
2525 2067 2756 2115 sancto

442 2134 805 2197 Cuthberto
852 2132 915 2196 in
944 2132 1239 2197 omnibus
1268 2132 1544 2198 ecclesiis
1576 2149 1644 2198 et
1673 2136 1854 2198 terris
1885 2134 2012 2197 suis
2044 2136 2752 2221 libere-imperpetuum

441 2220 877 2297 concedimuS,
908 2232 975 2284 et
1003 2221 1243 2306 absque
1273 2219 1448 2284 omni
1481 2222 2015 2308 tergiversacione
2045 2222 2176 2286 sive
2200 2224 2568 2308 calumpnia
2591 2249 2632 2288 a
2655 2249 2754 2289 me

441 2308 727 2395 meisque
772 2306 1235 2371 successoribus
1278 2307 1512 2371 liberas
1544 2323 1611 2371 et
1641 2308 1886 2393 quietas
1918 2309 2390 2374 confirmamus·
2485 2312 2753 2376 Testifi-

444 2417 663 2461 camur
692 2394 1057 2459 auctoritati
1090 2409 1154 2457 et
1186 2393 1526 2458 donacioni
1572 2395 1770 2477 patris
1817 2396 2020 2459 nostri
2053 2398 2356 2479 Gregorii
2389 2412 2577 2481 papae
2607 2423 2750 2484 sep-

440 2483 579 2546 timi
632 2495 701 2547 et
746 2480 1223 2545 confirmacioni
1279 2480 1447 2564 regis
1488 2480 1807 2543 Willielmi
1841 2482 1923 2545 de
1953 2482 2374 2560 libertatibus,
2407 2507 2572 2570 quas
2604 2509 2750 2569 pre-

436 2570 589 2634 fatae
642 2568 932 2634 ecclesiae
986 2568 1205 2632 Sancti
1256 2566 1596 2633 Cuthberti
1648 2567 1711 2630 in
1760 2567 1956 2651 pleno
2017 2570 2280 2633 consilio
2311 2572 2484 2653 apud
2525 2574 2751 2637 West-

438 2654 897 2721 monasterium
927 2667 1403 2739 concesserunt,
1434 2669 1499 2718 et
1539 2676 1698 2739 quas
1737 2654 2062 2718 Prioribus
2093 2670 2158 2720 et
2188 2658 2517 2720 monachis
2551 2659 2747 2743 ipsius

438 2742 727 2807 ecclesiae
778 2740 1229 2805 contulerunt:
1276 2763 1425 2804 nam
1476 2754 1625 2824 post
1677 2741 2080 2825 privilegium
2115 2743 2483 2807 Gwillielmi
2530 2745 2746 2809 fratris

434 2829 637 2894 nostri
671 2827 1121 2893 Dunelmensis
1150 2826 1431 2912 episcopi
1476 2840 1607 2891 tam
1641 2850 1764 2911 ego
1793 2849 1986 2913 quam
2029 2829 2421 2893 Lanfrancus
2457 2833 2746 2896 Cantua-

436 2916 664 2981 riensis
720 2914 1255 3000 Archiepiscopus
1302 2914 1501 2978 literis
1557 2916 1793 2978 nostris
1852 2916 2334 3000 subscripsimus
2393 2930 2462 2981 et
2522 2918 2742 3001 sigillis

431 3002 704 3088 propriis
736 3001 1163 3067 concessimus
1187 3016 1254 3066 et
1276 3002 1812 3077 confirmavimuS,
1843 3001 2138 3067 videlicet
2165 3017 2236 3067 ut
2259 3004 2445 3069 sedes
2475 3005 2745 3089 Episco-

432 3090 593 3189 palis
641 3112 769 3155 una
816 3112 963 3154 cum
1016 3088 1185 3153 beati
1220 3088 1623 3153 Confessoris
1677 3111 1944 3171 corpore
1975 3110 2122 3153 cum
2155 3091 2332 3154 omni
2367 3094 2741 3175 integritate

432 3176 625 3261 lpsius
674 3176 1099 3262 Episcopatus
1145 3174 1594 3239 inviolabiliter
1639 3189 2057 3259 permaneat3
2103 3180 2282 3263 cujus
2329 3179 2603 3242 diocesis
2653 3180 2742 3244 ita

434 3263 836 3348 protenditur
894 3276 960 3327 et
1017 3261 1339 3325 definitur.
1430 3260 1606 3325 Tota
1665 3274 1834 3325 terra
1893 3284 2020 3348 que
2065 3277 2164 3327 est
2210 3267 2382 3328 inter
2415 3266 2632 3331 These
2675 3281 2739 3331 et

436 3350 501 3414 T
501 3372 649 3435 yne,
705 3348 1319 3425 Northumberland,
1380 3346 1888 3433 Thevyetedale,
1946 3350 2264 3434 Tyndale,
2331 3351 2734 3429 Karleolum,

432 3435 809 3512 Weredale‚
864 3456 1009 3498 cum
1057 3433 1321 3497 ecclesia
1368 3433 1450 3497 de
1509 3435 2031 3513 Hesteldesham,
2091 3452 2158 3500 et
2209 3438 2384 3501 omni
2432 3442 2741 3521 parochia

428 3521 795 3607 pertinenti,
828 3536 891 3585 et
924 3520 1186 3584 ecclesia
1220 3519 1720 3584 Lindisfarnensi
1770 3522 1876 3586 ubi
1923 3522 2272 3609 antiquitus
2309 3524 2738 3610 Episcopatus

428 3608 798 3673 extiterant.
894 3607 970 3671 In
1016 3606 1191 3669 omni
1236 3606 1426 3671 etiam
1478 3620 1648 3671 terra
1679 3609 1877 3672 sancti
1915 3608 2281 3689 Cuthberti,
2317 3634 2508 3698 quam
2559 3614 2737 3698 Epis·

429 3696 577 3781 copi
608 3694 709 3759 vel
757 3692 1050 3758 monachi
1070 3694 1249 3778 juste
1279 3693 1614 3779 adquirere
1647 3697 1954 3779 poterint,
1989 3696 2086 3758 vel
2123 3696 2184 3759 in
2216 3698 2502 3781 presenti
2535 3702 2737 3783 possi-

428 3782 609 3856 dent,
664 3781 1079 3847 rectitudines
1128 3801 1372 3858 omneS,
1428 3782 1923 3845 consuetudines
1971 3795 2038 3846 et
2080 3783 2428 3861 libertateS,
2469 3808 2620 3871 quae
2651 3789 2732 3851 ad

430 3866 631 3955 Regis
656 3891 958 3933 coronam
988 3866 1328 3951 pertinent,
1366 3881 1491 3931 tam
1533 3866 1710 3951 Papa
1739 3869 2022 3952 prefatus
2053 3892 2242 3951 quam
2276 3872 2420 3933 Rex
2454 3872 2736 3937 williel-

426 3977 568 4019 mus
594 3956 685 4020 eis
710 3969 1183 4031 concesserunt,
1218 3967 1286 4017 et
1331 3954 1563 4017 liberas
1597 3967 1660 4017 et
1693 3954 1938 4040 quietas
1985 3956 2250 4019 omuino
2295 3972 2361 4021 et
2394 3957 2636 4044 ubique
2671 3961 2734 4022 iu

419 4063 627 4127 regno
660 4042 1022 4126 Anglorum
1072 4042 1153 4104 ab
1208 4039 1379 4105 omni
1412 4040 1678 4104 servicio
1709 4041 2034 4126 perpetuis
2067 4044 2466 4127 temporibus
2497 4046 2736 4109 confir-

424 4142 777 4193 maverunt.
878 4123 1245 4191 Willielmus
1289 4148 1441 4190 vero
1491 4125 1947 4191 Dunelmensis
2001 4129 2354 4213 Episcopus
2403 4130 2463 4192 in
2499 4133 2732 4197 eodem

421 4214 688 4281 consilio
733 4214 1113 4278 auctoritate
1157 4212 1427 4297 predicti
1481 4214 1678 4298 Papae
1725 4227 1792 4277 et
1844 4214 2040 4299 Regis
2087 4218 2612 4295 confirmacione,
2649 4221 2731 4283 de

422 4302 607 4366 terris
633 4300 1054 4385 Episcopatus
1106 4299 1202 4363 sui
1263 4300 1592 4363 monachis
1626 4300 1868 4378 tribuit,
1919 4318 1983 4364 et
2037 4300 2262 4364 futuris
2303 4303 2634 4367 Prioribus
2665 4307 2726 4368 iu

419 4384 689 4453 ecclesia
719 4385 853 4470 ipsa
882 4386 1077 4450 sedile
1112 4386 1383 4450 Abbatis
1432 4386 1493 4449 in
1547 4387 1800 4451 sinistro
1827 4388 2024 4451 choro
2057 4390 2370 4453 concessit
2403 4404 2468 4455 et
2501 4414 2728 4455 omnes
