3000 5117
789 542 1203 596 Arraumx.
1240 542 1421 594 Anu.
1462 540 1940 594 mccccxnvtf
2289 512 2544 595 cclxvii

247 704 521 774 adverso
572 706 1003 792 preservando
1047 716 1115 771 et
1145 703 1579 783 defendendO,
1612 704 1992 792 quantisque
2021 698 2324 789 preciosis
2353 704 2549 767 vesti-

150 808 153 811 ’
247 796 499 872 mentiS,
537 793 879 878 jocalibus,
936 807 1005 858 et
1038 792 1430 857 ornamentis
1462 790 1908 869 laudabilibus,
1941 791 2178 856 dictam
2209 790 2546 856 ecclesiam

246 906 365 947 sua
408 880 835 946 sollicitudine
868 893 936 944 et
965 879 1323 963 sumptibus
1354 877 1628 962 copiosis
1658 878 2005 957 decoravit,
2037 877 2312 965 qualiter
2340 877 2548 943 eciam

245 970 497 1033 diversa
539 966 795 1031 edificia
822 966 889 1032 iu
924 966 1306 1043 lufirmaria,
1360 965 1427 1028 in
1459 963 1690 1064 quibus
1722 965 2077 1031 confratres
2105 964 2225 1043 sui,
2260 966 2548 1051 corporis

242 1054 579 1121 debilitate
609 1053 919 1141 senioque
948 1052 1277 1131 confracti,
1310 1054 1736 1137 provisionem
1769 1052 2132 1138 acciperent
2161 1064 2228 1116 et
2258 1052 2554 1117 levamen

245 1164 613 1226 corporum,
667 1140 1037 1206 notabiliter
1115 1140 1406 1205 construi
1484 1138 1656 1217 fecit,
1731 1140 2148 1226 volentesque
2207 1152 2555 1225 propterea

246 1228 484 1306 eidem,
512 1241 817 1315 tanquam
860 1226 1283 1303 benemerim,
1316 1226 1668 1310 rependere
1699 1226 2032 1311 praemium
2063 1241 2213 1311 post
2239 1225 2551 1305 laborem,

242 1339 366 1403 pro
418 1315 893 1379 sustentacione
939 1336 1055 1378 sua
1098 1335 1388 1397 congrua
1429 1325 1493 1377 et
1525 1314 1800 1379 honesta
1829 1314 2220 1391 ordinamus,
2253 1315 2551 1399 provide-

244 1424 410 1479 mus,
442 1416 509 1467 et
538 1402 679 1481 sibi,
728 1402 943 1489 quoad
974 1400 1206 1465 vixerit
1235 1422 1319 1465 ex
1348 1422 1542 1477 nune,
1575 1413 1800 1466 tenore
1829 1402 2246 1487 proesencium
2276 1404 2560 1489 assigna-

246 1512 390 1554 mus
414 1489 819 1573 infrascripta
832 1512 851 1565 3
886 1488 1004 1555 viz.
1032 1508 1353 1551 cameram
1401 1485 1566 1551 infra
1606 1490 2062 1553 monasterium
2110 1486 2554 1556 Dunelmense

243 1590 543 1643 vocatam
575 1574 1032 1663 coldingham,
1064 1597 1209 1639 cum
1242 1572 1672 1659 pertinenciis,
1705 1597 1780 1639 ac
1809 1576 2349 1640 sustentacionem
2374 1599 2558 1643 suam

246 1679 312 1729 et
336 1676 635 1749 sumptus
688 1662 753 1726 in
798 1660 1139 1727 esculentis
1190 1675 1257 1725 et
1302 1660 1682 1745 poculentis,
1730 1682 1850 1745 pro
1879 1684 1950 1727 se
1981 1662 2121 1748 ipso
2140 1662 2336 1747 juxta
2380 1676 2554 1729 tatus

246 1751 345 1815 sui
402 1747 789 1826 decenciam,
840 1764 905 1814 et
954 1748 1289 1834 capellano
1334 1769 1453 1811 suo
1500 1748 1838 1824 monacho,
1887 1771 2018 1813 uno
2047 1748 2386 1836 armigero,
2420 1772 2556 1815 uno

246 1836 509 1914 clerico,
566 1858 695 1900 uno
747 1837 1015 1913 valect0,
1050 1848 1118 1899 et
1158 1857 1289 1898 uno
1318 1835 1641 1918 garcione,
1675 1848 1868 1919 prout
1895 1835 2123 1923 gradui
2153 1836 2554 1921 singulorum

246 1926 595 1999 convenit3
638 1945 787 1987 cum
838 1922 1332 1987 racionabilibus
1385 1921 1812 2006 peticionibus
1861 1923 2007 1998 suis,
2041 1945 2161 2009 pro
2191 1946 2281 2001 se,
2314 1936 2383 1988 et
2411 1923 2556 1989 aliis

247 2012 333 2076 ad
381 2013 590 2096 ipsum
647 2009 1068 2087 venientibuS,
1118 2008 1475 2094 sumptibus
1507 2008 1951 2073 communibus
1987 2009 2394 2091 Monasterii,
2427 2033 2558 2077 una

248 2120 404 2163 cum
449 2096 729 2163 candelis
770 2114 839 2161 et
882 2095 1073 2161 focali
1109 2118 1231 2181 pro
1261 2117 1515 2161 camera
1543 2094 1828 2181 ejusdem
1859 2096 2212 2181 sumptibus
2251 2098 2556 2180 Bursarii,

248 2184 499 2250 tociens
558 2182 863 2271 quociens
922 2206 1181 2248 necesse
1233 2182 1425 2247 fuerit
1484 2182 1959 2269 providendum
2019 2198 2086 2248 et
2143 2183 2558 2265 cariandum3

246 2272 579 2357 praedictis
631 2292 784 2335 vero
835 2270 1174 2357 armigero,
1227 2270 1484 2347 clerico,
1529 2270 1802 2348 valecto,
1837 2282 1906 2334 et
1933 2271 2242 2355 garcioni,
2273 2272 2357 2338 de
2384 2274 2560 2340 robis

246 2360 384 2424 sive
432 2358 882 2447 garmamentis
915 2359 1253 2422 Bursarius
1307 2356 1760 2421 Dunelmensis
1807 2356 2067 2441 siugulis
2097 2358 2297 2437 annis,
2329 2382 2561 2427 secun·

249 2447 411 2511 dum
466 2445 1110 2532 uniuscujuseumque
1162 2458 1365 2509 status
1424 2443 1849 2527 exigenciam,
1895 2446 2303 2529 providebit3
2359 2463 2567 2515 vestes

255 2532 527 2618 insuper
574 2532 775 2596 lineas
828 2544 896 2595 et
935 2533 1153 2596 laneas
1201 2531 1285 2595 de
1334 2530 1724 2608 Camerario,
1755 2544 1952 2615 prout
1981 2532 2136 2596 dum
2168 2532 2231 2596 iu
2267 2530 2564 2603 Prioratu

256 2620 466 2697 stetit,
520 2619 789 2704 recipiet
838 2631 908 2683 et
959 2616 1266 2694 habebit3
1321 2617 1654 2702 capellano
1705 2617 1908 2683 eciam
1956 2619 2244 2703 ejusdem
2274 2619 2358 2685 de
2389 2623 2571 2691 obla·

258 2707 559 2772 cionibus
610 2707 741 2770 suis
788 2718 855 2771 et
901 2706 1039 2770 aliis
1084 2704 1474 2783 necessariis,
1516 2706 1680 2769 sicut
1710 2705 1849 2769 aliis
1879 2706 2306 2792 confratribus
2352 2712 2567 2777 aetatis

259 2807 331 2858 et
380 2792 746 2859 vocacionis
795 2791 1135 2856 consimilis
1188 2793 1253 2855 in
1307 2790 1530 2857 ordine
1575 2791 1996 2871 distribuitur,
2031 2794 2325 2859 volumus
2355 2796 2575 2863 minis-

260 2881 443 2949 trari.
540 2878 971 2946 concedimus
1014 2880 1273 2965 insuper
1324 2878 1536 2944 eidem
1585 2879 1927 2943 venerabili
1975 2882 2160 2967 patri,
2215 2881 2280 2945 in
2311 2886 2572 2970 supple-

260 2980 551 3033 mentum
582 2966 849 3031 aliarum
880 2988 1326 3052 expensarum,
1360 2988 1544 3053 quaS,
1569 2966 1764 3050 juxta
1792 2979 1994 3030 status
2023 2968 2120 3030 sui
2151 2971 2571 3069 praeeminen-

262 3055 457 3132 ciam,
508 3057 713 3139 ipsum
756 3053 1114 3118 necessario
1136 3075 1259 3139 pro
1290 3053 1462 3130 vine,
1496 3051 1828 3137 stipendiis
1859 3052 2300 3133 serviencmm,
2333 3071 2400 3121 et
2431 3060 2569 3124 aliis

262 3140 531 3207 minutis
586 3140 951 3205 necessariis
996 3139 1415 3241 providendis
1468 3140 1800 3205 effundere
1851 3139 2202 3225 oportebit,
2256 3146 2578 3229 quandam

265 3228 646 3315 pensionem
705 3226 1129 3313 quadraginta
1186 3227 1492 3292 librarum
1543 3226 1626 3291 de
1674 3226 1984 3291 fructibus
2035 3237 2104 3291 et
2205 3232 2580 3300 roventibus

264 3315 561 3381 ecclesiae
607 3314 689 3379 de
742 3314 1165 3402 Estryngton,
1220 3325 1288 3379 et
1341 3314 1543 3379 firmis
1590 3312 2017 3378 maneriorum
2052 3314 2136 3379 de
2159 3250 2472 3406 gvardley
2503 3334 2574 3387 et

266 3401 577 3479 Belassis,
622 3423 767 3466 cum
804 3400 1069 3466 'decima
1109 3401 1399 3487 ejusdem
1429 3398 1717 3479 manerii,
1749 3401 1835 3465 ad
1863 3400 2029 3466 festa
2060 3402 2480 3471 Pentecostes
2511 3421 2580 3474 et

265 3486 477 3555 sancti
500 3487 767 3553 Martini
787 3487 850 3551 in
880 3488 1109 3572 hyeme
1139 3510 1257 3573 per
1284 3488 1544 3575 equales
1567 3488 1922 3573 porciones,
1957 3511 2076 3575 per
2107 3512 2332 3556 manus
2361 3494 2578 3561 firma-

262 3578 511 3641 riorum
544 3576 736 3640 dictae
765 3575 1074 3653 ecclesiae,
1105 3576 1562 3651 maneriorum,
1596 3586 1660 3639 et
1691 3573 1984 3653 decimae,
2012 3578 2122 3663 qui
2145 3600 2262 3663 pro
2285 3592 2579 3668 tempore

264 3662 538 3739 fuerint,
572 3661 753 3727 annis
784 3661 1043 3746 sing'ulis
1074 3660 1445 3727 solvendam
1476 3673 1546 3726 et
1569 3660 2088 3747 percipiendam3
2119 3666 2360 3766 absque
2383 3691 2580 3735 onere

264 3749 701 3836 reparacionis
737 3749 1063 3833 cujuscum
1110 3771 1214 3824 ue,
1248 3748 1576 3812 solucione
1605 3747 1894 3827 decimae,
1927 3751 2440 3831 contribucmnis,
2473 3758 2580 3821 vel

266 3836 540 3903 subsidii
572 3850 684 3900 aut
716 3835 1042 3901 solucione
1099 3837 1387 3899 orinseca
1462 3857 1840 3922 uacumque,
1868 3836 1951 3900 de
1975 3836 2266 3916 ecclesia,
2287 3842 2583 3906 maneriis

267 3936 341 3990 et
370 3922 623 3988 decima
650 3922 975 4007 praedictis
1007 3942 1121 4007 per
1144 3921 1387 3986 dictum
1463 3922 1782 3986 ohannem
1811 3922 2249 4007 Wessyngton
2325 3928 2588 3993 naliter-

269 4032 559 4097 cumque
584 4008 896 4074 faciendis
922 4032 940 4083 3
966 4008 1171 4093 primo
1203 4007 1479 4073 termino
1509 4008 1850 4073 solucionis
1881 4007 2221 4092 incipiente
2351 4013 2586 4081 festum

274 4098 703 4163 Pentecostes
773 4095 1069 4180 proxime
1149 4096 1547 4181 praeteritum
1606 4107 1758 4159 ante
1844 4093 2060 4157 datam
2143 4099 2582 4181 praesencium.

275 4184 553 4250 Proviso
595 4182 771 4270 quod
801 4183 885 4247 de
916 4182 1175 4247 residuo
1205 4185 1534 4248 firmarum
1566 4180 1758 4245 dictae
1788 4181 2096 4261 ecclesiae,
2131 4185 2581 4271 maneriorum,

272 4284 347 4337 et
393 4269 687 4348 decimae,
740 4269 792 4335 si
839 4270 996 4357 quid
1044 4269 1213 4335 ultra
1258 4268 1463 4334 dictas
1493 4267 1922 4369 quadraginta
1951 4268 2144 4336 libras
2175 4274 2581 4359 superfuerit,

280 4356 595 4430 Bursario
627 4356 1056 4423 Dunelmensi
1084 4356 1347 4445 singulis
1378 4378 1557 4421 amus
1581 4355 1663 4419 de
1689 4355 1916 4421 eodem
1937 4356 2194 4423 realiter
2215 4361 2586 4433 satisfaciat.

277 4444 353 4512 Si
395 4467 551 4509 vero
581 4444 793 4509 dictus
826 4444 1205 4509 venerabilis
1234 4458 1417 4529 pater
1445 4440 2210 4533 JohannesNVessygton
2241 4461 2424 4515 extra
2453 4474 2591 4517 mo·-

274 4532 650 4613 nasterium‚
699 4533 917 4619 gracia
960 4530 1245 4615 sanitatis
1294 4528 1773 4611 conservandae,-
1815 4532 2259 4601 setransserre
2295 4537 2586 4620 voluerit,
