3000 5117
795 446 1223 505 Arrmzmx.
1281 446 1464 497 Anu.
1504 444 1823 499 mccccr,
2217 421 2505 501 clxxxix

193 620 508 697 seyntres
561 618 631 673 et
675 608 920 685 acken
977 628 1128 695 qnoe
1177 604 1336 676 dicti
1391 602 1581 671 Prior
1630 620 1700 671 et
1754 607 2147 679 Conventus
2196 608 2509 693 assignas-i

195 700 438 766 faciem
505 696 716 767 eidem
789 693 1184 769 cementario
1243 693 1411 765 infra
1467 695 1755 777 spacium
1816 696 2009 767 trium
2062 696 2409 767 miliarium
2464 721 2515 765 a

195 784 535 856 Dunelmo
575 780 984 853 distancinm.
1075 782 1260 851 Idem
1301 802 1559 868 quoque
1612 780 1800 851 Prior
1828 794 1894 847 et
1933 784 2329 861 Conventus.
2354 806 2513 851 cnm

193 870 468 940 consilio
525 882 596 940 et
655 868 1126 941 deliberacione
1175 867 1334 933 dicti
1379 868 1771 945 cementarii,
1820 891 2043 941 muros
2094 870 2391 959 antiquos
2440 872 2515 943 in

197 960 436 1027 eodem
491 955 895 1023 Dormitorio
941 976 1112 1027 nunc
1141 954 1496 1023 existentes
1526 954 1841 1039 prosterni
1870 956 2151 1034 [θώκοις
2190 974 2257 1025 et
2286 982 2511 1027 eorum

198 1044 635 1113 fundamenta
681 1064 844 1127 pure
893 1041 1208 1120 mundari,
1257 1063 1378 1127 pro
1423 1063 1600 1105 novo
1652 1064 1851 1127 opere
1896 1044 2311 1130 incipiendo:
2366 1068 2517 1133 quoe

197 1132 583 1203 fundamina
627 1144 818 1200 eruut
865 1128 1130 1215 incepta
1177 1141 1248 1193 et
1291 1125 1507 1214 posita
1548 1150 1669 1213 per
1713 1129 2047 1199 consilium
2094 1146 2161 1197 et
2200 1133 2519 1201 delibera-

199 1221 460 1284 cionem
508 1216 830 1281 dictorum
887 1215 1128 1281 Prioris
1180 1227 1248 1279 et
1306 1215 1707 1282 Conventus.
1796 1217 1887 1287 Et
1914 1217 2183 1289 hebebit
2212 1220 2381 1288 idem
2412 1242 2521 1287 ce,-

199 1304 554 1373 mentm-ius
572 1326 800 1371 omnes
829 1302 1076 1389 lapides
1105 1315 1176 1369 et
1197 1316 1569 1377 cementum
1594 1302 1685 1367 de
1710 1303 1905 1373 muris
1926 1306 2205 1394 antiqms
2226 1308 2523 1392 ejusdem

207 1391 600 1459 Dormitorii
623 1389 1120 1475 prosternendi&
1145 1403 1214 1455 et
1235 1410 1440 1461 novos
1458 1388 1707 1473 lapides
1724 1396 1845 1475 pro
1866 1392 2097 1460 eodem
2124 1394 2526 1461 Dormitorio

204 1480 289 1557 de
319 1498 496 1546 novo
521 1478 813 1549 exscisos
841 1491 912 1545 et
937 1475 1292 1553 ordinatos,
1323 1476 1410 1540 ad
1437 1476 1876 1561 euple-aionem
1902 1479 2120 1569 operis
2148 1481 2523 1567 supradicti.

211 1567 316 1633 Ita
365 1578 582 1636 tamen
620 1564 817 1651 quod
845 1564 1040 1635 faeiat
1086 1584 1308 1633 omnes
1353 1563 1664 1629 fenestras
1706 1564 2011 1651 antiquas
2056 1578 2132 1636 et
2160 1566 2408 1653 lapides
2432 1569 2522 1635 ,de

206 1676 384 1719 novo
411 1651 729 1729 renovari,
761 1673 880 1735 pro
905 1651 1142 1720 decore
1171 1662 1238 1715 et
1265 1649 1699 1731 confirmitate
1726 1650 1887 1723 dicti
1906 1656 2148 1753 operis.
2224 1654 2527 1723 Habebit

209 1740 417 1807 eciam
463 1738 676 1803 dictus
727 1738 956 1804 Petrus
993 1737 1448 1815 cementarius,
1481 1736 1757 1809 durante
1784 1750 2061 1810 termino
2088 1739 2523 1829 infrascripto,

209 1826 432 1893 omnia
482 1824 870 1901 aisiamenta.
927 1838 1057 1889 tam
1111 1823 1178 1890 in
1220 1823 1463 1889 batello
1507 1846 1701 1911 quam
1737 1825 1805 1891 in
1837 1825 1953 1891 viis
1982 1842 2051 1897 et
2076 1828 2341 1907 semitis,
2374 1853 2527 1897 cum

209 1912 588 1979 introitibus
632 1924 698 1976 et
742 1910 1067 1987 exitibus3
1112 1924 1305 1996 prout
1334 1909 1667 1975 ,lohannes
1702 1910 2071 1977 Mideltoun
2100 1919 2531 1987 cementarius

211 1999 443 2065 habuit
495 2020 616 2083 pro
669 2011 960 2082 tempore
1013 2020 1150 2062 suo.
1243 1996 1517 2061 Dabunt
1569 1997 1827 2083 insuper
1872 2000 2165 2099 praedicti
2221 2002 2410 2068 Prior
2460 2020 2529 2071 et

219 2089 600 2153 Conventus
654 2084 864 2149 eidem
912 2084 1325 2161 cementario,
1375 2104 1415 2147 a
1466 2082 1573 2147 die
1618 2085 2045 2150 confeccionis
2075 2090 2527 2173 proesencium,

212 2196 394 2239 anno
447 2170 718 2236 Domini
763 2178 1057 2234 m⁰cccc⁰
1103 2170 1333 2255 primo,
1366 2191 1569 2255 nsque
1600 2170 1683 2235 ad
1711 2170 1949 2237 festum
1989 2173 2295 2240 Omnium
2330 2180 2532 2243 Sanc-

215 2272 434 2325 torum
465 2257 882 2335 antedictum,
914 2256 1204 2407 (incubet
1232 2278 1404 2321 anno
1433 2256 1899 2345 quo'proefatos
1932 2260 2223 2327 Priorem
2252 2277 2318 2329 et
2352 2265 2531 2330 Con-

213 2364 491 2413 ventum
537 2346 884 2429 contigerit
957 2341 1382 2408 iberacionem
1427 2346 1629 2427 panni
1675 2344 1888 2411 facere
1974 2350 2293 2414 eneraiem
2327 2374 2529 2423 unum

216 2444 734 2519 garmamentum
779 2431 862 2495 de
907 2443 1082 2495 secta
1111 2430 1569 2513 armigerorum
1600 2432 1885 2517 ejusdem
1978 2434 2182 2513 riori&
2213 2459 2291 2501 ac
2321 2440 2529 2503 eciam

262 2520 516 2585 uolibet
568 2518 674 2583 die
717 2541 757 2582 a
798 2517 968 2581 festo
995 2516 1198 2581 sancti
1233 2516 1573 2582 Cuthberti
1607 2519 1673 2591 in
1710 2518 1960 2584 Marcio
1990 2522 2167 2608 quod
2208 2524 2329 2588 erit
2358 2547 2529 2593 anno

290 2606 498 2673 omini
543 2611 971 2669 u⁰cccc¹¹²⁰11⁰
1005 2626 1206 2691 usque
1235 2604 1462 2669 festum
1504 2604 1811 2675 Omnium
1846 2608 2225 2679 Sanctorum
2256 2611 2529 2696 praedic..

214 2707 364 2759 tum
413 2716 617 2757 unum
663 2714 896 2777 panem
944 2690 1162 2756 album
1212 2703 1280 2755 et
1325 2714 1539 2755 unam·
1566 2691 1859 2777 lagenam
1890 2694 2187 2777 servisiae‚
2220 2720 2296 2763 ac
2326 2698 2531 2767 eciam

215 2802 424 2845 unum
467 2779 784 2844 ferculum
830 2778 1142 2865 coquinae,
1189 2776 1356 2843 sicut
1399 2778 1698 2863 armigeri
1743 2780 1983 2846 Prioris
2027 2782 2319 2865 praedicti
2372 2798 2531 2854 tunc

215 2865 532 2952 temporis
583 2864 962 2950 percipiunt.
1056 2864 1326 2937 Dabunt
1373 2864 1588 2953 itaque
1641 2866 1935 2951 praedicti
1990 2868 2177 2933 Prior
2227 2882 2295 2935 et
2355 2873 2537 2938 Con-

215 2971 458 3019 ventus
504 2952 895 3017 cementario
939 2952 1308 3035 supradicto
1348 2974 1466 3036 pro
1495 2952 1782 3037 qualibet
1809 2953 1971 3021 roda
1998 2956 2209 3039 operis
2239 2958 2535 3044 praedicti

217 3064 376 3137 quae
443 3037 800 3105 continebit
868 3060 986 3105 sex
1055 3039 1234 3107 ulnas
1294 3052 1360 3104 et
1427 3038 1765 3109 dimidium
1834 3040 2019 3105 unius
2082 3042 2253 3109 ulnae
2311 3068 2529 3131 squar,

219 3141 364 3193 tam
422 3127 543 3191 sub
605 3139 772 3191 terra
825 3147 1022 3211 quam
1080 3146 1272 3211 supra
1328 3138 1591 3205 terram,
1654 3126 1879 3191 decem
1937 3149 2181 3194 marcas
2241 3132 2487 3216 argenti
2510 3156 2539 3211 ς

219 3215 404 3280 unde
455 3214 539 3278 ad
571 3210 1008 3297 incepcionem
1039 3212 1254 3297 operis
1282 3212 1631 3297 supradicti
1670 3212 1843 3277 idem
1874 3215 2301 3282 cementarius
2330 3220 2538 3308 perci·-

218 3301 366 3388 piet
398 3322 534 3387 proe
563 3298 854 3363 manibus
884 3320 976 3362 xz
1006 3297 1200 3365 liBras
1229 3299 1502 3385 argenti,
1534 3312 1599 3365 et
1622 3314 1871 3386 postea,
1892 3322 2039 3365 cum
2102 3302 2397 3372 erfecerit
2420 3328 2541 3373 sex.

219 3390 420 3453 rodas
475 3386 691 3473 operis
735 3384 1104 3471 supradicti,
1138 3385 1292 3451 alias
1323 3407 1414 3450 xt,
1445 3384 1639 3452 libras
1663 3410 1683 3465 3
1728 3399 1795 3456 et
1826 3388 1913 3451 sic
1946 3408 2041 3453 x1,
2094 3388 2259 3455 ibras
2288 3392 2545 3461 tociens

219 3476 540 3567 quociens
637 3470 930 3537 erfecerit
960 3496 1073 3537 sex
1103 3474 1295 3541 rodas
1324 3474 1524 3542 modo
1564 3474 1975 3561 supradict03
2022 3476 2230 3542 donec
2260 3481 2544 3565 praedic-‘-

220 3574 366 3626 tum
388 3584 551 3646 opus
571 3496 764 3624 liierit
787 3559 1071 3645 plenarie
1087 3572 1623 3627 consummatum.
1661 3561 1927 3627 Proviso
1950 3584 2203 3649 semper
2219 3566 2397 3652 quod
2421 3590 2551 3639 nec
2621 3550 2640 3569 ⁸

219 3648 588 3725 scaffaldoe,
634 3673 664 3714 s
749 3650 942 3725 utres,
991 3646 1214 3725 flekes,
1245 3668 1364 3714 nec
1415 3646 1543 3713 alia
1588 3647 1780 3717 feoda
1808 3650 2299 3736 quomodolibet
2326 3655 2540 3723 valeat

219 3736 598 3801 vendicare.
761 3746 788 3796 t
818 3732 940 3797 erit
989 3733 1336 3822 praedictus
1382 3734 1805 3803 cementarius
1849 3748 1916 3801 et
1963 3736 2107 3802 aliae
2153 3738 2549 3807 sufficientes

219 3843 525 3909 personae
571 3821 841 3904 obligati
885 3820 1074 3887 dictis
1124 3820 1332 3887 Priori
1376 3834 1442 3887 et
1483 3822 1848 3889 Conventui
1880 3823 1945 3887 in
1978 3846 2107 3892 una
2134 3824 2546 3908 obligacione

220 3932 350 3996 per
379 3906 720 3982 consilium
743 3910 1064 3979 dictorum
1094 3907 1334 3975 Prioris
1357 3920 1423 3976 et
1448 3909 1819 3975 Conventus
1844 3910 2138 3975 facienda
2158 3910 2225 3975 in
2244 3932 2336 3974 xL
2359 3912 2547 3981 libris·

219 3996 490 4084 singula
536 3994 674 4072 vice
721 4018 850 4083 qua
899 4016 991 4064 xL
1021 3997 1216 4061 libras
1269 3995 1333 4059 in
1362 3995 1573 4061 forma
1609 3996 1919 4083 proedicta
1945 3994 2119 4061 idem
2150 4004 2541 4087 perceperit,

221 4081 555 4148 solvendis
601 4081 838 4147 eisdem
875 4081 1086 4156 Priori
1116 4094 1184 4149 et
1223 4083 1615 4166 conventui,
1648 4096 1761 4149 aut
1790 4105 2015 4151 eorum
2044 4087 2543 4171 successoribuS,

221 4170 296 4248 in
355 4192 507 4235 casu
563 4192 694 4257 quo
741 4169 916 4241 idem
963 4169 1386 4245 cementarius
1437 4170 1749 4237 defecerit
1778 4170 2091 4257 perficere
2122 4194 2241 4257 pro
2270 4172 2545 4260 singulis

219 4254 466 4323 decem
519 4256 751 4321 marcis
795 4280 1065 4331 summae
1108 4259 1437 4345 praedictae
1481 4280 1679 4331 unam
1710 4256 1933 4324 rodam
1960 4281 2003 4322 ο
2084 4260 2170 4331 ris
2200 4262 2542 4347 antedicti,

223 4344 358 4409 sub
387 4344 601 4409 forma
629 4358 698 4409 et
727 4344 1112 4417 condicione
1157 4344 1452 4433 superius
1485 4342 1869 4413 memoratis,
2030 4360 2057 4410 t
2086 4348 2171 4415 ad
2202 4349 2541 4434 perficien-

221 4432 392 4497 dum
425 4453 591 4519 opus
615 4433 1022 4518 praedictum,
1056 4432 1122 4501 in
1163 4432 1374 4501 forma
1402 4432 1736 4520 praedicta,
1768 4431 1933 4501 citra
1960 4432 2193 4505 festum
2232 4435 2543 4510 Omnium
