3000 5117
477 369 588 443 ClV
941 393 1145 444 HIS'r.
1186 393 1547 446 DUNELM.
1588 394 2055 446 SCRIPTORES
2092 395 2306 446 TREs.

481 552 594 616 sioe
657 554 1363 634 excommunicationis,
1436 554 1787 640 capitulum
1855 577 2009 620 vero
2066 554 2412 640 praedictos
2453 553 2797 620 interdicti

481 640 832 704 sententias
863 642 1316 730 promulgavit.
1365 642 1692 718 Quocirca
1719 641 2085 708 discretioni
2117 659 2348 707 vestrae
2378 663 2496 726 per
2523 655 2799 727 aposto-

481 724 608 790 lica
634 726 870 812 scripta
897 729 1296 808 mandamus,
1327 729 1646 816 quatinus,
1680 731 1920 794 vocatis
1950 729 2060 816 qui
2088 728 2329 794 fuerint
2356 727 2693 808 evocandi,
2722 739 2799 793 et

482 811 717 876 auditis
747 812 895 879 hinc
925 815 1075 879 inde
1104 817 1468 902 propositis,
1497 817 1677 902 quod
1703 815 2080 881 canonicum
2102 815 2318 893 fuerit,
2342 815 2799 900 appellacione

486 899 870 985 postposita,
903 902 1303 979 decernatis3
1333 902 1641 968 facientes
1664 903 1837 991 quod
1867 901 2279 969 decreveritis
2307 923 2425 986 per
2454 923 2801 966 censuram

486 985 981 1052 ecclesiasticam
1039 988 1311 1054 firmiter
1364 990 1713 1055 observari.
1804 991 2037 1055 Testes
2096 1002 2336 1066 autem,
2392 989 2501 1076 qui
2548 988 2803 1053 fuerint

486 1072 822 1151 nominati,
869 1074 920 1138 si
969 1097 1038 1138 se
1081 1075 1310 1163 gratia,
1361 1076 1539 1155 odio,
1588 1077 1693 1142 vel
1737 1077 1969 1142 timore
2010 1074 2471 1153 subtraxerint,
2518 1097 2805 1140 censura

487 1157 696 1238 simili,
752 1161 1193 1246 appellacione
1234 1175 1545 1242 cessante,
1592 1164 1837 1252 cogatis
1880 1163 2133 1229 veritati
2178 1161 2615 1228 testimonium
2646 1184 2806 1246 per-

483 1244 730 1311 hibere.
807 1247 1006 1324 Quod
1037 1247 1090 1312 si
1121 1271 1252 1314 non
1283 1271 1507 1314 omnes
1536 1251 1659 1314 hiis
1682 1251 2079 1338 exequendis
2102 1248 2441 1336 potueritis
2462 1249 2803 1326 interesse,

488 1345 584 1409 tu,
628 1333 830 1398 frater
877 1335 1218 1420 Episcope,
1258 1357 1403 1401 cum
1435 1358 1661 1401 eorum
1690 1337 1892 1402 altero
1920 1360 2001 1402 ea
2029 1336 2479 1402 nichilominus
2508 1356 2807 1422 exequa-

490 1418 600 1487 ris.
747 1420 924 1486 Data
980 1421 1379 1506 Burdegalis,
1433 1445 1521 1486 xv
1575 1424 1877 1490 kalendas
1929 1424 2327 1504 Decembris,
2380 1422 2806 1508 pontificatus

491 1505 692 1569 nostri
723 1529 896 1576 anno
925 1507 1228 1580 secundo,

676 1865 954 1916 Lxxxw.
1005 1872 1368 1918 culmum
1415 1857 2143 1922 n’ALanMAanGno
2186 1876 2274 1920 ns
2315 1860 2376 1921 ι’
2410 1877 2622 1927 cotu-

775 1957 896 2003 exo
930 1939 993 2002 n’
1026 1942 1210 2008 mos’
1242 1961 1366 2010 Mn.
1403 1943 1611 2008 n’onn
1643 1964 1685 2005 A
1718 1944 1779 2005 ι’
1811 1963 2073 2008 Pmoun
2108 1945 2172 2007 n’
2204 1965 2520 2010 nunnus.

1423 2077 1597 2147 [0133.
1618 2077 1742 2130 ιω.
1771 2079 1877 2143 ia]

587 2183 727 2247 Nos
785 2184 1147 2270 Stephanus
1195 2183 1605 2250 miseratione
1653 2184 1897 2248 Divina
1940 2184 2132 2250 titulo
2178 2187 2399 2253 Sancti
2451 2188 2687 2256 ciriaci
2740 2190 2811 2254 in

497 2269 759 2334 Termis
829 2273 1142 2355 presbiter
1204 2271 1583 2349 CardinaliS,
1649 2270 1927 2355 collegii
1987 2275 2485 2344 reverendorum
2546 2290 2812 2361 patrum

499 2357 904 2421 dominorum
954 2357 1387 2424 cardinalium
1433 2369 1673 2422 sanctae
1722 2357 2036 2425 Romanae
2074 2361 2367 2428 ecclesiae
2396 2363 2812 2440 camerarius,

499 2447 1036 2528 recognoscimus,
1085 2458 1152 2508 et
1181 2459 1404 2510 tenore
1483 2445 1855 2509 raesencium
1886 2447 2296 2527 confitemur,
2330 2449 2506 2536 quod
2536 2471 2815 2514 venera-

502 2529 648 2595 bilis
710 2530 906 2594 frater
959 2529 1364 2595 Guillielmus
1487 2531 1617 2595 rior
1668 2531 1957 2597 ecclesiae
2010 2533 2493 2613 Dunelmensis,
2548 2537 2816 2604 racione

503 2617 798 2702 promissi
847 2637 960 2700 per
1004 2637 1150 2681 eum
1181 2618 1535 2684 communis
1564 2617 1813 2682 servicii
1849 2619 2211 2708 Collegium
2246 2621 2567 2688 dictorum
2598 2622 2820 2688 domi·

505 2725 742 2768 norum
793 2702 1228 2767 Cardinalium
1274 2703 1725 2792 contingentiS,
1775 2705 1946 2770 mille
1992 2721 2059 2771 et
2104 2709 2496 2792 quingentos
2534 2711 2820 2778 florenes

510 2790 648 2854 auri
678 2811 800 2874 pro
829 2788 1010 2853 dicto
1045 2790 1342 2874 Collegio
1373 2792 1559 2855 nobis
1588 2813 1705 2875 per
1736 2813 1957 2856 manus
1993 2793 2283 2859 Bartholi
2316 2795 2697 2880 Uguicionis
2730 2798 2820 2861 de

514 2877 837 2942 societate
886 2875 1298 2941 Peruciorum
1347 2878 1432 2944 de
1480 2878 1841 2956 Florencia,
1888 2893 2130 2944 statuto
2176 2881 2295 2946 sibi
2328 2882 2625 2962 termino,
2652 2884 2822 2952 solvi

511 2963 688 3034 fecit.
782 2963 889 3031 De
938 2961 1174 3048 quibus
1221 2965 1310 3028 sic
1359 2963 1583 3028 solutis
1632 2965 1911 3030 eundem
1968 2966 2257 3032 Priorem
2310 2969 2699 3034 absolvimus
2752 2984 2822 3035 et

509 3051 883 3137 quittamus.
976 3049 1086 3118 Ad
1132 3051 1511 3115 solvendum
1556 3073 1713 3114 vero
1757 3066 2133 3117 consuetum
2180 3055 2513 3124 servicium
2544 3055 2825 3124 familia.

511 3141 680 3202 rium
731 3137 889 3202 dicti
941 3137 1236 3225 collegii,
1284 3138 1462 3223 quod
1507 3137 1716 3202 adhuc
1762 3151 1959 3202 restat
1988 3140 2389 3220 solvendum,
2420 3143 2541 3209 sub
2573 3143 2822 3208 eisdem

512 3223 722 3310 poenis
767 3239 832 3290 et
875 3225 1202 3290 sententiis
1245 3224 1476 3313 quibus
1522 3225 1607 3288 ad
1646 3223 2021 3289 solvendum
2067 3227 2267 3292 totale
2294 3229 2629 3293 servicium
2660 3230 2827 3294 dicti

521 3311 797 3395 collegii
842 3324 909 3375 et
955 3333 1179 3375 eorum
1223 3309 1629 3377 familiarium
1661 3325 1799 3375 erat
1829 3311 2139 3397 praefatus
2176 3313 2361 3378 Prior
2390 3331 2543 3383 ante
2572 3317 2830 3403 obliga.

518 3413 646 3475 tus,
699 3419 898 3482 usque
943 3396 1028 3461 ad
1072 3397 1312 3462 instans
1342 3397 1579 3464 festum
1614 3398 2091 3484 Assumpcionis
2120 3401 2333 3466 beatae
2368 3403 2600 3467 Mariae
2631 3404 2831 3487 virgi..

517 3484 617 3547 nis
670 3483 879 3547 eidem
939 3483 1284 3550 terminum
1337 3505 1778 3569 prorogamus·
1888 3485 1961 3553 ln
2008 3490 2188 3578 cujus
2242 3488 2335 3552 rei
2386 3489 2829 3556 testimonium

517 3583 867 3656 proesentes
898 3568 1143 3634 litteras
1171 3569 1292 3634 sibi
1322 3571 1752 3649 concedimus,
1777 3571 1965 3655 sigilli
1988 3573 2187 3638 nostri
2208 3577 2597 3660 appensione
2618 3577 2832 3640 muni..

523 3671 642 3721 tas.
738 3655 932 3719 Datae
981 3657 1309 3735 Avinion',
1357 3657 1464 3722 die
1495 3657 1853 3743 penultima
1880 3659 2113 3727 mensis
2149 3659 2331 3743 Maii,
2359 3685 2531 3730 anno
2558 3663 2831 3735 Domini

525 3742 866 3812 millesimo
899 3742 1335 3809 tricentesimo
1365 3742 1759 3814 undecimo·-

1435 3917 1585 3984 scal
1610 3919 1903 3999 wantum,
