3000 5117
658 458 1077 511 APPEme.
1118 457 1299 509 Anu.
1341 423 1877 509 Mcccc'xxxvt.
2182 439 2426 514 ccxliii

132 622 191 683 in
222 619 607 687 executione
630 618 1036 686 Testamenti
1068 620 1217 685 mei.
1308 612 1479 683 Item
1505 617 1655 683 volo
1680 630 1752 681 et
1783 616 2010 681 ordino
2039 620 2214 704 quod
2248 619 2414 700 libri,

130 708 521 785 vestimenta,
556 708 756 785 robae,
790 708 916 787 cifi,
960 722 1025 771 et
1077 706 1205 771 alia
1244 706 1483 791 jocalia
1535 720 1600 793 et
1631 705 1928 769 utensilia
1959 728 2120 783 mea,
2151 705 2218 769 in
2251 729 2416 793 prae-

130 793 293 858 dicto
320 795 693 866 Inventarjo
725 817 873 860 meo
902 793 1241 879 descripta,
1276 794 1510 857 dentur
1539 806 1606 857 et
1637 792 2102 857 distribuantur
2121 795 2412 877 personis

130 892 188 945 et
218 880 367 945 locis
421 895 488 947 et
539 882 623 946 ad
664 904 833 959 usus,
868 881 1121 967 quibuS,
1156 896 1223 947 et
1268 879 1349 945 ad
1380 901 1562 966 quos,
1596 879 1660 943 in
1701 880 2066 944 Inventario
2089 881 2410 964 ‚praedicto

129 967 536 1051 assignantur.
652 969 838 1046 Item,
872 981 1184 1055 quantum
1237 967 1321 1031 ad
1370 966 1814 1051 reparaciones
1843 966 2088 1031 fiendas
2119 990 2409 1053 succces-

126 1054 241 1117 sori
272 1076 433 1131 meo,
462 1077 655 1142 quem
682 1055 864 1119 Deus
884 1054 1241 1140 prosperari
1266 1054 1485 1131 faciat,
1500 1074 1620 1137 pro
1648 1051 2144 1118 conservacione
2160 1054 2408 1139 jurium

128 1141 418 1219 ecclesiae,
460 1142 607 1206 volo
640 1141 835 1228 ·quod
880 1155 1259 1207 executores
1312 1140 1459 1217 mei,
1494 1139 1718 1204 habito
1759 1154 2056 1225 respectu
2107 1142 2194 1206 ad
2245 1142 2406 1207 illud

128 1229 287 1313 quod
317 1230 530 1312 recepi
570 1229 655 1294 de
684 1229 1141 1293 executoribus
1171 1227 1636 1313 predecessoris
1666 1226 1809 1304 mei,
1843 1241 1911 1291 et
1939 1226 2024 1291 ad
2062 1248 2400 1313 expensas,

127 1336 268 1400 quas
296 1314 416 1380 feci
446 1329 745 1401 tempore
776 1338 923 1380 meo
946 1318 1117 1380 circa
1136 1314 1586 1400 reparaciones
1617 1328 1684 1378 et
1706 1313 2152 1379 edificaciones
2183 1338 2402 1395 novas,

128 1424 258 1465 cum
287 1401 461 1467 dicto
490 1425 855 1468 successore
886 1425 1031 1467 meo
1058 1401 1530 1467 rationabiliter
1575 1403 1980 1478 conveniant,
2014 1400 2064 1463 si
2096 1416 2402 1485 poterunt

128 1489 552 1573 quovismod0.
647 1491 761 1555 Sin
814 1504 1031 1555 autem
1074 1490 1437 1555 excessivus
1468 1488 1679 1565 fuerit,
1709 1487 1864 1551 volo
1892 1484 2068 1574 quod
2098 1488 2218 1574 ipsi
2248 1512 2403 1555 exe-

128 1590 363 1639 cutores
402 1578 537 1639 mei
576 1576 927 1641 defendant
948 1600 1025 1641 se
1055 1590 1281 1641 contra
1310 1578 1537 1660 ipsum,
1570 1588 1883 1661 quatenus
1914 1575 1996 1639 de
2035 1575 2186 1660 jure
2217 1592 2402 1660 pote-

128 1676 279 1739 runt,
319 1662 627 1749 quamdiu
656 1664 829 1727 bona
859 1686 1003 1729 mea
1051 1662 1441 1739 duraverint,
1487 1660 1674 1725 salvis
1712 1682 1966 1746 >semper
1995 1664 2284 1745 superius
2330 1676 2400 1728 et

127 1748 363 1813 inferius
394 1750 649 1837 legatis,
675 1772 822 1837 quae
856 1750 1001 1815 volo
1024 1749 1307 1815 subtrahi
1331 1748 1774 1835 quovismodo.
1872 1748 1973 1811 Ad
1997 1748 2162 1813 hanc
2182 1764 2399 1815 tamen

128 1834 446 1899 clausulam
498 1838 594 1901 ita
629 1836 897 1922 praecise
940 1838 1405 1902 observandam
1436 1836 1588 1899 nolo
1617 1849 1995 1899 executores
2027 1857 2202 1899 meos
2230 1859 2400 1922 prae-

130 1921 313 1986 dictos
358 1922 531 1988 adeo
577 1924 845 2008 astringi
899 1924 1157 1988 vinculo
1200 1922 1571 2008 juramenti,
1635 1922 1812 2008 quin,
1869 1922 2227 2006 ponderata
2275 1922 2396 1989 hac

130 2009 438 2074 voluntate
484 2032 659 2088 mea,
692 2010 963 2075 liberum
1008 2012 1287 2076 habeant
1332 2009 1665 2074 arbitrium
1711 2008 1936 2072 melius
1981 2022 2050 2073 et
2079 2008 2308 2087 sanim,
2343 2011 2398 2075 si

130 2098 393 2179 poterint
436 2097 840 2181 disponendi.
958 2098 1123 2162 Item
1162 2099 1220 2162 le
1267 2120 1308 2160 o
1341 2096 1738 2180 Margaretae
1789 2095 1991 2160 sorori
2045 2118 2208 2161 meae
2237 2120 2396 2183 qua·
2503 2178 2514 2185 ἢ

132 2181 399 2270 draginta
440 2184 659 2251 libras.
757 2186 926 2249 Item
958 2186 1109 2285 lego
1138 2120 1403 2249 cufiibet
1430 2182 1736 2247 scutifero
1763 2204 1910 2247 meo
1939 2182 2253 2261 famulari,
2285 2185 2396 2271 qui

130 2289 353 2333 mecum
377 2270 775 2336 familiariter
805 2272 1095 2337 extiterit
1125 2287 1415 2355 tempore
1448 2270 1669 2334 mortis
1700 2292 1883 2344 meae,
1929 2270 2102 2333 ultra
2129 2292 2210 2333 ea
2248 2293 2396 2357 quae

124 2353 187 2417 in
213 2356 327 2419 hoc
358 2358 783 2423 Testamento
811 2380 958 2423 meo
987 2374 1136 2423 sunt
1181 2380 1401 2423 eorum
1448 2358 1764 2445 aliquibus
1795 2378 1908 2441 per
1938 2378 2005 2421 se
2033 2356 2398 2442 specialiter

129 2442 435 2527 assignata,
489 2458 758 2509 centum
810 2446 1068 2510 solidos.
1162 2444 1251 2510 Et
1302 2445 1566 2510 cuilibet
1596 2444 1848 2508 valecto
1901 2466 2049 2507 meo
2079 2444 2392 2522 famulari,

127 2528 273 2593 ultra
299 2553 374 2595 ea
400 2553 547 2616 quae
566 2531 829 2595 inferius
857 2533 925 2596 in
956 2533 1080 2597 hoc
1109 2532 1530 2597 Testamento
1563 2552 1708 2595 meo
1735 2542 1886 2594 sunt
1917 2552 2140 2595 eorum
2171 2530 2399 2617 aliqui-

130 2614 229 2679 bus
267 2640 378 2702 per
418 2640 487 2682 se
532 2619 897 2704 specialiter
942 2622 1276 2705 assignata,
1322 2618 1608 2706 quinque
1653 2638 1924 2684 marcas.
2017 2617 2104 2682 Et
2131 2618 2395 2683 cuilibet.

128 2702 337 2768 famulo
368 2726 509 2770 meo
540 2706 857 2784 familiari,
890 2722 1121 2771 vocato
1149 2727 1391 2789 grome‚
1424 2707 1596 2771 ultra
1623 2727 1702 2770 ea
1731 2726 1878 2791 quae
1904 2703 1974 2767 in
2001 2702 2126 2767 hoc
2161 2704 2224 2769 T
2225 2719 2394 2771 esta·

128 2804 316 2854 mento
362 2812 511 2857 meo
548 2805 709 2857 sunt
760 2815 984 2857 eorum
1038 2793 1353 2879 aliquibus
1404 2815 1519 2878 per
1564 2815 1632 2856 se
1661 2790 2024 2876 specialiter
2053 2793 2392 2877 assignata,

126 2877 513 2963 quadraginta
559 2880 817 2945 solidos.
915 2880 1001 2945 Et
1045 2879 1307 2945 cuilibet
1351 2894 1622 2968 pagetto
1669 2901 1814 2943 meo
1843 2876 2135 2941 familiari
2167 2878 2395 2967 viginti

126 2962 357 3030 solidos.
446 2967 617 3031 Item
664 2967 811 3031 volo
840 2969 1015 3054 quod
1047 2992 1087 3032 a
1114 2982 1404 3053 tempore
1434 2970 1655 3031 mortis
1685 2986 1848 3028 meae
1878 2986 2077 3049 usque
2109 2964 2192 3029 ad
2219 2987 2396 3030 men-

127 3067 238 3113 sem
278 3054 663 3137 completum
707 3074 853 3138 post
882 3055 1198 3119 solemnes
1229 3054 1536 3141 exequias
1566 3053 1802 3116 funeris
1833 3052 1962 3114 mei
1991 3050 2220 3115 domus
2249 3073 2396 3115 mea

126 3156 245 3199 cum
276 3138 683 3205 familiaribus
716 3141 892 3218 meis,
924 3142 1035 3228 qui
1066 3163 1397 3206 remanere
1424 3139 1764 3215 voluerint,
1791 3138 2040 3221 integre
2063 3150 2394 3215 teneatur‘3

125 3237 185 3285 ut
213 3224 444 3290 interim
472 3227 559 3291 de
587 3229 767 3292 novis
796 3228 1071 3293 dominis
1101 3242 1169 3293 et
1200 3228 1514 3313 magistris
1545 3227 1667 3291 sibi
1689 3224 2090 3311 provideant,
2123 3224 2232 3311 qui
2265 3246 2396 3289 nou

127 3310 409 3378 sufficiunt
444 3314 565 3379 sibi
598 3314 768 3399 ipsis,
863 3316 1031 3379 Item
1063 3316 1232 3379 ultra
1260 3337 1338 3379 ea
1366 3337 1514 3402 quae
1541 3312 1952 3377 intitulantur
1983 3310 2046 3375 in
2077 3310 2254 3375 dicto
2281 3312 2395 3377 In-

128 3402 381 3463 ventario
430 3424 581 3465 meo
628 3424 745 3487 pro
802 3402 1057 3467 Thoma
1112 3402 1400 3480 Holden‚
1452 3402 1597 3485 lego
1645 3400 1855 3465 eidem
1915 3398 2216 3476 Thomae,
2273 3420 2394 3483 pro

129 3480 275 3548 bono
312 3504 377 3551 et
420 3488 611 3573 legali
662 3489 931 3553 servicio
974 3512 1091 3553 suo
1136 3489 1328 3553 michi
1378 3490 1687 3573 impenso,
1719 3502 1788 3551 et
1816 3509 1936 3571 pro
1967 3486 2292 3550 laboribus
2323 3501 2391 3551 et

131 3574 389 3655 expensis
418 3575 570 3653 suis,
602 3598 763 3662 quos
794 3576 861 3639 in
892 3575 1163 3641 servicio
1192 3598 1339 3641 meo
1366 3575 1664 3639 sustinuit
1693 3587 1759 3639 et
1779 3572 2141 3651 sustinebit,
2166 3572 2390 3657 viginti

128 3656 355 3724 solidos.
442 3663 611 3727 Item
660 3663 829 3727 ultra
869 3686 949 3727 ea
990 3686 1139 3749 quae
1184 3663 1586 3728 intitulantur
1631 3661 1693 3725 in
1741 3661 1972 3726 eodem
2015 3661 2394 3725 Inventario

132 3762 252 3807 meo
292 3768 404 3831 pro
458 3750 780 3815 Nicholao
824 3750 1085 3827 Hulme,
1134 3750 1285 3835 lego
1313 3750 1548 3827 eidem
1597 3748 1940 3823 Nichola0,
1973 3768 2092 3831 pro
2122 3746 2294 3811 bono
2322 3760 2396 3809 et

131 3825 291 3927 legali
334 3835 601 3900 servicio
632 3836 761 3901 'suo
806 3838 1001 3901 michi
1048 3840 1360 3921 impens0,
1394 3851 1459 3902 et
1490 3858 1610 3921 pro
1641 3834 1966 3899 laboribus
1997 3848 2064 3897 et
2093 3832 2394 3917 expensis

133 3934 237 3979 suis
276 3940 427 4007 quos
474 3924 541 3986 in
572 3923 839 3988 servicio
869 3946 1017 3988 meo
1046 3924 1344 3988 sustinuit
1374 3938 1441 3988 et
1472 3923 1832 3998 sustinebit,
1865 3919 2088 4002 vigint-i
2121 3940 2389 3984 marcas.

134 3998 273 4067 Item
318 4008 477 4073 ultra
529 4032 607 4074 ea
656 4032 805 4097 quae
854 4011 1263 4076 intitulantur
1308 4011 1374 4074 in
1422 4011 1600 4075 dicto
1653 4006 2020 4073 Inventario
2073 4026 2220 4069 meo
2271 4026 2394 4091 pro

134 4086 357 4157 domino
398 4095 695 4161 Johanne
748 4097 1036 4163 Radcliff
1055 4098 1449 4162 thesaurario
1479 4094 1748 4182 hospicii
1789 4092 1936 4163 mei,
1984 4092 2132 4177 lego
2183 4092 2394 4156 eidem

134 4172 363 4244 domino
408 4204 529 4267 pro
580 4184 795 4248 bono*
848 4196 958 4251 etc·
1006 4184 1235 4270 viginti
1272 4206 1538 4249 marcas.
1637 4184 1802 4247 Item
1835 4181 2004 4246 ultra
2039 4218 2116 4235 --
2144 4179 2396 4244 Jacobo

136 4260 515 4355 Grenehalgh
560 4292 681 4355 pro
724 4272 899 4336 bono
943 4282 1052 4340 etc.
1102 4272 1324 4361 viginti
1374 4292 1642 4336 marcas,
1743 4268 1908 4333 Item
1946 4267 2115 4352 ultra
2163 4309 2226 4321 -
2261 4266 2394 4333 Ro-

390 4444 393 4449 ’
492 4445 521 4473 ·
546 4442 648 4497 We
670 4445 799 4498 emit
824 4446 969 4499 these
990 4447 1294 4515 repetitions
1316 4445 1397 4497 for
1420 4444 1507 4497 the
1529 4444 1648 4497 sake
1673 4442 1732 4496 of
1757 4442 1981 4507 brevity„

1179 4542 1311 4607 02
