3000 5117
857 500 1274 557 Arrssumx.
1318 504 1498 554 Anu.
1542 500 2053 555 mccccxcvn.
2217 476 2625 555 ccclxxxvii

305 656 456 727 loeo
485 662 886 748 subrogabit.
1009 666 1376 731 Tenebitur
1402 664 1605 730 eciam
1639 665 1721 731 ad
1756 665 2164 731 vocacionem
2198 666 2621 751 praecentoris

291 750 592 834 praefatoe
651 752 943 818 ecclesiae
1011 754 1400 819 cathedralis
1478 752 1955 831 Duneimensis,
2033 776 2142 817 seu
2204 754 2341 836 ejus
2401 752 2617 819 locum

289 840 594 916 tenentis,
667 860 787 923 pro
859 842 1153 906 cantibus
1225 838 1679 927 previdendis*
1756 838 1967 905 fuerit.
2087 838 2365 925 Insuper
2438 840 2613 905 idem

289 922 588 989 Thomas
635 927 928 1013 quolibet
978 950 1169 1005 anun,
1215 928 1488 992 durante
1541 926 1820 993 termino
1866 926 2257 1012 supradicto,
2298 928 2607 1014 quamdiu

289 1010 462 1075 bene
493 1030 562 1077 et
592 1014 866 1079 comode
909 1015 1202 1080 laborare
1247 1016 1505 1100 poterit,
1541 1036 1733 1079 unam
1781 1036 2009 1079 novam
2044 1015 2297 1079 missam
2329 1030 2613 1101 quatuor

289 1098 404 1161 vel
430 1100 714 1186 quinque
763 1102 1074 1186 parcium,
1134 1102 1234 1166 vel
1288 1102 1532 1189 aliquid
1582 1103 1641 1167 ei
1688 1102 2074 1189 equivalens,
2128 1104 2295 1166 sicut
2322 1102 2608 1186 praefatis

297 1182 510 1249 Priori
559 1199 629 1250 et
683 1189 1061 1273 praecentori
1108 1212 1230 1276 pro
1275 1202 1567 1275 ternpore
1598 1188 2020 1254 existentibus
2054 1188 2253 1252 visum
2286 1188 2503 1265 suerit,
2541 1190 2607 1254 in

287 1270 612 1337 honorem
651 1273 797 1353 Dei,
825 1276 1035 1341 beatae
1073 1276 1305 1340 Mariae
1326 1276 1629 1365 Virginis,
1663 1291 1728 1341 et
1756 1280 1955 1340 sancti
1984 1275 2351 1354 cuthberti,
2385 1277 2601 1343 facere

289 1358 635 1424 tenebitur.
731 1362 862 1427 Pro
903 1362 1134 1450 quibus
1187 1364 1486 1427 omnibus
1528 1378 1595 1428 et
1640 1363 1905 1449 singulis
1957 1362 2255 1441 serviciis,
2304 1364 2474 1427 bene
2534 1378 2603 1431 et

287 1446 578 1511 fideliter
626 1448 1096 1533 impendendis,
1131 1450 1340 1515 dictus
1393 1450 1581 1515 Prior
1610 1470 1728 1536 pro
1758 1474 1827 1515 se
1858 1466 1925 1516 et
1968 1450 2436 1517 successoribus
2469 1454 2603 1515 suis

285 1535 607 1598 concessit
635 1535 813 1600 dicto
836 1536 1127 1601 Thomae
1175 1536 1496 1637 Foderle)⁷
1528 1538 1753 1602 decern
1802 1538 1993 1603 libras
2026 1553 2306 1603 monetae
2340 1538 2599 1622 Angliae

285 1620 372 1683 ad
431 1636 714 1708 quatuor
769 1626 918 1687 anni
973 1624 1320 1701 terminos3
1389 1624 1631 1691 scrncet
1672 1626 1755 1689 ad
1805 1625 2033 1689 festum
2082 1624 2600 1691 annunciacionis

283 1705 498 1772 beatae
547 1708 778 1773 Mariae
828 1712 1136 1797 Virginis,
1192 1712 1390 1777 sancti
1437 1712 1753 1777 Johannis
1805 1714 2135 1799 Baptistae,
2196 1710 2399 1777 sancti
2464 1712 2601 1777 Mi-

284 1793 527 1861 chaelis
575 1797 960 1883 archangeli,
1010 1813 1076 1864 et
1133 1798 1482 1865 nativitatis
1543 1798 1930 1877 Dominicoe,
1978 1821 2095 1885 per
2138 1800 2399 1887 equales
2444 1822 2595 1885 por-

281 1884 528 1961 ciones,
595 1906 724 1949 una
788 1908 934 1950 cum
1005 1886 1209 1952 tribus
1273 1885 1434 1951 ulnis
1497 1886 1696 1973 panni
1762 1887 1844 1951 de
1910 1904 2085 1952 secta
2126 1908 2591 1971 generosorum

280 1968 668 2035 clericorum
711 1973 1002 2059 quolibet
1045 1996 1216 2039 anno
1259 1974 1342 2039 ad
1387 1974 1601 2040 natale
1650 1972 1921 2039 Domini
1974 1973 2403 2061 recipiendis;
2482 1973 2596 2039 ha·

277 2056 568 2121 bendum
629 2073 694 2123 et
757 2061 1110 2126 tenendum
1169 2060 1565 2147 supradictas
1611 2061 1834 2125 decem
1882 2062 2075 2126 libras
2121 2079 2188 2127 et
2233 2076 2362 2127 tres
2412 2061 2593 2127 ulnas

278 2144 476 2229 panni
545 2146 815 2231 praesato
879 2146 1154 2212 Thomae
1221 2173 1260 2214 a
1333 2148 1510 2213 dicto
1560 2150 1789 2214 Priore
1834 2162 1903 2214 et
1945 2150 2411 2215 successoribus
2456 2150 2591 2215 suis

275 2232 454 2315 apud
501 2234 952 2300 monasterium
1017 2234 1456 2301 Dunelmense
1515 2234 1843 2301 annuatim
1893 2238 1977 2301 ad
2024 2238 2327 2303 terminos
2370 2258 2591 2321 supra,-

275 2316 488 2383 dictos
533 2318 890 2399 solvendas,
924 2322 1227 2410 quamdiu
1275 2325 1492 2387 omnia
1535 2339 1604 2389 et
1645 2324 1895 2409 singula
1942 2328 2267 2409 praemissa
2295 2324 2491 2389 modo
2522 2340 2589 2391 et

277 2404 488 2471 forma
539 2406 1014 2493 praenominatis
1073 2409 1298 2475 fecerit
1343 2424 1413 2475 et
1457 2410 1623 2475 bene
1680 2411 2177 2495 perimpleverit.
2300 2411 2367 2477 Si
2429 2434 2586 2475 vero·

277 2494 571 2578 contigat
600 2496 842 2560 dictum
877 2496 942 2561 T
943 2497 1197 2563 homam
1231 2498 1296 2561 in
1341 2513 1585 2564 tantam
1618 2498 2010 2565 debilitatem
2044 2499 2271 2563 morbo
2302 2497 2588 2565 incidere

274 2580 377 2645 vel
443 2582 814 2648 infirmitate
874 2586 1050 2671 quod
1097 2586 1425 2670 praemissa
1467 2584 1681 2650 facere
1727 2608 1836 2650 seu
1870 2586 2251 2686 perimplere.
2282 2600 2581 2671 nequeat,

274 2681 524 2733 extunc
583 2668 756 2733 idem
819 2670 1106 2736 Thomas
1149 2674 1268 2737 erit
1337 2686 1679 2737 contentus
1722 2692 2050 2759 percipere
2110 2670 2437 2737 annuatim
2498 2672 2587 2737 dc

271 2755 560 2839 praefatis
598 2756 822 2823 Priore
855 2771 921 2823 et
951 2760 1418 2824 successoribus
1449 2760 1581 2824 suis
1628 2780 1745 2845 pro
1792 2774 2078 2845 tempore
2111 2757 2581 2823 incumbenciae

273 2865 412 2907 suae
441 2844 727 2929 quinque
758 2867 999 2910 marcas
1031 2846 1263 2911 usualis
1287 2860 1571 2911 monetae
1605 2846 1874 2931 Angliae.
1973 2846 2045 2912 In
2070 2849 2249 2933 cujus
2272 2846 2361 2909 rei
2397 2846 2579 2910 testi-

269 2932 560 2993 monium
592 2930 866 3015 sigillum
915 2948 1223 3011 nostrum,
1265 2944 1376 3001 etc.
1471 2934 1648 2998 Data
1678 2936 1743 2998 in
1776 2932 1991 3017 vigilia
2020 2934 2221 3001 sancii
2264 2933 2575 2999 Johannis

276 3014 615 3102 Baptistae,
649 3040 820 3087 anno
855 3020 1140 3101 Domini,
1173 3031 1306 3100 etc„
1339 3026 1717 3090 Lxxxxv1‘0.
1811 3025 2075 3104 [1496.]

449 3374 632 3422 cccl.
711 3374 892 3418 NOTA
927 3374 1555 3420 DELIBERACIONUM
1591 3372 2019 3420 S1G1LLontJM
2045 3372 2398 3420 JOHANNIS

576 3461 958 3507 sussnnwon
993 3462 1338 3513 QUONDAM
1373 3464 1685 3507 EPlscoPI
1720 3462 2234 3508 DUNELMBNsts.

1177 3579 1352 3645 [cm.
1381 3580 1428 3631 1.
1451 3578 1490 3629 r.
1521 3580 1655 3648 ιη]

357 3691 864 3760 Memorandum
909 3694 1084 3783 quod
1125 3696 1348 3796 quinto
1393 3695 1500 3760 die
1547 3694 1781 3760 mensis
1830 3696 2045 3771 Febr„
2091 3716 2257 3757 anno
2299 3692 2567 3760 Domini

262 3782 605 3847 millesimo
649 3783 1291 3870 quadringentesimo
1326 3783 1747 3868 nonagesimo
1777 3796 1986 3859 sexto,
2020 3783 2337 3865 dompnus
2382 3782 2568 3845 Tho-

261 3890 402 3934 mas
441 3870 754 3935 Swalwell
802 3870 1150 3934 monachus
1197 3869 1518 3955 gremialis
1562 3868 1849 3935 ecclesioe
1884 3866 2263 3933 cathedralis
2308 3866 2565 3932 Dunel·

259 3959 524 4034 mensis,
573 3980 774 4021 sacrae
835 3956 1179 4043 theologiae
1250 3957 1629 4021 bacallarius
1677 3970 1745 4021 et
1804 3953 2222 4019 cancellarius
2272 3953 2563 4017 ecclesiae

259 4043 652 4109 cathedralis
699 4044 1047 4128 praedictae,
1105 4043 1241 4110 vice
1282 4059 1351 4109 et
1395 4042 1655 4109 nomine
1698 4040 2075 4107 venerabilis
2118 4038 2238 4103 viri
2274 4036 2568 4124 magistri

267 4128 598 4217 Radulpbi
638 4130 831 4208 Both,
865 4130 1295 4197 archidiaconi
1323 4129 1793 4207 Dunelmensis
1826 4142 1893 4194 et
1917 4125 2273 4193 cancellarii
2297 4144 2561 4191 venera-

259 4216 406 4282 bilis
437 4219 640 4305 patris
669 4218 986 4283 Johannis
1024 4218 1390 4293 Sherewod,
1437 4239 1641 4303 nuper
1684 4231 1752 4281 et
1797 4214 2169 4279 immediate
2210 4214 2366 4278 dum
2396 4212 2561 4279 vixit

259 4304 550 4391 episcopi
583 4304 1060 4384 Dunelmensis,
1095 4307 1232 4390 ipso
1261 4303 1568 4393 magistro
1620 4302 1963 4389 Radulpho
1992 4300 2175 4388 gravi
2200 4315 2439 4366 vexato
2466 4300 2560 4365 in-

325 4482 364 4543 ss
397 4479 520 4533 The
551 4480 752 4549 copyist
791 4478 884 4534 lm
923 4479 1142 4535 omitted
1184 4480 1274 4533 the
1313 4476 1479 4531 words
1518 4481 1553 4511 “
1566 4478 1760 4531 tociens
1792 4477 2035 4546 quociens
2056 4474 2119 4529 ad
2154 4474 2251 4529 hoc
2286 4476 2561 4545 praemoni-

259 4549 398 4599 tus?

1313 4616 1352 4675 2
1391 4632 1433 4675 n
1485 4616 1527 4676 2
