3000 5117
525 446 772 521 cxlviii·
989 466 1194 517 msr.
1234 464 1594 515 nussam.
1634 464 2101 515 scnwronns
2137 464 2357 515 Tuas,

523 620 836 705 ecclesioe,
913 627 1024 715 qui
1097 648 1218 711 pro
1277 640 1569 711 tempore
1616 624 1875 703 fuerint,
1938 624 2148 703 mitra,
2208 626 2445 690 baculo
2504 623 2841 710 pastorali,

523 717 790 793 annale,
822 737 897 780 ac
927 714 1249 791 sandaliiS,
1295 728 1363 778 et
1392 713 1529 776 aliis
1560 711 2034 798 pontificalibus
2066 711 2373 795 insigniis,
2406 712 2607 777 libere
2640 710 2845 795 possi-

525 803 605 868 tis
635 803 750 879 uti,
799 801 851 865 si
898 818 964 867 et
995 802 1056 865 in
1092 814 1400 887 quantum
1447 799 1644 885 aliqui
1675 798 1781 863 alii
1821 800 2075 863 Priores
2112 799 2601 865 cathedralium
2634 799 2845 863 eccle·

525 892 763 955 siarum
809 887 1050 953 ordinis
1101 890 1324 953 Sancti
1359 887 1704 951 Benedicti.
1726 886 1791 950 in
1822 908 2028 971 regno
2060 886 2314 970 Angliae
2342 887 2845 951 consistencium

521 976 645 1042 illis
678 989 964 1053 utuntur,
999 975 1202 1040 felicis
1229 973 1699 1039 recordacionis
1728 973 2085 1038 Alexandri
2115 974 2311 1058 Papae
2334 994 2445 1038 1111
2472 974 2842 1057 praedeces-

524 1063 688 1128 soris
719 1062 940 1140 nostri,
971 1085 1118 1149 quae
1150 1061 1373 1147 incipit
1404 1062 1691 1139 Abbates,
1723 1074 1791 1125 et
1816 1060 1952 1125 aliis
1982 1060 2490 1148 quibuscumque
2522 1060 2843 1125 constitu-

525 1151 820 1215 cionibus
861 1148 1235 1234 apostolicis
1279 1148 1345 1211 in
1401 1150 1796 1213 contrarium
1850 1150 2043 1213 editis
2100 1170 2508 1236 nequaquam
2571 1148 2841 1212 obstan-

526 1238 699 1303 tibus
753 1237 938 1300 vobis
985 1250 1052 1301 et
1105 1236 1350 1301 eisdem
1397 1234 1866 1298 successoribus
1910 1234 2292 1300 auctoritate
2340 1234 2705 1321 apostoliea
2758 1235 2841 1299 dc

521 1324 782 1410 speciali
839 1322 1058 1408 gracia
1116 1337 1338 1388 tenore
1397 1320 1817 1407 praesencinm
1880 1320 2307 1405 indulgemus,
2431 1322 2616 1405 Nulli
2678 1330 2841 1405 ergo'

522 1411 786 1476 omnino
839 1410 1168 1474 hominum
1225 1410 1416 1473 liceat
1467 1409 1636 1471 hanc
1682 1408 1977 1493 paginam
2024 1424 2261 1473 nostrae
2304 1408 2745 1474 concessionis
2775 1422 2845 1471 et

525 1498 874 1562 voluntatis
925 1494 1566 1585 infringere.—Data
1620 1494 1870 1573 Romae,
1926 1495 2099 1579 apud
2167 1497 2478 1561 Sanctum
2536 1497 2843 1573 Petrum,

523 1606 626 1649 ιιι
661 1584 789 1662 kal,
825 1582 1129 1671 Augusti,
1159 1583 1571 1669 pontificatus
1602 1584 1803 1646 nostri
1832 1604 2007 1647 anuo
2035 1583 2346 1651 secundo.

703 1998 968 2043 GXXXH.
1021 1997 1110 2043 DE
1143 1996 1385 2041 MORTE
1417 1997 1682 2041 TnoMAE
1707 1997 2020 2043 Erxscom
2047 1998 2541 2043 DUNELMENSIS
2568 1998 2667 2045 ΕΤ

701 2084 792 2129 ΒΕ
843 2086 984 2129 Rus
1031 2085 1188 2135 QUAE
1237 2085 1745 2128 RMGEBANTUR.
1799 2087 1885 2129 ET
1934 2086 2282 2136 QUANTUM
2318 2086 2665 2130 soum-BA-

701 2171 844 2215 Tun
889 2172 1230 2215 SACRISTAE
1277 2172 1733 2216 DUNELMssNsx
1780 2173 1915 2217 PER
1948 2173 2403 2218 Exsscuroluts
2435 2174 2667 2219 lrsms

696 2258 835 2304 ΒΕΘ
869 2257 1359 2304 ΕὔΝΕΒΑΗΒῸὸ
1391 2258 1733 2303 EJUSDEM.

1497 2374 1638 2443 grui.
1666 2379 1761 2436 197
1785 2379 1874 2443 s}

617 2496 810 2560 Anno
853 2494 1089 2581 graciae
1135 2510 1585 2571 Mcccnxxxw,
1633 2507 1863 2559 octavo
1907 2493 2012 2559 die
2042 2494 2274 2559 mensis
2310 2495 2493 2575 Maii,
2526 2496 2643 2585 qui
2676 2498 2847 2567 feria

519 2596 752 2669 quarta
793 2582 1086 2667 contigit,
1135 2605 1306 2647 anno
1349 2581 1486 2659 illo,
1536 2579 1710 2645 circa
1739 2579 1961 2645 horam
1992 2581 2120 2647 diei
2153 2604 2410 2661 nonam,
2442 2585 2609 2650 obiit
2640 2588 2845 2654 bonae

525 2668 856 2734 memoriae
907 2668 1194 2733 Thomas
1242 2668 1338 2733 de
1385 2668 1675 2733 Hatfield
1736 2666 2096 2767 Episcopus
2144 2668 2601 2737 Dunelmensis
2656 2676 2846 2759 apud

521 2778 812 2820 mansum
857 2774 1041 2819 suum
1090 2777 1294 2845 prope
1349 2754 1651 2833 London,
1703 2754 1877 2841 quod
1932 2754 2169 2819 dieitur
2223 2756 2559 2823 Aldeford.
2624 2762 2847 2847 Cujus

521 2864 752 2927 corpus
783 2866 930 2907 cum
960 2843 1406 2929 solempnitate
1435 2856 1504 2907 et
1534 2842 1893 2919 honestate,
1926 2864 2055 2929 qua
2083 2842 2323 2920 decuit,
2350 2866 2551 2933 usque
2579 2846 2848 2914 Dunel-

521 2928 742 2995 mum*
795 2947 893 2995 est
938 2930 1245 3008 delatum,
1300 2928 1653 2993 comitante
1700 2950 1952 3014 semper
1994 2950 2141 2993 cum
2185 2952 2457 3015 corpore
2502 2954 2579 2997 ac
2610 2935 2851 3001 missas

523 3018 753 3102 saepius
798 3018 1166 3083 celebrante
1215 3018 1541 3102 Episcopo
1589 3015 2055 3095 Hei-fordensi,
2086 3038 2232 3081 cum
2268 3017 2483 3082 multis
2509 3020 2656 3084 aliis
2686 3048 2845 3109 per-

515 3105 690 3169 sonis
723 3106 1088 3170 valentibus-
1107 3120 1175 3169 et
1204 3104 1553 3189 praeclariS.
1649 3102 1934 3187 Cognita
1961 3118 2169 3167 morte
2199 3104 2495 3188 pastoris,
2528 3112 2845 3176 monachi

522 3190 1020 3270 DunelmenseS,
1081 3206 1386 3278 tanquam
1446 3211 1567 3275 pro
1624 3202 1805 3274 patre
1864 3190 2325 3274 benignissimo
2378 3194 2840 3277 condolentes,

517 3279 654 3363 ejus
685 3279 962 3343 animam
995 3278 1282 3342 omnium
1317 3274 1609 3343 Creatori
1639 3275 1945 3341 devocius
1975 3279 2599 3359 recommendatum,
2628 3284 2851 3349 missis

516 3364 774 3430 duobus
801 3364 1102 3429 fratribus
1133 3366 1216 3429 ad
1247 3364 1580 3428 dominum
1616 3364 1866 3448 Regem
1898 3386 2020 3449 pro
2049 3365 2332 3450 eligendi
2362 3366 2633 3434 licencia
2662 3375 2843 3457 opti-

517 3452 768 3519 nenda-
883 3451 1172 3528 Interim,
1247 3450 1757 3537 apropinquaute
1814 3450 1944 3528 die,
2006 3472 2139 3537 quo
2197 3452 2407 3517 fuerat
2468 3456 2841 3523 tradendus

518 3536 972 3601 ecclesiasticas
1025 3536 1394 3622 sepulturae,
1455 3542 1862 3602 'accesserunt
1921 3553 2303 3604 executores
2362 3540 2525 3605 dicti
2579 3544 2841 3610 domini

518 3622 834 3709 Episcopi?
871 3624 960 3689 ad
999 3623 1334 3687 dominum
1383 3622 1671 3689 Priorem
1708 3638 2010 3709 rogantes
2038 3626 2358 3712 quatinus,
2390 3628 2477 3692 ob
2508 3629 2837 3697 honorem

514 3712 828 3795 corporis,
875 3722 1142 3796 possent
1185 3710 1518 3790 veredam,
1562 3714 1666 3775 An
1718 3711 1837 3775 lice
1868 3710 2136 3790 chariot,
2170 3712 2236 3776 in
2282 3736 2411 3800 qua
2438 3715 2593 3781 dicti
2625 3720 2839 3802 patris

512 3820 745 3884 corpus
793 3799 1000 3863 fuerat
1045 3796 1478 3883 deportatum,
1527 3736 1723 3863 simifi
1760 3820 1907 3863 curn
1952 3820 2225 3885 corpore
2265 3802 2330 3863 in
2358 3801 2703 3869 ecelesiam
2737 3806 2837 3870 in-

515 3888 899 3962 troducere3
943 3908 1018 3950 ac
1059 3898 1289 3969 postea
1318 3884 1519 3970 ipsam
1550 3886 1848 3951 veredam
1882 3906 2027 3949 cum
2058 3886 2237 3973 equis
2270 3886 2471 3953 libere
2500 3890 2836 3959 abducere

508 3988 578 4039 et
607 3974 916 4039 rehabere
941 3998 956 4037 ε
989 3971 1144 4038 alias
1176 3972 1425 4037 nollent
1454 3972 1656 4058 ipsam
1689 3971 1990 4052 veredam
2018 3971 2184 4037 infra
2211 3972 2591 4040 cimiterium
2615 3978 2837 4045 addu-

508 4082 677 4139 cere,
723 4061 840 4125 sed
885 4076 1072 4125 extra
1108 4058 1488 4124 cimiterium
1520 4081 1753 4144 corpus
1781 4058 2122 4143 deponere,
2156 4082 2231 4124 ac
2261 4082 2455 4149 super
2486 4063 2837 4131 hominum

507 4146 812 4212 humeros
841 4147 904 4210 in
935 4148 1268 4212 ecclesiam
1300 4147 1685 4231 deportare3
1716 4146 1867 4233 quia
1902 4158 1972 4209 ut
2003 4147 2398 4226 asserebant,
2435 4171 2554 4214 nec
2583 4154 2834 4219 vereda

506 4256 630 4299 nec
675 4234 825 4323 equi
857 4233 1162 4322 Episcopi
1193 4234 1463 4312 fuerant,
1497 4234 1611 4298 sed
1643 4234 1799 4297 dum
1834 4231 1998 4297 vixit
2028 4233 2151 4300 ista
2181 4247 2245 4299 et
2276 4233 2493 4301 omnia
2522 4236 2653 4303 alia
2683 4262 2729 4305 a
2755 4262 2831 4306 se

580 4410 616 4437 ⁸
644 4406 945 4474 [Auklande
967 4410 1056 4460 ubi
1084 4424 1178 4475 per
1215 4408 1412 4481 aliquot
1451 4408 1561 4462 dies
1602 4410 1904 4479 requievit]-
1976 4408 2148 4468 These
2183 4408 2347 4463 words
2381 4426 2469 4464 arc
2492 4410 2618 4466 here
2640 4416 2829 4469 struck

508 4476 734 4546 through
758 4478 884 4531 with
909 4476 998 4531 the
1019 4492 1142 4543 pen.
2016 4500 2022 4503 -
2246 4512 2253 4519 ·
