3000 5117
1121 481 1537 536 urnnmx.
2340 456 2481 530 lxxi

162 655 228 710 et
257 643 740 708 successoribus
767 641 1020 722 nostris,
1047 643 1184 710 sine
1215 644 1427 731 aliqua
1451 644 1805 709 eorundem
1827 641 2305 708 Monachorum
2328 663 2483 706 con-

164 729 580 808 tradictione,
639 731 705 794 in
766 745 1152 816 perpetuum
1211 731 1593 800 remanebit.
1695 731 1860 796 Item
1920 729 2355 806 concedimuS,
2412 742 2483 794 et

161 817 475 903 praesenti
523 831 706 882 carta
749 817 1221 896 confirmamus,
1261 819 1467 882 Priori
1516 833 1580 884 et
1615 817 1978 883 Conventui
2026 815 2473 893 Dunelmensi,

163 919 238 968 ut
267 905 556 970 habeant
591 904 920 989 Capellam
959 905 1044 970 de
1078 905 1358 970 Cornale
1388 927 1532 969 cum
1564 907 1867 970 omnibus
1914 903 2320 990 pertinenciis
2345 905 2475 968 suis

161 1006 568 1078 spectantem
601 991 686 1056 ad
714 991 1042 1057 matricem
1078 992 1410 1056 ecclesiam
1439 993 1525 1058 de
1558 992 1869 1070 Norbam,
1902 1005 1971 1056 et
2004 991 2341 1077 Capellam
2386 989 2471 1054 de

169 1079 491 1144 Anecroft
515 1101 660 1143 cum
694 1079 988 1144 omnibus
1017 1079 1418 1164 pertinenciis
1447 1080 1575 1144 suis
1605 1094 1999 1165 spectantem
2030 1079 2113 1143 ad
2144 1075 2473 1142 matricem

164 1165 508 1230 ecclesiam
541 1167 624 1230 de
655 1165 876 1230 Insula
921 1166 988 1229 in
1035 1189 1184 1230 usus
1215 1169 1507 1252 proprios
1536 1167 1598 1232 in
1632 1179 2041 1253 perpetuum.
2140 1161 2467 1240 Similiter,

149 1253 470 1338 prasenti
499 1252 675 1318 carta
703 1253 1156 1318 confirmamus
1185 1253 1276 1318 eis
1330 1254 1397 1318 in
1439 1269 1843 1339 perpetuum,
1878 1252 1943 1317 in
1974 1251 2266 1338 proprios
2296 1273 2469 1328 usuS‚

163 1339 522 1406 Ecclesiam
567 1339 653 1404 de
685 1339 930 1404 Dalton
977 1362 1124 1404 cum
1168 1341 1466 1406 omnibus
1496 1340 1909 1427 pertinenciis
1936 1340 2085 1416 suis,
2120 1339 2203 1403 ad
2238 1339 2467 1403 Came-

159 1449 300 1491 ram
331 1426 710 1504 eorundem,
741 1426 906 1491 sicut
935 1425 1000 1490 in
1031 1429 1205 1492 carta
1234 1429 1570 1494 memorati
1595 1427 1856 1493 Ricardi
1886 1428 1967 1492 de
1996 1427 2279 1492 Marisco
2300 1445 2467 1510 prae-

161 1514 520 1578 decessoris
566 1514 789 1592 nostri,
822 1537 1014 1602 quam
1060 1513 1212 1580 inde
1262 1515 1524 1594 habent,
1558 1517 1809 1602 plenius
1850 1514 2249 1578 continetur:
2298 1512 2473 1575 salva

161 1601 480 1686 perpetua
509 1600 742 1664 vicaria
772 1603 838 1665 in
871 1595 1098 1666 eade‘m
1137 1601 1442 1668 Ecclesia.
1536 1603 1967 1669 Concedimus
2000 1600 2189 1665 etiam
2222 1599 2465 1663 eisdem

165 1688 518 1754 Monachis
575 1711 705 1773 quo
763 1692 910 1775 [sic]
945 1689 1228 1754 habeant
1283 1692 1348 1754 in
1382 1705 1763 1776 perpetuum
1800 1689 2064 1753 liberum
2098 1709 2283 1774 aquoe
2314 1685 2475 1750 duc-

165 1790 306 1839 tum
337 1798 459 1860 per
492 1789 725 1839 terram
747 1790 1048 1854 nostram,
1073 1775 1314 1842 scilicet
1333 1791 1464 1842 tam
1485 1800 1601 1862 per
1624 1791 1859 1842 terram
1884 1797 2075 1862 quam
2102 1796 2215 1859 per
2232 1796 2468 1860 aquam

161 1863 302 1926 sine
379 1861 718 1927 manifesto
784 1862 1068 1948 dampno
1125 1879 1346 1928 nostro
1407 1865 1513 1928 vel
1572 1885 2013 1929 successorum
2080 1881 2465 1928 nostrorum.

169 1950 634 2014 Remanebunt
693 1964 912 2014 autem
957 1951 1228 2038 integrae
1274 1952 1458 2016 nobis
1505 1967 1571 2016 et
1614 1950 2081 2015 successoribus
2125 1949 2359 2013 nostris
2404 1948 2471 2010 in

165 2052 556 2120 perpetuum
601 2036 778 2101 bosci
809 2036 892 2101 de
929 2035 1360 2102 Brakenholm
1394 2052 1461 2103 et
1514 2039 1597 2104 de
1640 2037 1927 2114 Wdhale,
1960 2037 2137 2101 salvo
2171 2035 2378 2101 Priori
2410 2051 2477 2100 et

167 2123 526 2188 Monachis
571 2122 1112 2189 Dunelmensibus
1161 2124 1226 2189 in
1277 2140 1665 2214 perpetuum
1714 2127 1912 2190 bosco
1961 2147 2079 2190 suo
2125 2123 2206 2188 de
2266 2123 2475 2186 Hem-

163 2211 466 2274 minburc
517 2233 634 2294 per
682 2229 888 2275 certas
937 2211 1166 2277 divisas
1207 2236 1374 2282 suas,
1471 2214 1961 2278 Reservavimus
1995 2233 2146 2276 vero
2176 2208 2358 2274 nobis
2404 2225 2477 2274 et

161 2298 638 2362 successoribus
670 2298 898 2362 nostris
930 2299 992 2363 in
1027 2315 1410 2385 perpetuum
1443 2300 1744 2366 forestam
1777 2312 2080 2364 nostram.
2160 2298 2265 2364 Ita
2292 2297 2469 2382 quod

159 2385 328 2450 dicti
367 2384 556 2449 Prior
606 2399 672 2450 et
719 2385 1030 2450 Monachi
1059 2388 1521 2453 Dunelmenses
1548 2411 1675 2452 non
1704 2401 2009 2472 poterunt
2040 2385 2102 2448 in
2135 2385 2212 2449 ea
2242 2406 2475 2469 capere

161 2474 436 2538 buscam
491 2472 592 2536 vel
625 2473 1018 2554 maremium,
1054 2473 1167 2538 nisi
1216 2498 1300 2542 ex
1328 2477 1547 2562 gracia
1574 2491 1641 2540 et
1674 2473 1935 2540 licencia
1964 2473 2179 2538 nostra
2221 2485 2289 2536 et
2333 2494 2477 2535 suc-

162 2581 510 2624 eessorum
541 2561 644 2624 vel
673 2559 1048 2626 ballivorum
1097 2580 1484 2630 nostrorum.
1606 2563 1851 2627 Locum
1886 2583 2039 2626 vero
2070 2559 2179 2646 qui
2210 2572 2479 2623 vocatur

167 2647 405 2712 Landa
440 2647 574 2711 Dei
597 2670 744 2712 cum
776 2649 1180 2732 pertinenciis
1209 2649 1336 2716 suis
1368 2651 1779 2716 concedimus
1810 2665 1875 2714 et
1908 2649 2359 2712 confirmamus
2406 2645 2475 2708 in

163 2749 557 2820 perpetuum
592 2734 980 2800 Sacristarioe
1025 2738 1464 2816 Dunelmensi‚
1499 2739 1663 2803 sicut
1692 2738 1871 2802 illum
1902 2736 2118 2800 locum
2152 2734 2373 2798 habult
2404 2747 2475 2796 et

165 2823 378 2888 tenuit
407 2822 612 2886 frater
650 2823 958 2887 Ranulfus
989 2825 1070 2889 de
1109 2825 1286 2890 dono
1325 2826 1627 2910 Hugonis
1658 2825 1981 2912 quondam
2016 2821 2475 2885 Dunelmensis

167 2909 510 2995 Episcopi.
600 2910 706 2976 Ad
737 2909 878 2976 haec
908 2911 1342 2988 concedimus,
1376 2928 1442 2978 et
1469 2913 1764 2998 proesenti
1798 2911 1973 2976 carta
2002 2911 2472 2984 confirmamuS,

163 3018 283 3082 pro
317 2998 511 3060 nobis
543 3010 610 3060 et
639 2999 1108 3064 successoribus
1141 2999 1396 3076 nostris,
1431 3001 1607 3086 qnod
1652 2998 1807 3063 dicti
1846 2999 2031 3062 Prior
2059 3009 2125 3060 et
2162 2995 2473 3060 Monachi

167 3085 656 3149 Dunelmenses
683 3085 962 3150 habeant
994 3102 1056 3153 et
1091 3101 1357 3152 teneant
1401 3086 1464 3152 in
1516 3101 1891 3173 perpetuum
1912 3085 2177 3150 boscum
2211 3083 2295 3146 de
2328 3082 2477 3146 He-

163 3171 334 3236 wrth
367 3193 489 3255 per
517 3170 632 3234 has
662 3170 908 3250 divisa&
926 3174 1170 3240 scilicet
1199 3190 1404 3240 totum
1435 3177 1703 3240 boscum
1736 3187 1803 3238 et
1833 3185 2035 3238 totam
2068 3183 2303 3233 terram
2327 3191 2474 3232 cum

165 3260 434 3343 pastura
479 3280 564 3322 ex
611 3258 904 3324 orientali
935 3276 1117 3346 parte
1161 3261 1246 3327 de
1281 3261 1697 3339 Merebnrne,
1728 3261 1979 3325 de'sicut
2010 3258 2209 3322 currit
2240 3256 2305 3320 in
2339 3257 2476 3341 Ty-

163 3368 318 3410 nam
353 3367 576 3410 versus
621 3368 818 3410 mare.
911 3347 996 3413 Et
1025 3349 1090 3412 in
1133 3349 1808 3434 recompensacionem
1838 3346 2029 3431 hujus
2058 3360 2293 3409 nostrae
2324 3366 2479 3407 con-

163 3431 475 3497 cessionis
529 3447 596 3496 et
655 3435 1182 3514 confirmacionis,
1228 3437 1311 3500 de
1357 3458 1615 3501 assensu
1670 3450 1735 3500 et
1780 3434 2113 3500 voluntate
2158 3432 2480 3496 dictorum

165 3520 670 3598 Monachorum,
707 3520 884 3585 locus
913 3521 1018 3586 ille
1049 3525 1158 3623 qui
1189 3521 1425 3587 dicitur
1457 3523 1793 3602 Yreshale,
1830 3544 1975 3587 cum
2007 3519 2301 3584 omnibus
2332 3541 2483 3605 per-

165 3607 467 3672 tinenciis
498 3606 644 3685 suis,
679 3609 1034 3674 remanebit
1065 3631 1128 3672 m
1159 3626 1541 3695 perpetuum
1589 3614 1654 3674 in
1697 3609 2101 3676 ordinatione
2145 3621 2365 3672 nostra
2410 3619 2482 3671 et

165 3715 607 3758 suceessorum
641 3708 1000 3760 nostrorum
1025 3705 1066 3772 ;'
1089 3697 1181 3762 ita
1208 3697 1383 3783 quod
1425 3697 1905 3782 providebimus
1934 3695 2210 3782 qualiter
2239 3695 2481 3758 elemo-

166 3783 304 3846 sina
335 3780 570 3844 futuris
596 3781 988 3867 temporibus
1007 3785 1287 3852 durabit.
1393 3785 1699 3849 Similiter
1728 3785 1903 3848 locus
1934 3783 2041 3848 ille
2072 3781 2181 3868 qui
2216 3797 2483 3848 vocatur

171 3867 482 3966 Sateleya
510 3889 658 3930 cum
689 3869 1096 3952 pertinenciis
1125 3871 1272 3936 suis·
1363 3871 1539 3935 Villa
1568 3871 1759 3934 etiam
1792 3872 1877 3934 de
1914 3869 2123 3952 R-uley
2156 3891 2301 3931 cum
2336 3891 2483 3950 per-

169 3954 470 4019 tinenciis
501 3955 650 4030 suiS,
685 3956 858 4020 salva
905 3959 1171 4043 Capella
1215 3959 1505 4042 ejusdam
1554 3957 1723 4021 villae
1770 3955 2019 4022 matrici
2058 3954 2363 4018 Ecclesiae
2394 3954 2483 4016 de

171 4040 664 4134 Mukelingwic,
697 4043 882 4108 nobis
912 4059 978 4108 et
1009 4045 1476 4110 successoribus
1510 4047 1735 4110 nostris
1768 4045 1832 4107 in
1862 4056 2246 4128 perpetuum
2276 4061 2487 4104 rema-

169 4126 372 4194 nebit.
467 4129 691 4204 Quare
743 4132 1040 4196 volumus
1071 4148 1136 4198 et
1176 4134 1589 4198 concedimus
1620 4147 1689 4198 et
1713 4127 2007 4216 praesenti
2051 4129 2227 4192 carta
2249 4127 2485 4190 confir-

169 4235 420 4280 mamus
451 4238 570 4300 pro
602 4218 788 4283 nobis
811 4233 878 4284 et
899 4221 1368 4286 successoribus
1398 4219 1631 4285 nostris
1663 4217 1836 4305 quod
1870 4213 2159 4300 proedicti
2198 4213 2381 4279 Prior
2412 4229 2477 4280 et

175 4301 490 4368 Monachi
527 4303 996 4372 Dunelmenses
1049 4309 1330 4373 habeant
1381 4323 1448 4372 et
1495 4317 1757 4372 teneant
1791 4304 1851 4366 in
1886 4315 2263 4387 perpetuum
2298 4300 2487 4385 plene

175 4405 239 4452 et
269 4391 543 4474 integre,
567 4391 767 4458 libere
788 4407 850 4456 et
872 4395 1160 4478 pacifice,
1195 4395 1409 4460 omnia
1432 4417 1577 4482 quae
1612 4395 1700 4457 eis
1727 4391 1790 4454 in
1826 4389 2026 4454 forma
2058 4386 2486 4472 suprascripta

177 4478 632 4544 concessimus.
765 4479 1058 4550 Retentis
1088 4483 1268 4549 nobis
1301 4497 1364 4549 et
1398 4479 1869 4549 successoribus
1902 4474 2133 4542 nostris
2164 4477 2227 4540 in
2262 4497 2493 4560 perpe-
