3000 5117
480 485 718 559 clxviii
957 504 1156 555 ms'r.
1188 505 1543 557 nusum.
1582 502 2043 557 SCRIPTORES
2079 503 2289 559 mss.

485 669 552 733 in
581 667 756 734 dicta
777 666 994 733 Domo
1019 668 1376 753 capitulari
1400 667 1554 733 dicti
1576 667 1809 734 mensis
1838 668 2237 757 Septembris
2260 670 2368 735 die
2398 682 2533 735 xm
2566 689 2801 755 supra-

486 754 686 833 dicte,
719 754 800 820 ad
834 754 1204 845 eligendum
1254 756 1546 821 Priorem
1577 756 1871 835 limitata,
1908 773 1975 825 ut
2010 757 2373 847 praesertur,
2406 758 2491 823 ad
2520 755 2803 821 invicem

490 842 929 929 capitulariter
957 856 1374 927 congregata,
1408 842 1545 907 vice
1576 867 1691 909 sua
1741 858 1805 909 et
1854 844 2173 913 dictorum
2206 843 2693 932 compromissa·
2710 843 2807 907 io-

487 954 632 995 rum
686 952 970 1008 suorum,
1021 952 1096 995 ac
1156 932 1362 995 tocius
1419 930 1723 1015 Capituli,
1786 934 2205 1021 omniumque
2256 948 2325 997 et
2392 932 2805 1017 singulorum

493 1017 1026 1103 supradictorum,
1061 1016 1200 1102 ipso
1244 1018 1511 1082 domino
1542 1018 1839 1085 Johanne
1883 1022 1967 1086 de
2005 1019 2609 1108 Hemmyngburgh
2638 1018 2809 1083 duu-

493 1119 678 1171 taxat
697 1119 994 1191 excepto,
1023 1104 1090 1169 in
1119 1104 1370 1190 scriptis
1389 1104 1601 1191 palam
1624 1120 1693 1169 et
1713 1107 1965 1189 publice
1984 1109 2185 1193 elegit
2204 1131 2224 1184 ;
2258 1122 2325 1173 et
2348 1107 2563 1173 eidem
2596 1105 2809 1169 eccle-

495 1198 608 1257 siae
661 1192 939 1277 providit
986 1192 1070 1257 de
1117 1192 1378 1257 eodem.
1495 1192 1804 1279 Ipsasque
1848 1196 2240 1261 eleccionem
2272 1210 2337 1259 et
2366 1192 2809 1281 provisionem

498 1281 590 1345 sic
619 1279 704 1344 de
735 1302 816 1345 eo
847 1280 1052 1357 sactis,
1079 1294 1228 1345 ante
1259 1280 1483 1343 horam
1509 1279 1847 1365 septimam
1876 1305 2071 1369 super
2102 1283 2162 1347 le
2192 1282 2373 1347 knoll
2405 1297 2552 1365 post
2574 1280 2811 1345 hoa-am

497 1389 736 1433 nonam
770 1365 926 1431 dicti
957 1366 1086 1432 diei
1121 1386 1274 1445 xm,
1309 1366 1373 1429 in
1415 1364 1703 1433 Ecclesia
1726 1382 1794 1433 et
1830 1370 2137 1457 Capitulo
2166 1368 2553 1455 supradictis
2586 1390 2811 1435 coram

499 1457 675 1520 clero
699 1471 765 1522 et
793 1454 1037 1541 populo
1067 1456 1130 1518 in
1161 1452 1573 1519 multitudine
1603 1454 1870 1541 copioso
1897 1458 2308 1542 congregatis
2338 1453 2701 1544 publicavit
2748 1456 2812 1521 iu

505 1541 775 1629 vulgari.
872 1543 1041 1606 Acta
1099 1554 1247 1606 sunt
1306 1540 1448 1605 hoec
1508 1542 1629 1606 sub
1690 1565 1885 1623 anno,
1950 1544 2333 1622 indiccione,
2396 1543 2812 1629 pontificatu,

505 1650 744 1707 mense,
779 1630 908 1707 die,
944 1642 1011 1693 et
1056 1628 1202 1695 loco
1247 1627 1631 1713 supradictis
1650 1654 1670 1706 ;
1716 1633 2139 1715 praesentibus
2170 1632 2463 1707 discretis
2496 1630 2653 1695 viris
2682 1651 2817 1693 ma-

503 1717 722 1801 gistris
780 1716 1079 1781 Johanne
1138 1716 1222 1781 de
1285 1716 1661 1795 Suthewell,
1722 1720 1921 1784 curiae
1981 1718 2404 1785 Eboracensis
2462 1719 2814 1794 advocato,

515 1802 806 1868 Roberto
839 1803 1194 1881 Asshborn,
1217 1802 1639 1889 jurisperitis3
1670 1827 1747 1871 ac
1784 1806 2121 1872 Willelmo
2152 1808 2236 1873 de
2272 1808 2519 1873 Bai-tou
2550 1804 2815 1879 clerico,

513 1889 768 1955 notario
825 1890 1110 1975 publico,
1167 1890 1613 1971 Eboracensis,
1670 1892 2195 1972 Lichefeldensis‚
2241 1908 2306 1959 et
2357 1892 2819 1958 Dunelmensis

507 1976 887 2053 diocese6n3
935 1977 1202 2043 testibus
1233 1978 1316 2043 ad
1347 1978 1676 2064 praemissa
1706 1986 1945 2047 vocatis
1972 1982 2333 2069 specialiter
2362 1996 2431 2047 et
2458 1980 2727 2065 rogatis.

689 2352 921 2399 exmx.
1002 2351 1480 2395 coNFIRMAmo
1536 2351 1950 2395 Eancmms
2028 2348 2379 2395 sonam-us
2456 2347 2647 2391 REM-

687 2439 1140 2485 MYNGBURGH
1199 2439 1416 2483 FACTA
1493 2438 1630 2482 PER
1725 2437 2231 2483 COMMISSARIOS
2322 2436 2642 2479 wantum

689 2526 1024 2571 EmscoPI.
1485 2536 1488 2540 ·

1387 2642 1551 2711 [neg.
1576 2642 1657 2693 11.
1678 2640 1768 2692 foi.
1786 2644 1929 2708 sor]

612 2760 687 2823 In
738 2757 994 2822 nomine
1050 2756 1340 2833 Domini,
1393 2758 1627 2823 Amen.
1726 2756 1852 2821 Per
1902 2777 2181 2841 praesens
2222 2754 2551 2841 publicum
2587 2755 2836 2821 Instru-

519 2863 806 2923 mentum
839 2857 1090 2909 constet
1121 2844 1414 2911 omnibus
1445 2842 1799 2921 manifeste,
1833 2842 2033 2930 quod,
2067 2864 2235 2907 anno
2266 2845 2349 2909 ab
2380 2842 2837 2908 incarnacione

521 2933 812 3011 Domini,
865 2931 1216 2998 secundum
1265 2953 1522 2997 cursum
1552 2942 1621 2995 et
1652 2931 2205 3017 computacionem
2246 2930 2553 2995 Ecclesiae
2608 2932 2839 3016 Angli-

517 3044 723 3098 canae,
780 3018 1116 3085 millesimo
1175 3040 1304 3084 ccc
1381 3016 1800 3103 nonagesimo
1873 3016 2102 3103 prime,
2181 3016 2541 3083 indiccione
2602 3018 2837 3105 quinta

519 3108 790 3185 decima,
825 3108 1234 3194 pontificatus
1267 3104 1647 3171 sanctissimi
1669 3104 1732 3169 in
1750 3104 2013 3171 Christo
2032 3103 2228 3189 patris
2258 3119 2328 3171 et
2356 3104 2603 3171 domini
2630 3105 2837 3171 nostri

521 3195 763 3262 domini
801 3194 1116 3260 Bonifacii
1167 3193 1383 3259 divina
1427 3191 1841 3278 providencia
1874 3192 2072 3279 Papae
2113 3191 2270 3257 noni
2322 3214 2493 3258 anno
2522 3192 2835 3269 secundo,

523 3284 765 3348 mensis
801 3281 1189 3366 Septembris
1234 3282 1340 3345 die
1363 3300 1550 3358 xxv1,
1574 3282 1640 3343 in
1672 3278 1941 3345 ecclesia
1974 3278 2345 3345 Cathedrali
2378 3278 2837 3357 Dunelrneusi,

525 3370 594 3434 in
654 3367 778 3435 mei
843 3368 1098 3433 Notarii
1156 3367 1398 3453 publici
1455 3380 1523 3432 et
1575 3368 1834 3433 testium
1892 3367 2129 3433 subscri
2180 3380 2393 3433 torum
2452 3369 2839 3455 praesencia,

529 3478 748 3522 coram
780 3455 1144 3521 reverendis
1175 3467 1240 3519 et
1272 3454 1560 3519 discretis
1592 3454 1740 3518 viris
1772 3454 2087 3539 magistris
2148 3454 2364 3519 'homa
2394 3454 2477 3521 de
2515 3456 2839 3522 Gretham

529 3541 782 3609 officiali
820 3542 1259 3620 Dunelmensi‚
1315 3540 1574 3605 Thoma
1602 3542 1687 3607 de
1722 3542 2006 3606 weston
2052 3542 2357 3627 magistro
2388 3542 2724 3629 hospitalis
2755 3544 2841 3608 de

537 3629 878 3707 Gretham,
938 3630 1154 3695 Alano
1201 3628 1282 3693 de
1338 3628 1617 3693 Newerk
1662 3642 1731 3694 et
1758 3628 2055 3695 Johanne
2110 3630 2191 3695 de
2224 3630 2455 3715 Cokyn
2487 3630 2555 3693 in
2586 3630 2841 3717 legibus

417 3764 438 3781 .
532 3717 892 3799 bacularfis,
927 3740 1002 3783 ac
1029 3714 1309 3783 Johanni
1345 3714 1641 3803 Hillyard
1679 3716 1985 3805 magistro
2017 3716 2350 3803 hospitalis
2381 3719 2463 3783 de
2494 3716 2839 3797 Alvertom

530 3805 803 3884 clericis,
853 3828 975 3893 pro
1028 3803 1328 3869 tribunali
1375 3803 1769 3881 sedentibuS,
1824 3826 1935 3888 per
1984 3803 2415 3870 venerabilem
2464 3805 2529 3869 in
2568 3806 2841 3873 Christo

583 3910 782 3961 atrem
815 3907 884 3959 et
912 3891 1245 3957 dominum
1276 3890 1609 3957 domiuum
1648 3890 1994 3955 Walterum
2028 3890 2159 3956 Dei
2188 3891 2406 3977 gracia
2438 3891 2843 3980 Episcopum

629 3982 1043 4047 inelmensem
1097 3979 1182 4043 ad
1239 3978 1640 4063 infrascripta
1699 3976 2061 4063 specialiter
2118 3978 2451 4066 delegatis,
2504 4002 2709 4065 prout
2754 4005 2838 4047 ex

533 4070 735 4135 literis
793 4067 950 4134 dicti
1011 4065 1344 4133 reverendi
1389 4066 1609 4151 patris,
1654 4064 1865 4150 sigillo
1910 4065 2198 4151 ejusdem
2244 4066 2433 4131 michi
2481 4068 2637 4132 satis
2682 4088 2843 4137 noto

537 4156 840 4241 signataS,
873 4155 1109 4220 ibidem
1143 4152 1411 4217 ostensis
1457 4166 1523 4217 et
1565 4152 1861 4237 perlectis
1893 4154 2144 4238 aperuit
2172 4154 2530 4232 manifeste,
2565 4179 2843 4242 quarum

537 4244 865 4307 literarum
900 4258 1088 4307 tenor
1118 4240 1262 4305 talis
1291 4252 1410 4305 est.
1516 4238 1829 4304 Walterus
1869 4240 2287 4325 permissione
2318 4239 2541 4307 divina
2586 4243 2843 4311 Dunel-

536 4328 776 4395 mensis
837 4328 1192 4415 Episcopus
1238 4326 1488 4392 dilectis
1540 4325 1688 4391 filiis
1736 4327 2055 4413 magistris
2088 4328 2365 4393 Thomae
2397 4327 2477 4393 de
2518 4330 2841 4398 Gretham

537 4416 844 4496 officiali„
871 4433 939 4481 et
991 4417 1265 4481 Thomae
1318 4414 1401 4479 de
1457 4413 1719 4479 Weston
1764 4414 2143 4480 cancellario
2188 4414 2441 4493 nostriS,
2496 4416 2717 4485 Alano
2762 4422 2843 4486 de

545 4504 824 4571 Newerk
857 4506 922 4569 in
955 4503 1198 4593 legibus
1230 4500 1633 4583 baccallariO,
1674 4524 1749 4569 ac
1792 4502 1835 4569 J
1839 4502 2073 4579 ohanni
2124 4500 2429 4591 Hillyard
2458 4517 2528 4568 et
2543 4504 2844 4575 Johanni
