3000 5117
682 443 1095 497 Armumx·
1133 442 1320 495 ANN.
1358 428 1763 496 mcchvn.
2363 417 2480 493 xlv

332 781 497 862 Quid
518 781 819 863 aqendum
846 782 931 843 sit
956 782 1027 844 in
1056 778 1508 845 Anniversario
1533 779 1768 845 dominii
1802 776 2056 845 Daomoe
2079 778 2354 845 Prioru-

296 916 465 997 Item‚
508 919 793 983 instante
844 917 1210 994 Conventu,
1256 926 1324 980 et
1368 914 1593 983 Priore
1621 928 1954 1007 gratanter
1981 928 2323 996 annuente,
2355 928 2488 983 sta-

220 1018 399 1071 tutum
446 1018 543 1071 est
586 1004 857 1069 firmiter
902 1019 973 1069 et
1000 1002 1455 1069 inviolabiliter
1482 1004 1980 1083 observandum,
2015 1004 2098 1068 ad
2127 1026 2480 1090 pauperum

219 1092 673 1170 recreationem,
720 1105 790 1157 et
820 1091 904 1157 ad
935 1089 1298 1157 elemosinae
1327 1090 1888 1169 sustentacionem,
1935 1092 2021 1155 ad
2049 1090 2206 1155 dicti
2237 1090 2482 1157 domini

219 1180 461 1245 Thomae
515 1178 757 1243 Prioris
799 1192 1175 1265 perpetuam
1220 1176 1928 1255 commemoracionem,
1979 1190 2053 1242 ut
2096 1177 2162 1241 in
2190 1178 2488 1245 anniver-

218 1266 359 1331 sario
384 1290 497 1335 suo
524 1268 591 1330 in
620 1279 1006 1353 perpetuum
1036 1267 1171 1343 fiat,
1205 1264 1369 1329 sicut
1396 1264 1463 1329 in
1492 1263 1664 1330 festo
1693 1265 1896 1329 sancti
1933 1264 2280 1335 Leouardi.
2372 1266 2486 1331 Ad

218 1355 373 1438 cujus
418 1352 919 1424 anniversarium
964 1351 1380 1437 solempniter
1422 1352 1754 1417 annuatim
1798 1352 2252 1417 celebrandum
2281 1354 2478 1439 assig-

218 1458 359 1509 natae
398 1454 543 1512 sunt
585 1455 721 1505 tres
748 1462 981 1505 marcae
1013 1439 1095 1505 de
1125 1438 1406 1505 scacario
1443 1438 1683 1504 Prioris
1716 1439 2192 1519 DunelmensiS,
2225 1440 2336 1527 qui
2364 1462 2490 1526 pro

216 1542 469 1613 tempore
509 1528 729 1605 fuerit,
774 1526 1225 1615 percipiendae.
1326 1526 1497 1601 Quae
1543 1541 1672 1592 tres
1700 1548 1936 1593 marcae
1965 1528 2086 1591 assi
2135 1544 2304 1593 natae
2333 1540 2483 1592 sunt

216 1615 287 1680 ad
322 1614 435 1679 hoc
462 1613 745 1680 fideliter
772 1617 1225 1703 exequendum
1255 1612 1337 1679 de
1367 1614 1637 1681 ecclesia
1663 1615 1748 1680 de
1784 1614 2086 1702 Edelyng
2130 1636 2256 1679 am.
2352 1614 2490 1689 Qui

216 1714 403 1767 autem
446 1700 621 1765 istud
666 1714 985 1767 statutum
1030 1702 1359 1767 infirmare
1402 1700 1816 1788 presumserit
1866 1700 2146 1767 divinam
2178 1701 2484 1768 continuo

218 1789 418 1855 sentiat
445 1789 791 1855 ulcionem.

548 1964 712 2030 Item
743 1962 1193 2031 Amineo-sario
1211 1964 1449 2031 domini
1474 1962 1806 2049 Radulphi
1830 1962 2107 2029 Prior-is.

286 2122 659 2209 Radulphus
714 2123 901 2191 Prior
963 2122 1434 2201 Dunelmemis,
1496 2123 1582 2189 de
1639 2146 1962 2190 consensu
2021 2136 2088 2191 et
2146 2126 2487 2193 voluntate

217 2211 566 2277 Conventus
616 2213 736 2289 sui,
782 2211 1127 2300 assignavit
1169 2209 1461 2275 redditus
1488 2234 1710 2277 omnes
1739 2212 2149 2299 subscriptos,
2184 2214 2266 2279 de
2297 2214 2492 2280 terris

214 2314 268 2364 et
310 2298 601 2365 domibus
644 2300 729 2365 de
778 2298 1041 2385 proprio
1087 2298 1309 2364 labore
1354 2310 1417 2362 et
1466 2298 1768 2385 expensis
1821 2299 1948 2365 suis
1995 2300 2350 2388 adquisitis,
2398 2301 2480 2367 ad

212 2386 548 2451 faciendum
602 2386 865 2474 singulis
912 2384 1095 2451 annis
1150 2386 1517 2451 Conventui
1565 2384 1800 2451 festum
1848 2386 1914 2451 in
1967 2386 2074 2453 die
2117 2402 2486 2454 sanctorum

216 2473 445 2539 Cosmoe
490 2488 558 2541 et
596 2474 902 2541 Damiani
927 2498 947 2551 ;
976 2485 1045 2539 et
1076 2474 1159 2538 ad
1188 2472 1584 2559 pascendum
1618 2494 1744 2538 ccc
1774 2495 2092 2560 pauperes
2121 2474 2350 2540 eodem
2381 2475 2493 2542 die·

210 2560 269 2625 in
294 2562 461 2627 curia
485 2583 611 2647 pro
640 2561 852 2627 anima
880 2562 939 2647 ej
950 2585 1019 2626 us
1048 2560 1363 2639 similiter,
1396 2573 1463 2625 et
1492 2561 1578 2625 ad
1601 2560 1832 2626 festum
1860 2562 2227 2627 Conventui
2250 2560 2492 2628 facien-

212 2646 345 2712 dum
380 2648 447 2713 in
475 2648 586 2714 die
618 2648 1031 2715 anniversarii
1060 2648 1371 2734 ejusdem,
1405 2661 1471 2714 et
1501 2648 1585 2713 ad
1619 2668 1740 2714 ccc
1770 2670 2082 2735 pauperes
2111 2650 2492 2735 pascendos.

214 2734 307 2799 Ad
344 2758 487 2822 quae
530 2736 755 2801 omnia
778 2736 1074 2801 facienda
1100 2735 1449 2820 assignavit
1476 2736 1595 2801 hos
1625 2735 1934 2815 redditus,
1965 2737 2224 2816 scilicet,
2257 2737 2340 2803 de
2372 2739 2492 2805 do-

208 2820 395 2887 mibus
446 2823 533 2887 de
590 2822 787 2887 Novo
847 2822 1100 2901 Castro,
1154 2845 1311 2911 quas
1367 2823 1619 2889 Alanus
1675 2822 2091 2913 Gateganger
2140 2823 2222 2889 ali
2271 2825 2489 2889 nando

211 2909 393 2974 tenuit
410 2909 493 2976 de
514 2910 694 2975 dicto
720 2908 966 2987 Priore,
993 2931 1048 2977 11
1072 2932 1315 2975 marcas
1340 2932 1361 2987 3
1389 2911 1475 2975 de
1500 2925 1674 2976 terra
1693 2934 1886 2999 quam
1911 2913 2067 2976 emit
2087 2911 2171 2977 de
2197 2848 2494 2977 ilem-ico

212 2994 283 3061 de
312 2996 705 3085 leystona
750 3016 805 3061 11
850 3019 1135 3073 marcas3
1182 2997 1265 3063 de.
1297 3010 1471 3063 terra
1499 3020 1690 3084 quam
1719 2998 1877 3063 emit
1906 2998 1993 3064 de
2029 2998 2378 3064 Eustachio
2407 2998 2498 3064 de

216 3082 429 3149 Heden
474 3108 565 3149 xv
610 3081 891 3163 solidos3
934 3084 1019 3150 de
1050 3098 1221 3149 terra
1294 3108 1443 3149 uam
1475 3084 1634 3151 emit
1662 3084 1730 3149 in
1758 3084 1908 3150 villa
1935 3086 2018 3151 de
2050 3086 2212 3151 Acle
2259 3107 2298 3149 a
2326 3092 2444 3149 ιιι·
2465 3111 2492 3163 3

212 3168 283 3235 de
320 3170 617 3239 domibus
645 3194 805 3260 quas
834 3172 1125 3237 Thomas
1156 3172 1239 3236 de
1250 3106 1554 3237 (imndon
1587 3184 1762 3237 tenet
1789 3172 1874 3237 de
1903 3172 2086 3237 nobis
2118 3174 2180 3237 in
2207 3108 2488 3237 {ondon

214 3276 307 3321 1111
336 3280 623 3327 marcas:
674 3260 939 3325 Summa
964 3258 1380 3325 denariorum
1410 3282 1459 3323 x
1486 3282 1722 3325 marcae
1753 3272 1819 3324 et
1850 3280 1974 3325 vm
2003 3258 2190 3325 solidi
2219 3273 2286 3326 et
2317 3266 2494 3324 11119·ν

213 3343 455 3411 denarii.
554 3345 627 3411 Si
670 3346 809 3433 quis
853 3358 1073 3411 auteni
1103 3346 1273 3411 hanc
1304 3346 1838 3412 constitucionem
1869 3346 2189 3414 infirmare
2218 3361 2496 3433 attemp-

212 3432 439 3511 taverit,
486 3433 660 3499 inter
700 3434 909 3519 ipsum
946 3446 1017 3499 et
1046 3432 1401 3499 Dominum
1432 3434 1516 3499 sit
1543 3434 1608 3499 in
1635 3434 1858 3499 ultimo
1881 3436 2204 3516 examine,
2229 3434 2499 3527 quando

212 3516 514 3588 Dominus
538 3533 849 3587 venturus
878 3534 976 3587 est
992 3520 1290 3607 judicare
1318 3522 1603 3587 seculum
1633 3543 1753 3608 per
1784 3521 2020 3609 ignem.

649 3720 803 3787 Item
830 3721 1141 3789 statuarum
1166 3724 1403 3789 domini
1429 3726 1753 3791 Bertrami
1775 3726 2038 3809 prioris.

290 3852 475 3920 Anno
520 3854 983 3923 incarnacionis
1019 3856 1287 3922 Domini
1317 3864 1403 3921 ΜΟ
1437 3866 1552 3922 cc⁰
1582 3866 1804 3923 val1⁰
1834 3869 2144 3924 statutum
2177 3871 2276 3923 est
2307 3881 2348 3923 a
2374 3859 2494 3925 do-

210 3937 370 4006 mino
419 3942 761 4009 Bertramo
809 3943 1036 4010 Priore
1066 3943 1512 4024 Dunelmensi,
1568 3968 1742 4011 anno
1787 3946 1990 4010 tercio
2017 3945 2338 4029 prioratus
2367 3944 2492 4023 sui,

213 4025 283 4091 de
318 4050 625 4095 consensu
662 4030 951 4117 Capituli
982 4032 1461 4111 DunelmensiS,
1496 4033 1581 4101 ad
1626 4032 2086 4099 exaltacionem
2132 4032 2396 4109 ordinis,
2429 4044 2498 4096 et

214 4112 467 4181 salutem
496 4117 867 4197 animarum,
900 4132 966 4185 et
1006 4118 1330 4205 religionis
1374 4134 1818 4207 augmentum,
1851 4118 2028 4221 quod
2059 4117 2267 4183 nullus
2295 4118 2498 4183 frater

212 4218 519 4269 remaneat
550 4218 739 4270 extra
764 4206 1031 4272 chorum
1060 4220 1207 4293 post
1228 4208 1743 4295 completorium,
1767 4206 1884 4270 uisi
1911 4218 2158 4271 tantum
2187 4204 2498 4270 Hostilla-

214 4286 326 4351 rius
343 4303 410 4354 et
432 4291 781 4373 cellerarii,
804 4293 914 4379 qui
930 4294 1015 4359 ad
1028 4295 1312 4382 hospites
1331 4294 1799 4380 recolligendos
1817 4293 2094 4358 exterius
2115 4292 2497 4383 regulariter

215 4373 491 4461 deputati
510 4393 695 4457 sunt3
726 4383 899 4447 circa
918 4404 1077 4470 quos
1098 4382 1191 4449 ita
1205 4383 1674 4471 providendum
1697 4395 1815 4459 est,
1842 4380 2037 4467 quod,
2063 4382 2114 4445 si
2137 4379 2496 4446 reverenda

217 4474 275 4528 et
315 4466 636 4535 autentica
664 4490 937 4555 persona
964 4470 1345 4561 suscipiatur
1374 4470 1442 4539 iu
1470 4467 1880 4549 monasterio,
1904 4490 2050 4537 cum
2083 4469 2314 4537 talibus
2343 4466 2496 4533 lice-
