3000 5117
509 433 637 481 CCX
995 426 1200 481 HsST.
1242 428 1602 481 DUNELM.
1644 428 2111 481 SCRIPTORES
2150 430 2361 483 TRBS.

693 901 1014 953 cmxxxv.
1071 902 1430 949 murinus
1506 900 1881 948 anscorus
1959 904 2085 947 An*
2130 902 2655 949 Assonvnxnun

689 993 1069 1039 monxcuos
1123 994 1259 1037 vno
1322 991 1671 1039 nonnum
1724 991 2034 1035 MANUUM
2085 992 2513 1037 masc-nonu
2562 993 2657 1036 nr

687 1079 869 1125 Anus
900 1079 1267 1124 aaz-munis
1301 1078 1519 1122 uch
1548 1078 1729 1125 v1cn.
2540 1048 2547 1053 ⁵

1350 1218 1522 1284 {Cart-
1552 1217 1668 1269 111.
1692 1216 1731 1269 f:
1760 1219 1871 1269 1⁰1.
1894 1219 1969 1286 b]

607 1364 930 1429 Martinus
961 1361 1342 1447 EpiscopuS,
1366 1382 1593 1425 servus
1625 1382 1953 1426 servorum
1987 1360 2138 1439 Dei,
2174 1359 2413 1426 dilecto
2442 1359 2583 1425 filio
2621 1360 2833 1426 Priori

513 1452 798 1517 ecclesiae
863 1448 1333 1525 Dunelmensis,
1393 1446 1639 1514 ordinis
1698 1449 1904 1511 sancti
1966 1447 2329 1525 Benedicti,
2394 1448 2695 1526 salutem,
2762 1462 2831 1513 et

512 1538 930 1623 apostolicam
977 1534 1527 1603 benediccionem.
1622 1534 1935 1598 Exhibita
1976 1534 2161 1598 nobis
2208 1548 2320 1599 tua
2378 1536 2620 1635 peticio
2672 1558 2831 1600 con-

515 1625 776 1700 tinebat,
811 1623 984 1709 quod
1018 1620 1613 1687 nonnulliecclesiae
1632 1620 2087 1686 Dunelmensis
2106 1622 2404 1686 monachi
2424 1636 2491 1687 et
2508 1624 2831 1700 conversi,

513 1732 782 1797 qnorum
803 1732 958 1774 cura
989 1707 1102 1772 tibi
1133 1708 1441 1788 imminet,
1475 1729 1595 1792 pro
1620 1707 1899 1773 violenta
1927 1707 2269 1792 injectione
2288 1730 2595 1773 manuum
2632 1710 2701 1773 in
2732 1732 2833 1773 se·

513 1800 704 1883 ipSOS‚
738 1810 806 1861 et
836 1797 1098 1883 quidam
1128 1817 1246 1880 pro
1277 1796 1658 1860 detencione
1688 1794 1951 1880 proprii,
1985 1795 2091 1859 alii
2122 1796 2315 1859 etiam
2347 1818 2471 1881 pro
2498 1796 2834 1881 denegata

512 1884 630 1949 tibi
662 1898 727 1949 et
757 1883 1306 1969 predecessoribus
1325 1882 1449 1947 tuis
1471 1881 1872 1960 obediencia,
1898 1904 2007 1945 seu
2032 1883 2529 1967 conspiracionis
2550 1885 2829 1961 offensa,

513 1974 578 2036 in
610 1968 1296 2036 excommunicacionis
1317 1969 1619 2055 laqueum
1635 1964 1992 2033 inciderunt
2012 1993 2033 2045 ;
2059 1992 2330 2055 quorum
2352 1970 2829 2034 monachorum

511 2058 770 2146 quidam
792 2057 1009 2122 divina
1027 2056 1433 2121 celebrarunt
1455 2055 1667 2121 officia
1687 2070 1751 2120 et
1770 2069 2153 2141 receperunt
2178 2056 2437 2121 ordines
2468 2058 2564 2121 sic
2594 2058 2783 2143 ligati
2808 2082 2829 2133 ;

511 2168 708 2233 quare
753 2166 940 2231 super
985 2134 1108 2207 hii‘s
1151 2164 1373 2209 eorum
1416 2142 1743 2229 provideri
1781 2143 1969 2207 saluti
2000 2166 2040 2207 a
2066 2145 2255 2208 uobis
2300 2142 2636 2209 humiliter
2682 2168 2833 2229 pos-

513 2232 752 2299 tulasti.
848 2230 954 2295 De
1008 2245 1120 2296 tua
1176 2229 1267 2295 ita
1314 2252 1392 2295 ue
1443 2230 2023 2315 circumspeccione
2080 2230 2337 2315 plenam
2394 2232 2463 2293 in
2526 2232 2829 2296 Domino

510 2320 814 2385 fiduciam
845 2317 1233 2403 optinentes,
1315 2316 1649 2383 iscrecioni
1676 2332 1805 2381 tuae
1824 2318 2214 2402 presentium
2244 2317 2637 2383 auctoritate
2668 2341 2827 2383 con-

511 2408 818 2484 cedimuz,
885 2418 953 2470 ut
1013 2405 1273 2469 eosdem
1333 2404 1923 2471 excommunicatos
1982 2404 2293 2483 absolvas,
2342 2404 2467 2469 hac
2520 2404 2683 2483 vice,
2744 2407 2827 2470 ab

511 2491 880 2579 hujusmodi
923 2490 1673 2558 excommunicacionum
1710 2490 2067 2569 sententiis,
2088 2494 2281 2575 juxta
2311 2492 2587 2556 formam
2619 2493 2829 2557 eccle-

512 2582 645 2660 εἰει»,
700 2581 836 2645 vice
883 2591 1143 2654 nostra3
1189 2594 1257 2642 et
1301 2578 1600 2666 injungas
1645 2576 1735 2641 eis
1767 2578 1943 2665 quod
1973 2577 2057 2641 de
2076 2581 2225 2663 jure
2255 2578 2448 2643 fuerit
2478 2579 2829 2667 injungen-

511 2668 688 2734 dum.
784 2667 1056 2731 Proviso
1088 2678 1162 2728 ut
1204 2685 1506 2729 manuum
1552 2664 1914 2749 injectores»,
1962 2686 2237 2752 quorum
2284 2664 2480 2730 fuerit
2510 2668 2729 2751 gravis
2759 2682 2831 2730 et

511 2752 785 2818 enormis
831 2772 1152 2831 excessus,
1205 2752 1424 2815 mittas
1470 2751 1556 2816 ad
1610 2750 1847 2816 Sedem
1900 2751 2319 2837 apostolicam
2366 2752 2821 2821 absolvendas.

517 2841 681 2907 Cum
715 2840 840 2904 illis
867 2852 1084 2904 autem
1143 2858 1231 2902 ex
1260 2838 1505 2903 eisdem
1534 2838 1885 2917 monachia,
1918 2840 2029 2925 qui
2060 2839 2209 2903 facti
2256 2837 2689 2917 immemores,
2724 2840 2831 2905 vel

501 2928 666 3015 juris
725 2926 950 3012 ignari,
1013 2925 1440 2992 absolucionis
1513 2924 1827 2991 beneflcio
1900 2947 2030 2989 non
2098 2927 2369 2991 obtento
2426 2940 2827 3013 receperunt

513 3016 789 3092 ordines,
823 3026 890 3080 et
918 3014 1134 3079 divina
1162 3012 1370 3077 officia
1397 3013 1823 3091 celebrarunt,
1856 3012 2139 3096 injuncta
2182 3012 2275 3077 eis
2304 3034 2423 3099 pro
2454 3016 2655 3079 modo
2686 3016 2829 3079 cul-

511 3124 616 3187 pae
645 3100 1034 3189 poenitencia
1078 3102 1492 3186 competenti,
1544 3122 1750 3199 eaque
1780 3114 2055 3184 peracta,
2087 3100 2281 3166 liceat
2311 3100 2429 3165 tibi
2459 3101 2545 3167 de
2574 3101 2831 3166 miseri-

512 3190 755 3269 cordia,
791 3210 938 3277 quae
969 3186 1406 3273 superexaltat
1443 3185 1713 3273 judicio,
1808 3200 1957 3250 rout
1996 3208 2219 3251 eorum
2266 3187 2457 3252 saluti
2507 3189 2825 3273 expedire

512 3275 772 3353 videris,
817 3276 1208 3360 dispensare.
1305 3272 1375 3340 Si
1424 3296 1579 3338 vero
1626 3294 1760 3359 prae
1788 3272 1878 3336 ati
1924 3273 2221 3338 monachi
2254 3276 2824 3353 excommunicati,

512 3363 809 3439 scienter,
852 3382 982 3424 non
1033 3373 1246 3425 tamen
1296 3360 1360 3422 in
1391 3372 1835 3445 contemptum
1871 3359 2167 3425 Clarium
2212 3360 2367 3425 talia
2388 3383 2829 3448 praesumpse-

510 3460 685 3526 runt,
718 3448 810 3513 eis
839 3468 956 3531 per
1001 3446 1326 3510 biennium
1375 3448 1458 3511 ab
1507 3446 1863 3512 eorundem
1911 3446 2210 3511 ordinum
2259 3448 2650 3513 executione
2681 3472 2829 3513 sus-

512 3533 745 3620 pensi-2⁸,
807 3530 1108 3619 imposita
1137 3530 1285 3617 ipsis
1330 3532 1722 3617 poenitencia
1767 3534 2047 3612 salutari,
2104 3558 2217 3599 eos
2263 3536 2707 3621 postmodum,
2770 3536 2831 3600 si

509 3620 751 3686 suerint
776 3620 968 3684 bonae
1014 3619 1522 3686 conversacionis
1572 3633 1639 3685 et
1688 3620 1862 3699 vitae‚
1896 3621 1979 3685 ad
2008 3620 2277 3706 gratiam
2309 3622 2833 3708 dispensacionis

511 3706 816 3775 admittas
841 3730 860 3783 ς
883 3706 1207 3792 proprium
1228 3719 1466 3785 autem,
1499 3706 1552 3769 si
1583 3706 1755 3793 quod
1788 3708 2028 3772 habent
2050 3708 2207 3773 dicti
2239 3708 2535 3773 monaehi
2564 3724 2635 3774 et
2664 3732 2835 3774 eon-

511 3794 698 3875 versi,
752 3793 946 3860 facias
992 3794 1058 3856 in
1102 3797 1228 3857 tuis
1287 3792 1578 3858 manibus
1625 3795 1938 3879 resignari
1988 3797 2050 3858 in
2106 3795 2449 3859 utilitatem
2481 3796 2827 3881 praedictae

513 3884 803 3950 ecclesioe
852 3879 1385 3947 convertendum.
1471 3880 1655 3945 Data
1700 3880 1873 3966 apud
1932 3882 2177 3949 Urbem
2232 3883 2565 3962 Veterem,
2632 3882 2829 3948 nonis

515 3972 556 4040 J
561 3970 690 4052 ulii,
723 3968 1137 4058 pontificatus
1165 3966 1364 4034 nostri
1395 3988 1567 4032 anno
1595 3966 1827 4053 primo.
