3000 5117
693 473 705 483 ·
777 461 1425 519 APPEND1X.ANN.
1466 465 1976 517 Mccccxxxw.
2071 528 2077 535 .
2182 441 2518 515 ccxxxvii.

240 630 405 714 cujus
460 626 547 692 rei
608 626 1046 692 testimonium
1108 627 1532 711 praesentibus
1554 626 1841 714 ‘sigillum
1887 638 2172 689 nostrum
2203 623 2508 687 duximus

239 714 684 801 apponendum.
801 713 981 777 Data
1009 712 1073 775 in
1106 713 1387 777 manerio
1434 727 1654 777 nostro
1684 714 1766 777 de
1821 712 2232 796 Bieurepare,
2281 710 2510 797 quinto

238 804 332 869 die
366 801 678 879 OctobriS,
711 822 887 865 anno
920 798 1191 865 Domini
1223 800 1562 865 millesimo
1594 806 2053 865 ccccm⁰xxx¹¹⁸⁰
2084 812 2334 887 quarto.

396 1204 625 1257 ccv'ln.
702 1208 1119 1255 mom-trualt
1180 1208 1400 1253 m'rlzn
1462 1206 1802 1251 DOMINUM
1863 1208 2184 1254 PRIOREM
2247 1209 2334 1253 ET

396 1300 771 1343 nnc‘ronssu
834 1296 1183 1344 ECCLBSIAE
1248 1296 1323 1341 IN
1372 1294 1712 1339 AUSTRALI
1760 1296 2017 1341 BALLIO
2067 1296 2336 1342 DUNEL·

394 1386 629 1431 munst.
1679 1390 1696 1402 “

1032 1500 1192 1569 [1³23.
1219 1496 1290 1550 11.
1316 1499 1465 1550 rm.
1486 1494 1526 1548 f.
1550 1499 1632 1547 m.
1657 1498 1738 1561 a]

316 1641 479 1707 Haec
525 1641 870 1706 indentura
918 1638 1092 1705 facta
1137 1639 1305 1705 inter
1346 1638 1772 1704 reverendum
1806 1637 2010 1703 virum
2037 1640 2366 1706 dominum
2397 1642 2513 1709 Jo-

238 1728 515 1807 hannem,
536 1726 954 1813 permissione
985 1726 1208 1792 divina
1234 1727 1524 1791 Priorem
1545 1725 1834 1791 ecclesioe
1855 1727 2238 1793 cathedralis
2266 1730 2513 1796 Dunel-

238 1816 453 1880 mensis
512 1838 599 1880 ex
658 1838 789 1879 una
841 1828 1045 1899 parte,
1122 1826 1188 1879 et
1263 1816 1634 1897 magistrum
1712 1812 2072 1878 Johannem
2154 1815 2508 1905 Burgham,

240 1916 533 1967 rectorem
566 1902 859 1967 ecclesiae
887 1900 1267 1987 parochialis
1312 1912 1555 1964 sanctae
1604 1900 1836 1965 Mariae
1883 1900 1946 1963 in
1982 1900 2192 1965 Ballio
2229 1904 2512 1969 Australi

241 1986 653 2055 Dunelmensi
712 2011 797 2052 ex
828 2003 1011 2074 parte
1066 1989 1291 2065 altera,
1355 2000 1647 2065 testatur,
1711 1987 1888 2072 quod
1945 1988 2156 2052 dictus
2215 1989 2513 2055 dominns

248 2074 415 2139 Prior
462 2075 781 2141 concessit
838 2074 1110 2161 praefato
1168 2098 1233 2138 m
1322 2074 1476 2139 istro
1535 2072 1840 2151 Johanni,
1902 2075 2205 2161 quamdiu
2264 2079 2516 2143 steterit

238 2176 435 2226 rector
490 2164 685 2227 dictae
738 2162 1028 2227 ecclesiae
1085 2184 1285 2247 paroc
1309 2160 1489 2237 stalis,
1555 2183 1748 2225 unam
1809 2183 2087 2225 annuam
2148 2164 2516 2248 pensionem

241 2249 562 2314 tresdecim
612 2248 965 2314 solidorum
1012 2263 1078 2314 et
1121 2263 1397 2335 quatuor
1441 2248 1870 2324 denariorum,
1905 2248 2384 2332 percipiendam
2431 2254 2516 2318 ad

237 2333 385 2401 festa
422 2336 837 2401 Pentecostes
866 2348 930 2400 et
978 2352 1219 2399 sanctae
1273 2332 1505 2398 Mariae
1535 2336 1601 2397 in
1634 2333 1843 2399 hieme
1893 2357 2013 2420 per
2059 2337 2316 2422 equales
2371 2362 2519 2423 por·
2567 2408 2570 2413 ,

239 2420 474 2499 ciones3
520 2422 825 2488 videlicet
852 2444 970 2485 sex
1000 2422 1236 2486 solidos
1268 2435 1337 2485 et
1382 2432 1534 2486 octo
1565 2420 1862 2485 denarios
1893 2423 1975 2486 ad
2007 2422 2239 2491 festum
2277 2424 2518 2492 Pente-

238 2524 451 2587 costeS,
484 2526 547 2576 et
594 2533 711 2575 sex
756 2508 993 2573 solidos
1025 2520 1093 2572 et
1123 2520 1275 2572 octo
1306 2507 1608 2573 denarios
1637 2509 1721 2572 ad
1752 2508 1983 2573 festum
2016 2523 2254 2575 sanctae
2281 2512 2516 2579 Mariae

238 2595 297 2657 in
346 2596 571 2675 hieme,
632 2597 698 2659 in
758 2618 1237 2680 recompensam
1297 2608 1619 2659 certarum
1679 2594 2070 2665 decimarum
2133 2596 2520 2666 minutarum

237 2680 615 2747 diversorum
646 2682 933 2748 locorum
952 2682 1085 2747 sive
1104 2695 1390 2747 ortorum
1422 2680 1573 2745 olim
1604 2680 1772 2747 infra
1792 2682 1951 2747 fines
1982 2696 2049 2747 et
2079 2682 2307 2749 limites
2331 2686 2526 2752 dictae

237 2770 599 2850 parochialis
632 2770 944 2847 ecclesiz'e,
976 2791 1148 2833 nunc
1178 2783 1395 2833 autem
1439 2768 1606 2831 infra
1650 2782 1834 2854 septa
1863 2770 2236 2835 monasterii
2270 2772 2523 2840 Dunel-

238 2856 455 2919 mensis
506 2857 912 2934 situatorum,
962 2878 1084 2941 pro
1136 2856 1365 2943 quibus
1418 2854 1684 2920 decimis
1739 2856 2046 2920 Rectores
2095 2856 2286 2922 dictae
2332 2882 2518 2943 paro-

239 2940 440 3006 chialis
469 2944 764 3029 ecclesiae
793 2956 1030 3008 sanctae
1063 2943 1289 3006 Mariae
1320 2942 1385 3006 in
1424 2942 1633 3008 Ballio
1666 2942 1951 3007 Australi
1982 2943 2276 3008 solebant
2304 2968 2518 3013 come-

240 3027 381 3093 dere
409 3032 601 3095 certis
634 3030 857 3096 diebus
888 3030 1055 3093 infra
1086 3029 1479 3094 Abbathiam
1538 3028 2063 3093 Dunelmensem.
2185 3032 2518 3101 Concessit

240 3114 427 3179 eciam
458 3118 769 3202 praefatus
801 3117 989 3182 Prior
1020 3116 1332 3200 praedicto
1376 3114 1685 3199 magistro
1727 3114 2008 3180 Johanni
2042 3138 2235 3179 unum
2314 3141 2521 3185 arma-

240 3216 510 3268 mentum
544 3206 880 3269 annuatim
910 3202 992 3267 de
1024 3215 1197 3267 secta
1216 3202 1590 3267 clericorum
1623 3223 1903 3278 suorum,
1924 3200 2251 3288 percipien
2307 3229 2410 3271 um
2431 3209 2517 3273 ad

238 3286 455 3354 festum
488 3292 742 3356 Natalis
775 3289 1059 3368 Domini,
1086 3312 1205 3374 pro
1231 3290 1408 3354 fideli
1438 3288 1706 3353 servicio
1736 3310 1852 3351 suo
1882 3288 2315 3373 impendendo
2346 3293 2522 3359 dicto

246 3372 438 3439 Priori
466 3392 535 3442 et
566 3377 1035 3443 successoribus
1066 3376 1214 3454 suis,
1236 3398 1487 3441 necnon
1518 3375 1944 3466 confiratribus
1967 3377 2096 3439 suis
2115 3377 2522 3464 quibuscum-

240 3482 355 3545 que
404 3465 740 3531 monachis
795 3463 1357 3541 DunelmensibuS,
1420 3462 1484 3526 in
1535 3464 1826 3527 omnibus
1872 3462 2078 3529 causis
2121 3478 2188 3529 et
2240 3469 2526 3555 negociis

240 3551 667 3633 expediendi&
693 3550 1129 3637 procurandis,
1155 3562 1221 3614 et
1242 3549 1607 3627 tractandi8‚
1639 3550 1944 3635 quociens
1971 3564 2038 3616 et
2067 3573 2262 3637 quum
2293 3556 2374 3619 ad
2400 3556 2525 3622 hoe

238 3636 571 3723 requisitus
602 3638 818 3716 fuerit,
852 3650 983 3703 tam
1031 3637 1096 3701 in
1133 3636 1382 3721 judicio
1413 3659 1605 3724 quam
1651 3650 1858 3715 extra,
1893 3660 2028 3721 prae
2059 3641 2354 3705 omnibus
2383 3643 2525 3709 aliis

242 3733 303 3783 et
351 3739 581 3790 contra
640 3747 859 3790 omnes
912 3726 1071 3789 alios
1123 3724 1288 3789 infra
1346 3722 1650 3787 diocesim
1701 3724 2204 3790 Dunelmensem
2239 3740 2305 3791 et
2335 3744 2524 3797 extra

238 3828 497 3899 peraget
545 3826 618 3877 et
656 3811 967 3896 implebit,
998 3834 1075 3876 ac
1106 3812 1355 3895 justum
1386 3832 1610 3875 sanum
1639 3812 1974 3875 consilium
2004 3826 2070 3876 et
2098 3816 2526 3896 patrocinium

240 3898 581 3963 secundum
612 3897 1112 3964 discreccionem
1142 3898 1261 3961 sibi
1293 3921 1334 3963 a
1366 3897 1514 3961 Deo
1544 3898 1760 3963 datam
1792 3898 2122 3984 praestabit
2152 3900 2426 3967 fideliter
2455 3903 2519 3967 in

239 3981 487 4064 eisdem,
505 3986 599 4051 ita
619 4004 829 4051 tamen
852 3986 1024 4072 quod
1048 4008 1243 4072 quum
1268 3986 1472 4069 ipsum
1496 3984 1869 4069 magistrum
1885 3986 2246 4050 Johannem
2271 3988 2354 4051 ad
2375 4011 2527 4073 pro-

237 4074 561 4157 sequenda
587 4073 873 4158 ipsorum
907 4072 1145 4138 Prioris
1166 4086 1233 4137 et
1267 4072 1549 4157 Capituli
1596 4072 1867 4155 negocia
1905 4070 2139 4136 alicubi
2168 4073 2335 4137 mitti
2370 4099 2523 4141 con-

242 4155 435 4241 tinget
467 4174 659 4226 extra
687 4161 991 4225 diocesim
1024 4162 1125 4224 vel
1144 4159 1463 4224 civitatem
1490 4158 2013 4237 Dunelmensem,
2036 4179 2350 4243 expensas
2381 4186 2527 4248 pro-

238 4242 603 4328 hujusmodi
636 4246 918 4336 negociis
950 4247 1285 4334 requisitas
1328 4260 1395 4311 et
1438 4246 1822 4310 necessarias
1850 4245 2038 4311 Prior
2061 4259 2127 4311 et
2155 4247 2526 4332 Capitulum

238 4333 527 4415 praedicti
544 4334 667 4401 sibi
690 4337 928 4402 facient
952 4334 1315 4401 ministrari.
1370 4334 1443 4397 In
1468 4354 1740 4421 quorum
1765 4335 2052 4399 omnium
2084 4335 2524 4408 testimonium
