3000 5117
468 476 538 549 xl
939 494 2056 551 n1sr.ntmnms.scn1rronns
2093 496 2312 549 rans.

470 658 819 735 ferendusg
848 666 923 722 ut
952 657 1005 723 si
1032 678 1183 723 easu
1215 654 1559 745 contigerit
1589 681 1788 725 unum
1819 656 2052 739 amitti,
2084 608 2288 745 possit
2308 658 2452 725 fieri
2473 680 2766 727 recursus

474 742 559 811 ad
589 747 807 827 alium,
840 741 951 833 qui
980 745 1047 809 in
1076 746 1374 813 custodia
1398 744 1596 813 fuerit
1621 760 2004 815 reservatus

654 921 844 1001 Quod
866 922 1129 986 Pm‘ores
1154 929 1215 984 et
1246 917 1397 1008 [sic]
1437 922 1750 987 Celtarum
1779 923 2034 986 debeant
2071 922 2417 1005 certificare
2445 922 2603 986 Pre-

648 1028 835 1160 ml
858 1008 1348 1158 imm
1394 1010 1471 1072 de
1525 1010 1866 1073 redditibus
1922 1010 2274 1074 Domorum
2343 1028 2609 1074 suarum

574 1230 747 1296 Item
791 1240 1108 1295 statutum
1160 1239 1258 1293 est
1302 1250 1421 1315 per
1462 1227 1724 1294 eosdem
1769 1239 1844 1294 ut
1883 1250 2109 1294 omnes
2143 1228 2401 1295 Priores
2433 1228 2776 1307 Cellarum,

480 1318 725 1383 scilicet
771 1317 959 1382 Prior
1001 1316 1085 1381 de
1135 1315 1591 1401 coldingham,
1641 1314 1830 1381 Prior
1871 1316 1956 1381 de
2001 1316 2240 1394 Insula,
2281 1316 2467 1381 Prior
2495 1316 2582 1381 de
2614 1316 2782 1403 Fyn-

480 1405 633 1483 kall,
670 1402 858 1471 Prior
886 1404 971 1469 de
1002 1402 1333 1481 Stanford,
1366 1338 1558 1469 Prior
1587 1402 1671 1467 de
1703 1402 1995 1481 Lithum,
2031 1403 2422 1471 Procurator
2436 1403 2524 1467 de
2549 1403 2606 1469 F
2603 1426 2780 1481 arne,

480 1507 553 1559 et
602 1492 989 1557 Procurator
1032 1490 1117 1555 de
1170 1489 1564 1567 Weremuth,
1617 1488 1863 1557 faciimt
1907 1489 2198 1568 rotulari,
2257 1490 2524 1578 singulis
2577 1492 2782 1568 annis.

486 1600 709 1645 omnes
759 1577 1073 1655 redditus,
1126 1576 1580 1661 possessiones
1635 1589 1702 1641 et
1747 1575 1963 1643 omnia
2005 1577 2294 1661 proficua
2335 1577 2419 1643 ad
2447 1575 2788 1645 ecelesiam

485 1688 665 1729 suam
695 1663 1132 1750 pertinencia;
1178 1676 1244 1729 et
1272 1685 1475 1727 unum
1502 1663 1791 1728 rotulum
1821 1663 2083 1729 tradant
2117 1663 2324 1730 Priori
2355 1662 2788 1729 Dunelmensi

484 1750 975 1849 reservandum3
1021 1750 1219 1815 alium
1270 1772 1491 1815 secum
1542 1748 1929 1826 retinentes-‚3
1977 1762 2050 1813 ut
2093 1751 2160 1813 in
2203 1750 2336 1817 fine
2381 1750 2534 1815 anni
2583 1749 2790 1835 possit

484 1837 789 1922 cognosci
878 1851 1142 1902 uantum
1187 1836 1497 1923 quaelibet
1535 1836 1806 1903 ecclesia
1834 1835 2127 1915 creverit,
2153 1835 2414 1921 singulis
2444 1838 2656 1914 annis,
2689 1836 2793 1903 vel

486 1924 805 1989 diminuta
832 1860 1062 1987 thet-it.
1156 1922 1320 1987 Item
1364 1934 1680 1987 statutum
1722 1937 1820 1987 est
1864 1936 1938 1989 ut
1965 1922 2424 2008 praedictarum
2459 1923 2793 1990 cellarum

490 2010 749 2077 Priores
779 2024 847 2075 et
880 2009 1337 2075 Procuratores
1364 2012 1633 2077 visitent
1673 2010 1872 2074 semel
1917 2010 1979 2073 in
2019 2032 2192 2074 anno
2223 2014 2556 2075 matricem
2590 2010 2794 2075 eccle.-

488 2098 649 2163 siam
699 2120 879 2162 suam
929 2097 1015 2161 de
1071 2096 1442 2162 Dunelmo·
1423 2142 1442 2173 .,
1511 2097 1597 2161 ad
1649 2096 2050 2161 reddendam
2099 2098 2414 2162 rationem
2473 2097 2560 2163 de
2621 2109 2792 2160 statu

489 2184 855 2249 Domorum
898 2204 1199 2259 suarum;
1245 2197 1317 2248 ut
1358 2184 1575 2283 possit
1605 2182 1910 2267 cognosci
1953 2197 2288 2271 quantum,
2321 2196 2390 2253 et
2431 2183 2500 2252 in
2529 2184 2790 2273 quibus,

493 2272 681 2338 Cella
707 2284 1123 2361 augmentata
1150 2268 1348 2335 fuerit
1378 2271 1481 2336 vel
1511 2268 1844 2335 diminuta.

848 2446 1037 2525 Quod
1071 2464 1277 2509 omnes
1311 2442 1762 2511 obedientiarii
1787 2445 2000 2511 debent
2024 2446 2186 2509 idem
2191 2444 2439 2527 facere,

590 2604 897 2669 Similiter
946 2615 1257 2668 statutum
1302 2617 1402 2667 est
1444 2623 1561 2686 per
1603 2603 1866 2668 eosdem
1912 2615 1985 2672 ut
2037 2626 2262 2669 omnes
2331 2604 2800 2673 obedientiarii

502 2692 751 2758 Domus.
786 2689 1257 2767 Dunelmensis‚
1290 2688 1532 2754 scilicet
1559 2689 1858 2768 Sacrista,
1895 2690 2326 2770 CamerariuS,
2361 2692 2798 2771 Hostillarius,

507 2776 1035 2854 Elemosinarius,
1082 2775 1323 2842 faciant
1366 2774 1704 2840 inrotulari
1751 2776 2016 2861 singulis
2047 2780 2230 2843 annis
2257 2801 2480 2845 omnes
2506 2782 2804 2847 redditus

500 2880 571 2930 et
599 2877 946 2949 proventus
990 2863 1075 2929 ad
1102 2861 1504 2928 obedientias
1535 2884 1680 2927 suas
1709 2864 2144 2949 pertinentes·
2196 2865 2285 2931 Et
2315 2866 2576 2932 tradant
2607 2890 2804 2933 unum

500 2951 785 3016 rotulum
819 2949 1064 3015 Priori·
1046 2996 1065 3027 ,
1112 2962 1187 3015 ut
1216 2949 1283 3013 in
1324 2949 1461 3015 fine
1490 2950 1644 3013 anni
1673 2952 1872 3034 possit
1899 2953 2199 3039 cognosci
2231 2966 2434 3019 status
2465 2955 2806 3039 cujuslibet

504 3037 917 3137 obedientiae,
950 3050 1263 3138 quantum
1294 3036 1435 3123 quis
1467 3035 1856 3120 profecerit'
1841 3059 1904 3101 ιιι
1938 3060 2054 3102 sua
2080 3039 2689 3107 administracione.
2735 3054 2806 3107 ut

502 3126 594 3190 sic
640 3137 846 3191 status
891 3123 1177 3189 ecclesiae
1223 3122 1681 3191 Dunelmensis
1721 3136 1792 3191 et
1831 3124 2163 3193 cellarum
2193 3126 2278 3191 ad
2305 3149 2450 3197 eam
2479 3128 2807 3215 pertinen,-

506 3212 677 3278 cium
704 3214 910 3299 possit
938 3212 1183 3277 facilius
1212 3210 1598 3288 conservari,

995 3386 1107 3450 De
1142 3386 1443 3451 Terrart‘o
1468 3386 1637 3469 quod
1659 3386 1874 3451 debeat
1899 3386 2060 3452 idem
2065 3388 2310 3471 facere

606 3542 915 3609 Similiter
954 3553 1265 3606 statutum
1312 3554 1407 3607 est
1454 3543 1538 3609 de
1573 3544 1896 3623 Terrario,
1929 3560 2021 3624 ut,
2055 3547 2321 3631 singulis
2343 3548 2548 3627 annis,
2581 3550 2810 3615 reddat

514 3632 775 3697 fidelem
818 3628 1373 3713 computacionem
1407 3630 1618 3731 Priori
1651 3632 2073 3700 Dunelmensi
2109 3635 2194 3701 de
2224 3635 2554 3727 adquisitis
2583 3639 2714 3705 suis
2745 3650 2811 3705 et

515 3717 804 3798 escaetis,
838 3730 905 3783 et
934 3716 1072 3781 aliis
1100 3716 1407 3802 proficuis
1435 3716 1586 3784 suis.

1457 3894 1565 3958 De
1594 3892 1886 3963 Minucia.

612 4032 781 4097 Item
826 4029 912 4094 ad
954 4026 1195 4094 ordinis
1240 4027 1710 4094 exaltacionem
1741 4042 1808 4095 et
1837 4030 2341 4115 promocionem,
2377 4032 2720 4101 Conventu
2750 4035 2818 4099 id

522 4118 779 4185 volente
840 4130 907 4182 et
966 4128 1251 4201 petente,
1329 4114 1780 4181 inviolabiliter
1839 4118 2331 4199 observandum,
2394 4143 2508 4205 per
2555 4124 2818 4187 eosdem

524 4206 813 4271 Priorem
845 4218 911 4269 et
946 4204 1349 4269 Conventum
1376 4216 1691 4268 statutum
1713 4217 1831 4283 est,
1866 4217 1939 4269 ut
1969 4206 2197 4271 minuti
2225 4208 2509 4273 secunda
2536 4209 2642 4274 die
2671 4222 2818 4275 eant

523 4294 896 4359 cumbatum
941 4304 1092 4355 ante
1137 4305 1544 4367 conventum,
1580 4291 1743 4355 sicut
1786 4292 2082 4357 solebant
2110 4295 2318 4379 prima
2347 4294 2452 4359 die
2477 4312 2624 4380 post
2645 4319 2818 4360 corn-

520 4380 888 4479 pletorium.
982 4378 1089 4442 Ab
1134 4377 1254 4441 hac
1294 4378 1673 4443 necessitate
1703 4378 1945 4443 ordinis
1975 4394 2191 4445 custos
2221 4381 2332 4468 qui
2363 4382 2426 4445 in
2459 4383 2816 4448 minucione

524 4490 657 4547 sua,
690 4466 744 4531 si
774 4466 1067 4547 voluerit,
1102 4465 1337 4551 poterit
1368 4466 1496 4531 suis
1529 4465 1714 4533 sociis
1745 4466 2055 4534 solacium
2078 4468 2318 4550 facere,
2353 4470 2444 4537 ita
2473 4472 2650 4559 quod
2671 4492 2815 4537 cum
