3000 5117
459 392 801 466 ccccxxvi
939 415 1144 470 msr.
1183 421 1543 472 DUNELM.
1582 424 2047 478 semproasss
2084 429 2301 484 Tuas.

737 920 1055 966 cccxxxl.
1103 919 1460 974 namnum:
1508 921 1855 968 ECCLEslAE
1902 908 2461 974 DUNBLMENSIS.*

868 1061 1017 1126 [Ms.
1053 1063 1249 1116 Eccles.
1285 1063 1438 1116 Cath.
1473 1063 1631 1116 Ebot.
1664 1065 1831 1115 XVI.
1855 1066 1885 1116 1
1928 1069 2004 1116 12.
2042 1068 2152 1120 Sec.
2178 1071 2322 1138 xiv-J

529 1205 638 1272 De
693 1220 872 1273 veste
935 1205 1201 1269 Domini
1273 1203 1475 1269 nostri
1518 1204 1675 1269 Jesu
1738 1205 1977 1271 Christi
2051 1221 2117 1272 et
2190 1224 2429 1275 sanotae
2510 1211 2757 1282 Mariae

440 1292 764 1376 genitricis
797 1292 1084 1357 Domini.
1161 1291 1268 1356 De
1313 1291 1492 1377 ligno
1544 1291 1833 1358 Domini.
1926 1293 2401 1381 Desepulchro
2449 1299 2750 1372 Domini.

439 1382 546 1446 De
597 1379 884 1470 spongia.
992 1381 1100 1445 De
1153 1379 1333 1464 virga
1398 1380 1637 1446 Aaron.
1698 1379 2018 1468 Reliquiae
2066 1386 2548 1468 Apostolorum.
2632 1389 2752 1456 De

433 1483 612 1533 veste
641 1466 938 1553 principis
968 1466 1402 1551 apostolorum
1455 1465 1655 1530 saneti
1709 1467 1905 1535 Petri.
2003 1469 2109 1534 De
2162 1485 2341 1536 veste
2388 1487 2453 1538 et
2502 1476 2589 1539 de
2642 1499 2753 1542 se-

433 1555 703 1642 pulchro
725 1553 927 1620 sancti
958 1553 1272 1619 Johannis
1299 1553 1736 1640 evangelistoe.
1827 1555 1935 1620 De
1964 1559 2361 1624 vestimentis
2391 1575 2457 1625 et
2488 1562 2749 1628 ossibus

435 1642 906 1722 sanctiJacobi,
933 1639 1145 1705 fratris
1179 1641 1469 1706 Domini.
1548 1639 1653 1704 De
1678 1640 1958 1728 reliquiis
1982 1647 2418 1730 apostolorum
2450 1650 2750 1716 Andreae

428 1745 495 1796 et
530 1729 833 1816 Philippi.
927 1729 1035 1793 De
1063 1730 1446 1792 vestimento
1487 1727 1800 1792 Johannis
1854 1729 2193 1817 Baptistae,
2224 1734 2289 1797 in
2320 1757 2452 1822 quo
2482 1737 2747 1803 occisus

429 1831 546 1882 est.
639 1817 744 1882 De
775 1815 1117 1902 sepulchro
1152 1815 1362 1879 Annoe
1385 1814 1604 1877 matris
1638 1814 1902 1878 Domini
1940 1817 2118 1906 [sic]
2178 1821 2335 1884 Pars
2364 1839 2743 1889 sanctorum

434 1903 760 1968 Zachariae
792 1917 857 1968 et
892 1901 1248 1990 Symeonis.
1367 1901 1550 1966 Dens
1598 1902 1771 1966 beati
1822 1904 2135 1989 Stephani
2194 1909 2738 1991 prothomartiris,

427 2005 495 2056 et
539 1991 622 2056 de
653 1991 1033 2055 vestimento
1077 1989 1238 2074 ejuS.
1330 1990 1438 2054 De
1481 1989 1763 2074 reliquiis
1792 1992 1993 2055 sancti
2030 1992 2374 2059 Laurencii
2406 1999 2731 2084 martyris.

435 2078 600 2143 Ossa
679 2078 946 2142 Fabiani
1023 2076 1316 2144 martiris.
1431 2077 1595 2141 Ossa
1660 2077 2039 2142 Sebastiani.
2132 2081 2304 2146 Ossa
2372 2083 2739 2151 Praecordii

423 2165 718 2230 martiris„
837 2163 1156 2249 Reliquiae
1206 2161 1521 2228 Johannis
1582 2177 1646 2228 et
1709 2164 1896 2228 Pauli
1948 2167 2303 2237 martirum.
2400 2171 2731 2260 Reliquiae

421 2251 622 2317 sancti
675 2251 831 2320 Viti.
931 2249 1250 2349 Reliquiae
1293 2264 1658 2314 sanctorum
1724 2251 1953 2316 Felicis
2012 2267 2079 2317 et
2142 2254 2363 2320 Felicii
2420 2273 2489 2323 et
2542 2261 2729 2326 Aviti

419 2339 773 2404 martirum.
867 2337 1184 2426 Reliqmae
1239 2336 1623 2422 Apollinaris
1676 2338 1968 2404 martiris.
2064 2340 2231 2406 Ossa
2266 2344 2519 2442 Cyn-iaci
2553 2369 2729 2412 mar-

421 2427 579 2495 tiris.
675 2425 993 2514 Reliquias
1040 2422 1240 2488 sancti
1291 2423 1609 2509 Dyonisii.
1708 2426 1871 2491 Ossa
1905 2425 2131 2490 Felicis
2162 2431 2457 2500 martiris,
2552 2433 2729 2501 Ossa

414 2512 586 2580 Justi
617 2512 908 2582 martiris.
1002 2513 1172 2578 Ossa
1206 2510 1502 2575 Marcelli
1534 2511 1824 2581 martiris.
1920 2513 2029 2578 De
2074 2517 2470 2582 vestimentis
2514 2525 2727 2588 saneti

417 2601 657 2667 Albani
701 2600 996 2669 martiris,
1096 2597 1414 2686 Reliquiae
1473 2615 1860 2664 sanctorum.
1954 2600 2277 2690 Reliquiae
2342 2622 2717 2674 sanctorum

412 2687 743 2752 martirum
781 2687 987 2764 Pauli,
1041 2685 1395 2762 Pancracii,
1447 2685 1777 2771 Cypriani,
1816 2687 2124 2757 Cornelii.
2224 2688 2389 2756 Ossa
2420 2695 2721 2760 Christo..

409 2775 532 2840 fori
563 2775 855 2840 martiris.
907 2774 1012 2838 De
1044 2773 1325 2860 reliquiis
1354 2773 1610 2840 Cosmoe
1630 2785 1696 2837 et
1730 2773 2033 2839 Domiani
2064 2791 2131 2841 et
2157 2775 2461 2865 Hypoliti
2492 2785 2719 2848 marti-

403 2885 568 2930 rum.
671 2859 985 2948 Reliquiae
1029 2863 1234 2925 sancti
1281 2857 1571 2937 Quiriaei
1616 2875 1685 2924 et
1722 2875 1961 2925 sanctae
2000 2861 2321 2936 Quiriacae
2350 2871 2711 2950 martirum,

405 2964 471 3014 et
502 2969 593 3012 xl,
639 2947 934 3016 militum.
1017 2947 1288 3012 Cuculla
1330 2945 1639 3034 sanguine
1684 2947 1921 3012 infecta
1988 2948 2053 3012 in
2121 2973 2251 3100 Ῥω
2294 2958 2717 3022 marturiatus

404 3049 506 3100 est
551 3052 804 3102 sanctus
876 3035 1202 3123 Elphegus
1269 3032 1803 3116 arehiepiscopum.
1898 3035 2004 3098 De
2066 3058 2135 3100 re
2164 3037 2347 3124 iquiis
2396 3041 2589 3127 Syxti
2636 3061 2703 3111 et

413 3122 683 3210 Georgii
729 3123 1083 3189 martirum.
1199 3121 1302 3185 De
1353 3119 1735 3183 vestimento
1800 3121 2129 3186 Saturnini
2176 3126 2470 3196 martiris,
2570 3132 2710 3196 Re-

397 3209 616 3298 liquiae
659 3209 861 3275 sancti
909 3207 1212 3275 Edwardi
1276 3208 1569 3272 martiris.
1680 3206 1785 3271 De
1844 3208 2127 3296 reliquiis
2185 3215 2392 3278 sancti
2457 3216 2703 3283 Costiei

407 3299 559 3388 [sic]
604 3297 920 3384 martyriS.
1015 3295 1341 3361 Articulus
1385 3293 1571 3379 digiti
1602 3295 1806 3359 saneti
1840 3295 2168 3367 Maurieil.

477 3557 790 3641 Reliquioe
831 3577 972 3640 quae
999 3560 1256 3622 inventa
1273 3557 1549 3636 fuerunt
1589 3560 1657 3621 in
1708 3559 1938 3621 tumulo
1981 3563 2185 3622 sancti
2232 3561 2551 3642 C‘utkberaei
2590 3567 2699 3630 die

1156 3643 1625 3709 Danslaeo‘onis
1651 3643 1934 3724 quedem.

477 3821 732 3906 Corpus
775 3817 975 3882 sancti
1012 3815 1355 3884 Cnthberti
1387 3837 1533 3880 cum
1564 3837 1759 3880 carne
1789 3830 1855 3881 et
1885 3815 2151 3898 ossibus,
2183 3833 2251 3884 et
2282 3832 2491 3884 totum
2524 3822 2695 3888 inte—

381 3932 592 3994 grum,
641 3905 820 3996 quasi
865 3905 1078 3969 adhuc
1122 3917 1291 3968 esset
1345 3902 1545 3967 vivus.
1636 3903 1851 3988 Caput
1896 3904 2097 3969 sancti
2151 3905 2434 3971 Oswaldi
2486 3909 2692 3994 Regis

381 4011 447 4060 et
483 3993 795 4069 Martiris,
843 3992 1019 4080 quod
1070 3991 1350 4055 locatum
1396 4004 1492 4054 est
1552 3989 1617 4053 in
1662 3991 1895 4054 scrinio
1940 4013 2087 4056 cum
2147 4015 2421 4079 corpore
2478 3996 2690 4061 Cuth-

381 4084 566 4147 berti.
659 4082 932 4146 Inventa
975 4091 1127 4142 sunt
1171 4099 1429 4166 quoque
1474 4099 1623 4141 cum
1653 4098 1922 4162 corpore
1962 4078 2159 4163 ipsius
2190 4079 2397 4145 sancti
2446 4081 2685 4162 Patris,

449 4258 476 4284 ⁸
515 4254 690 4306 There
711 4254 756 4304 is
776 4267 842 4302 an
865 4252 1050 4304 earlier
1082 4251 1171 4303 list
1194 4251 1255 4302 of
1288 4251 1378 4302 the
1401 4251 1639 4301 Durham
1664 4247 1839 4301 Relics
1861 4252 1917 4301 ln
1941 4251 2033 4302 the
2066 4251 2191 4304 Ms.
2232 4254 2299 4305 Ο.
2322 4255 2371 4304 3.
2394 4257 2481 4314 35,
2508 4257 2561 4307 in
2586 4257 2687 4310 the

379 4323 574 4386 library
610 4321 670 4372 of
689 4319 898 4386 Trinity
918 4321 1147 4388 college,
1167 4317 1474 4387 Cambridge
1501 4323 1555 4386 (a
1578 4317 1705 4369 book
1730 4317 1977 4383 formerly
2001 4319 2279 4390 belonging
2302 4330 2360 4374 to
2384 4323 2475 4375 the
2496 4325 2683 4390 Priory

381 4390 442 4439 of
473 4387 762 4448 Fincbale),
795 4401 912 4436 com
953 4387 1053 4438 iled
1091 4386 1396 4453 apparently
1433 4389 1665 4437 between
1691 4385 1782 4435 the
1820 4400 1972 4451 years
2016 4389 2143 4438 1143
2177 4391 2279 4440 and
2324 4393 2473 4454 1154,
2508 4391 2613 4443 and
2648 4409 2681 4444 a

373 4455 510 4507 later
531 4457 576 4505 is
599 4449 806 4522 printed
829 4454 884 4503 in
904 4463 924 4505 t
965 4469 994 4505 e
1028 4455 1296 4522 Appendix
1323 4461 1380 4506 to
1406 4453 1617 4506 Smith’s
1640 4453 1801 4516 Bede,
1837 4469 1886 4520 p.
1911 4453 2028 4516 μθ.
