3000 5117
817 495 1226 556 ROBERTUS
1283 493 1386 554 m:
1423 495 1945 555 GRAYSTA-NB&
2432 489 2541 565 89

199 659 414 730 losum
471 681 650 732 esset
701 665 870 751 Regi
923 677 991 732 et
1045 687 1262 752 regno,
1319 679 1392 732 ut
1437 687 1591 730 suus
1634 662 1919 736 inimicas
1948 683 2015 730 et
2048 664 2287 730 amicus
2324 663 2531 753 Regis

204 753 454 819 Scotiae
505 751 912 840 [episcopus]
967 751 1053 819 ibi
1083 767 1280 820 esset.
1369 753 1541 818 Item
1572 751 1723 818 secit
1752 752 2119 838 homagium
2156 751 2325 838 Regi
2362 754 2523 818 Sco-

203 839 336 908 tiae.
443 841 620 906 Item
671 840 870 907 habet
917 857 1116 907 terras
1143 863 1288 906 suas
1319 839 1693 917 maritimas,
1723 840 1835 904 ubi
1862 862 1983 926 pro
2012 839 2196 905 libito
2222 862 2345 906 suo
2372 861 2523 926 po·-

200 929 306 1004 sit,
351 927 574 993 invito
603 928 819 1013 Rege,
853 929 1140 994 Francos
1164 941 1232 994 et
1265 928 1693 995 Flandrenses
1720 929 2029 1014 recipere,
2064 928 2129 993 in
2158 927 2517 1014 pericnlum

205 1015 410 1100 Regis
439 1033 516 1082 et
548 1015 752 1101 regni.
835 1017 1004 1082 Item
1039 1029 1342 1104 tanquam
1371 1013 1698 1080 homicida
1724 1029 1821 1082 est
1844 1012 2267 1102 repellendae.
2352 1015 2517 1082 Item

201 1101 618 1190 impugnavit
647 1103 988 1170 libertates
1013 1103 1326 1170 ecclesiam
1425 1102 1593 1168 Item
1628 1103 1959 1167 morbosus
1986 1117 2103 1168 est.
2184 1103 2349 1169 Item
2380 1106 2515 1170 voti

201 1203 650 1279 transgressor
673 1213 695 1266 3
721 1191 875 1279 quia
903 1213 1124 1256 carnes
1155 1187 1500 1277 [comedit]‚
1534 1203 1600 1256 et
1622 1189 1762 1254 aliis
1786 1189 2105 1256 licentiam
2128 1191 2515 1256 comedendi

201 1277 408 1344 dedit.
519 1277 690 1344 Item
731 1277 1142 1366 symoniacus
1190 1291 1290 1343 est
1340 1275 1559 1342 multis
1607 1276 1836 1343 causis.
1950 1277 2119 1342 Item
2172 1277 2397 1343 incidit
2446 1276 2514 1342 in

199 1386 532 1430 canonem
573 1365 724 1430 latae
771 1365 1130 1434 sententiae.
1228 1365 1392 1431 Item
1449 1385 1579 1428 non
1610 1381 1706 1432 est
1746 1363 2135 1430 sufficienter
2164 1365 2513 1432 literatus?

203 1451 426 1516 Causa
467 1467 690 1518 autem
747 1476 896 1532 una,-
946 1475 1146 1540 qnare
1199 1453 1346 1519 Rex
1395 1451 1486 1516 sic
1534 1474 1603 1517 se
1634 1451 1953 1537 opposuit,
1986 1450 2127 1529 fuit,
2159 1452 2333 1539 quia,
2366 1474 2514 1516 cum

208 1538 354 1606 Rex
399 1539 698 1605 differret
741 1541 1106 1606 consentire
1149 1539 1446 1605 electioni
1491 1552 1561 1604 et
1606 1540 1881 1604 electum
1924 1537 2283 1618 admittere,
2318 1539 2515 1605 insta-

201 1627 362 1691 bant
385 1627 688 1692 monachi
711 1651 832 1714 pro
850 1627 1060 1712 gratia
1087 1627 1282 1712 Regis
1306 1625 1605 1692 habenda
1624 1649 1647 1703 3
1674 1639 1743 1692 et
1766 1647 1929 1692 unus
1950 1647 2193 1705 eorum,
2218 1649 2511 1712 prorum·

203 1735 358 1798 pens
377 1715 448 1778 in
477 1715 702 1793 verba,
733 1715 894 1800 Regi
918 1714 1107 1793 dixit,
1161 1725 1204 1758 ‘⁶
1222 1713 1505 1791 domine,
1534 1735 1661 1779 non
1680 1736 1944 1798 egemus
1966 1713 2175 1799 gratia
2198 1737 2301 1779 ma
2348 1736 2433 1780 na
2452 1715 2511 1791 ;’'

202 1802 486 1866 electum
521 1801 844 1868 valentem
871 1817 1196 1888 reputans,
1229 1821 1292 1868 et
1315 1801 1695 1868 electionem
1728 1802 1851 1867 rite
1874 1801 2129 1866 factam.
2207 1739 2507 1868 Etffiex:

206 1898 248 1928 ‘⁴
278 1887 386 1953 Ex
429 1913 570 1990 quo
621 1891 832 1974 gratia
879 1911 1010 1954 noa
1062 1889 1383 1975 indigetis,
1437 1888 1575 1954 sine
1618 1890 1828 1975 gratia
1874 1889 2251 1954 recedetis.”
2366 1890 2513 1974 {In-

203 1975 514 2060 dignacio
564 1976 766 2066 Regis
819 1977 1084 2043 nuncius
1139 1979 1380 2053 mortis,
1435 1990 1505 2042 et
1550 1975 1645 2040 vir
1674 1975 1925 2062 sapiens
1954 1977 2237 2062 placabit
2266 1976 2509 2060 eumd']

209 2065 318 2128 Sic
366 2064 574 2149 igitur
620 2065 768 2129 Rex
811 2087 944 2130 non
988 2065 1198 2130 solum
1241 2065 1502 2152 negavit
1545 2065 1841 2150 gratiam,
1873 2063 1983 2128 sed
2014 2063 2389 2150 procuravit
2416 2065 2511 2128 in-

201 2152 537 2220 stantiam.
634 2151 765 2216 Diu
795 2151 994 2238 igitur
1021 2174 1212 2237 super
1239 2153 1729 2237 exceptionibus
1756 2149 2099 2218 antedictis
2128 2173 2347 2218 eoram
2383 2151 2505 2218 W.

203 2237 392 2326 Gray
453 2240 848 2304 Eboracensi
898 2239 1401 2324 Arcliiepiscopo
1447 2239 1803 2325 litigabant.
1899 2237 1985 2303 Et
2038 2261 2185 2303 cum
2240 2237 2508 2304 Archie-

199 2323 508 2412 piscopus
541 2327 848 2411 pra-fatus
877 2327 1071 2392 nichil
1101 2328 1312 2392 eficax
1333 2325 1424 2391 eis
1455 2326 1720 2404 faceret,
1744 2327 1856 2392 sed
1882 2341 2055 2392 metu
2086 2325 2286 2412 Regis
2310 2347 2509 2410 nego-

201 2412 362 2477 tium
429 2414 807 2500 protelaret,
869 2414 1126 2479 missum
1175 2429 1270 2481 est
1321 2413 1519 2479 curiae
1572 2415 1697 2480 sub
1748 2415 1867 2478 bac
1921 2413 2145 2478 forma.
2266 2423 2311 2456 “
2340 2415 2509 2479 Cum

199 2501 482 2566 ecclesia
533 2501 985 2567 Dunelmensis
1025 2525 1232 2588 nuper
1259 2514 1518 2588 pastore
1548 2515 1850 2578 vacasset,
1882 2507 1985 2580 [et
2020 2501 2209 2567 Prior
2236 2513 2305 2566 et
2335 2501 2507 2586 capi-

201 2588 438 2666 tulum,
471 2589 678 2688 petita
703 2606 772 2655 et
799 2602 1090 2674 optenta,
1121 2589 1286 2654 sieut
1310 2588 1502 2654 moris
1528 2603 1649 2666 est,
1680 2613 1721 2654 a·
1741 2589 2009 2654 domino
2036 2589 2216 2676 Rege
2242 2587 2509 2654 licencia

199 2675 514 2759 eligendi,
566 2675 672 2741 die
725 2678 810 2742 ad
863 2679 988 2742 hoc
1015 2678 1312 2764 proefixa,
1347 2677 1766 2762 praesentibus
1795 2675 2115 2754 omnibus,
2148 2678 2259 2762 qui
2290 2675 2509 2741 volue-

197 2779 366 2839 rant,
401 2777 784 2848 potuerant,
809 2781 876 2830 et
905 2765 1262 2830 debuerant
1293 2763 1618 2842 interesse,
1650 2765 1731 2830 ad
1766 2763 2166 2830 tractandum
2198 2763 2281 2829 de
2306 2763 2506 2829 futuri

199 2850 528 2916 electione
551 2852 842 2936 pastoris,
868 2851 930 2915 in
955 2851 1242 2938 capi-tulo
1263 2852 1737 2930 convenissent,
1762 2863 1909 2936 post
1934 2851 2170 2916 multos
2196 2863 2505 2916 tractatus

199 2939 786 3024 compromiserunt
817 2939 880 3002 in
914 2959 1038 3004 vm
1070 2962 1156 3004 ex
1187 2939 1356 3023 ipsi5‚
1389 2938 1523 3026 qui,
1556 2939 1695 3003 vice
1726 2937 2035 3016 omnium,
2070 2938 2183 3023 ipsi
2216 2937 2505 3004 ecelesiae

199 3024 283 3088 de
335 3048 622 3111 persona
665 3026 920 3113 ydonea
963 3025 1376 3114 providerent
1405 3050 1424 3102 3
1469 3027 1601 3114 qui,
1632 3025 2007 3090 secedentes
2040 3025 2101 3088 in
2134 3037 2403 3110 partem,
2434 3039 2507 3090 et

203 3111 372 3177 inter
401 3136 474 3177 se
505 3113 802 3198 diligenti
833 3129 1106 3180 tractatu
1139 3113 1617 3192 convenientes,
1649 3112 1713 3177 in
1748 3133 1941 3176 unum
1974 3111 2333 3210 elegerunt,
2364 3110 2505 3176 vice

200 3221 314 3264 sua
335 3214 404 3268 et
433 3203 743 3279 omnium,
770 3217 836 3267 et
861 3202 926 3265 in
957 3201 1366 3287 Episcopum,
1399 3201 1689 3266 Priorem
1714 3199 2023 3277 ecclesia»,
2051 3220 2253 3262 virum
2280 3199 2515 3285 utique·

201 3285 556 3366 literatum,
591 3288 1028 3374 providum-et
1057 3289 1420 3366 honestum,
1449 3311 1567 3374 per
1596 3291 1779 3376 cujus
1810 3285 2187 3352 indus'triam
2218 3285 2503 3352 creditur

199 3397 388 3459 posse
443 3377 583 3460 ipsa
631 3376 906 3442 ecclesia
951 3376 1018 3441 in
1067 3376 1507 3462 spiritualibus
1556 3392 1623 3442 et
1677 3375 2137 3460 temporalibus
2166 3375 2235 3438 in
2270 3374 2499 3440 melius

200 3461 536 3527 reformari
557 3486 584 3538 3-
609 3464 812 3548 cujuS,
857 3485 1004 3528 cum
1053 3467 1138 3530 ab
1181 3463 1482 3530 omnibus
1521 3478 1687 3530 esset
1719 3477 2073 3550 acceptata,
2105 3475 2171 3526 et
2203 3461 2501 3528 dominus

203 3548 376 3627 Rex,
431 3550 766 3616 humiliter
819 3551 1183 3639 requisitus,
1239 3551 1324 3617 de
1375 3551 1486 3616 die
1532 3551 1595 3616 in
1648 3553 1825 3617 diem
1864 3551 2021 3616 dare
2048 3550 2179 3638 ipsi
2198 3550 2499 3616 electioni

199 3657 384 3702 suum
431 3638 714 3704 deferret
757 3661 1100 3718 assensum,
1151 3662 1230 3706 ue
1261 3641 1400 3724 ipsa
1427 3638 1703 3705 eeclesia
1729 3640 1851 3704 sub
1879 3638 2135 3704 diutina
2162 3641 2499 3704 vacatione

199 3745 512 3809 magnam
535 3726 893 3793 incurreret
921 3727 1402 3805 detrimentum,
1433 3749 1581 3792 cum
1614 3726 1869 3792 interim
1899 3749 2121 3791 ornnes
2151 3742 2499 3811 proventus

199 3813 598 3898 episcopales
637 3831 1038 3899 occupentur
1063 3838 1110 3880 a
1138 3817 1343 3903 Rege,
1377 3837 1496 3880 nec
1528 3815 1589 3879 in
1622 3837 1774 3879 usus
1802 3813 1997 3900 ipsius
2024 3813 2315 3878 ecclesiae
2346 3835 2501 3877 con-

203 3915 556 3978 vertantur,
603 3901 717 3967 sed
769 3901 836 3966 in
881 3904 1177 3988 proprios
1223 3925 1374 3966 usus
1421 3901 1640 3986 Regis,
1670 3917 1741 3967 et
1769 3902 1853 3966 ibi
1888 3921 2191 3984 magnum
2221 3901 2499 3964 emineat

201 3988 556 4070 periculum
601 3989 981 4067 animarum,
1020 3989 1172 4078 quia
1202 4012 1328 4053 non
1359 4003 1457 4054 est
1485 3991 1597 4076 qui
1627 3989 1999 4074 pontificale
2030 3999 2329 4052 exerceat
2357 3987 2497 4051 offi-

201 4072 366 4138 cium
397 4073 465 4139 in
497 4075 754 4154 eodem,
779 4075 898 4142 suit
927 4078 1152 4143 eadem
1177 4075 1408 4142 electio
1431 4077 1551 4158 ipsi
1580 4076 1966 4141 Eboracensi
1992 4073 2497 4160 Archiepiscopo

205 4175 590 4244 praeseutata
635 4187 720 4228 ex
780 4178 966 4247 parte
1016 4165 1212 4250 ipsius
1263 4163 1549 4248 capituli,
1604 4177 1670 4228 et
1714 4163 1919 4248 petita
1963 4162 2367 4228 confirmatio
2409 4162 2505 4227 ab·

205 4249 451 4320 eodem.
537 4251 780 4318 Coram
807 4273 960 4338 que,
991 4275 1138 4317 cum
1171 4253 1432 4340 quidam
1463 4274 1583 4336 pro
1611 4251 1791 4339 Rege
1816 4274 1884 4315 se
1910 4249 2025 4336 ipsi
2048 4249 2349 4316 electioni
2378 4272 2505 4335 op-

301 4426 330 4452 ·
347 4424 450 4476 See
469 4427 802 4488 Annium,
825 4427 924 4480 No.
951 4440 1087 4488 mn,
1111 4427 1280 4560 vdit-'ligre
1305 4427 1395 4480 the
1422 4427 1607 4546 Kirffi's
1630 4427 1930 4494 exceptione
1948 4441 2039 4478 are
2062 4426 2133 4478 all
2156 4423 2418 4494 specffied-

1228 4513 1318 4548 mv
1365 4511 1482 4548 ιη.
1574 4531 1589 4544 .
