3000 5117
703 483 1134 536 fflsnnlx.
1168 484 1352 536 ann.
1393 477 1829 536 Mcuxxrx.
2325 459 2423 534 lxi

457 896 612 942 xm.
661 893 942 940 CHARTA
966 890 1290 938 SECUNDA
1320 889 1661 938 menum
1696 891 1901 936 namn
1934 891 2086 941 B‘l'c.

800 1035 1030 1104 [Cosln’s
1052 1033 1400 1101 Tnnscrlpu,
1423 1033 1545 1086 rol.
1569 1037 1653 1096 17,
1675 1035 1755 1103 b.1

233 1181 542 1250 Ricardus
579 1179 712 1246 Dei
738 1178 955 1266 gracia
989 1176 1139 1241 Rex
1168 1176 1448 1261 Angliae,
1473 1177 1636 1243 Dux
1659 1177 2103 1258 Normanniae‚
2135 1193 2203 1244 et
2240 1180 2441 1268 Aqui-

159 1271 352 1349 taniae,
381 1285 450 1335 et
483 1270 729 1335 Comes
759 1263 1180 1350 Andegaviae,
1222 1265 1759 1366 Archiepiscopis,
1786 1265 2139 1352 Ep'iscopiS,
2169 1267 2442 1334 Abbati-

161 1359 282 1437 bus,
315 1356 706 1433 comitibus,
743 1351 1126 1430 Batonibus,
1156 1349 1560 1431 Justiciariis,
1581 1353 2109 1433 Vxeeeomitibus,
2138 1368 2205 1421 et
2234 1354 2443 1419 omni-

162 1447 266 1510 bus
307 1443 614 1508 ministris
659 1455 730 1506 et
773 1439 1074 1504 fidelibus
1118 1436 1249 1502 suis
1278 1437 1480 1504 totius
1516 1439 1793 1526 Angliae,
1824 1441 2119 1507 salutem.
2212 1441 2442 1508 Sciatis

163 1555 264 1597 nos
288 1530 648 1596 reddidisse
672 1527 824 1594 Deo
844 1539 910 1591 et
935 1527 1147 1592 Beato
1167 1525 1536 1591 Cuthberto
1558 1540 1627 1592 et
1653 1527 1963 1593 Ecclesiae
1990 1527 2442 1608 Dunelmensi‚

168 1631 222 1683 et
249 1615 512 1702 Hugoni
549 1615 901 1702 Episcopo,
919 1629 994 1678 et
1023 1613 1490 1678 successoribus
1522 1618 1659 1702 ejus
1688 1613 1753 1678 in
1782 1628 2193 1716 perpetuum,
2226 1638 2447 1682 mane-

163 1706 305 1770 rium
349 1708 430 1770 de
489 1703 848 1788 Sadberga,
895 1723 1043 1766 cum
1067 1701 1490 1802 wapentagiis
1520 1715 1586 1766 et
1616 1700 1845 1767 foeodis
1876 1701 2171 1782 militum,
2196 1715 2266 1769 et
2294 1725 2445 1769 cum

162 1792 430 1858 omnibus
471 1787 890 1877 pertinenciis
938 1809 1086 1875 quoe
1121 1789 1308 1872 prius
1353 1810 1444 1854 ets
1481 1787 1846 1854 dederimus
1876 1803 1945 1855 et
1972 1789 2196 1855 charta
2222 1805 2449 1856 nostra

167 1879 684 1956 confirmavimus,
729 1899 850 1962 pro
893 1874 1218 1940 sexcentis
1260 1875 1517 1954 marcis,
1566 1899 1723 1965 quas
1764 1875 1951 1942 nobis
1980 1876 2130 1943 inde
2159 1877 2443 1946 donavit.

173 1968 366 2042 Quare
413 1965 716 2031 volumus
763 1976 830 2029 et
871 1961 1260 2047 precipimus
1304 1963 1531 2050 quodi
1578 1987 1647 2030 se
1675 1963 2057 2048 praedictnm
2086 1965 2446 2032 manerium

167 2053 236 2119 de
275 2054 564 2138 Sadberg
613 2073 764 2116 cum
815 2048 1228 2134 wapentagiis
1257 2063 1328 2114 et
1369 1985 1577 2115 soeodgi

163 2140 550 2227 pertinenciis
596 2138 664 2203 in
707 2157 934 2222 puram
962 2150 1031 2202 et
1055 2148 1436 2222 perpetuam
1467 2136 1924 2226 elemosynam,
1956 2141 2177 2220 libere,
2208 2139 2449 2228 quiete,

60 2281 62 2318 ;
167 2243 224 2292 et
263 2228 616 2293 honorifice
663 2225 900 2290 habeat
939 2238 1009 2288 et
1061 2236 1301 2302 teneat,
1342 2225 1516 2290 sicut
1545 2224 1770 2290 charta
1799 2240 2038 2306 nostra,
2072 2249 2264 2314 quam
2294 2228 2446 2294 inde

163 2315 338 2380 babet
385 2327 686 2381 testatur.
778 2311 865 2377 Et
914 2311 1087 2377 bene
1135 2310 1430 2375 volumus
1459 2324 1526 2377 et
1552 2313 1987 2391 concedimus,
2018 2327 2331 2400 quantum
2362 2315 2448 2380 ad

165 2424 264 2465 nos
302 2402 608 2487 pertinet,
655 2401 709 2463 si
738 2397 880 2487 quis
908 2397 1058 2462 inde
1083 2397 1210 2461 v‘iin
1243 2397 1307 2462 ei
1334 2399 1436 2464 vel
1464 2399 1825 2465 molestiam
1853 2413 2081 2466 contra
2107 2401 2357 2468 chartas
2386 2415 2453 2468 et

60 2555 62 2558 ,
163 2489 674 2554 confirmaciones
718 2498 968 2550 nostras
1015 2485 1262 2562 fecerit,
1303 2484 1470 2551 iram
1522 2499 1593 2552 et
1640 2486 2160 2552 maledictionem
2206 2487 2335 2552 Dei
2380 2505 2451 2556 et

169 2591 422 2641 nostram
483 2576 796 2640 incurrat„
905 2573 1216 2638 Testibus
1267 2573 1348 2638 Β.
1409 2573 1865 2639 cantuariensi
1923 2574 2449 2663 Archiepiscopo.

60 2679 62 2716 ἰ
178 2663 256 2728 H.
289 2665 540 2729 Saresb.
594 2660 916 2747 episcopo,
969 2659 1196 2738 Gileb,
1232 2659 1306 2724 Pi
1356 2659 1495 2739 ard,
1532 2661 1759 2726 Bartin
1788 2662 1873 2728 de
1905 2661 2195 2728 Verduu.
2272 2663 2453 2731 Data

170 2751 322 2834 apud
367 2748 757 2826 Massiliam,
788 2769 907 2832 per
936 2768 1192 2812 manum
1325 2747 1547 2812 illelmi
1576 2748 1692 2813 filii
1729 2749 2059 2830 Richardi,
2090 2750 2319 2839 quinto
2347 2751 2455 2818 die

179 2838 450 2923 Augusti,
483 2835 678 2921 regni
706 2834 911 2899 nostri
927 2855 1114 2899 anno
1144 2833 1372 2919 primo.

249 2925 306 2989 Is
325 2939 464 2990 erat
493 2937 692 2989 tenor
714 2921 986 2987 Chartae
1015 2933 1254 2986 nostrae
1284 2920 1350 2984 in
1380 2921 1592 3008 primo
1622 2922 1832 3009 sigillo
1854 2935 2078 2991 nostro
2108 2925 2283 3014 quod
2303 2926 2455 3014 quia

177 3010 499 3099 aliquando
537 3009 875 3096 perditum
916 3006 1059 3086 suit,
1094 3021 1162 3073 et
1193 3007 1348 3072 dum
1378 3009 1444 3073 in
1478 3010 1801 3076 Almanna
1828 3011 2000 3098 capti
2029 3035 2305 3079 essemus
2334 3014 2455 3078 sub

174 3099 358 3164 aliena
475 3109 760 3162 otestate
833 3095 1252 3161 constitutum
1345 3109 1669 3164 mutatum
1764 3110 1881 3164 est.
2008 3098 2459 3165 Innovationis

179 3199 366 3250 autem
425 3121 636 3272 {ujus
690 3182 784 3247 hii
833 3196 990 3248 sunt
1047 3197 1261 3261 testeS,
1352 3183 1658 3272 magister
1716 3185 2093 3274 Maugerus,
2152 3187 2457 3272 magister

184 3271 452 3358 Rogerus
501 3273 591 3340 de
625 3273 862 3338 Sancto
923 3269 1290 3348 Edmund0‚
1332 3269 1653 3337 Robertus
1682 3273 2065 3357 capellanuS,
2118 3275 2455 3360 Waganus

183 3359 362 3440 Brito,
392 3359 772 3425 willielmus
803 3356 1242 3436 Marescalluffi
1276 3357 1564 3423 Warinus
1605 3359 1773 3426 filius
1810 3359 2107 3442 Geroldi,
2138 3361 2457 3428 Radulfus

179 3445 246 3512 de
279 3448 515 3514 Arden.
609 3444 790 3512 Data
833 3467 949 3531 per
991 3467 1250 3510 manum
1299 3445 1630 3512 Eustachii
1672 3448 1945 3512 Eliensis
1980 3449 2282 3536 Episcopi
2304 3471 2459 3514 can-

173 3533 659 3686 cellariidnostri,
709 3532 886 3618 apud
913 3531 1134 3612 Lions,
1165 3532 1441 3619 septimo
1483 3533 1591 3602 die
1622 3534 2025 3617 Decembris,
2057 3561 2231 3604 anno
2274 3537 2459 3626 regni

175 3621 362 3687 nostri
435 3621 668 3688 ecimo.

417 3755 921 3843 Exemplificata
949 3767 1017 3821 et
1047 3758 1424 3823 confirmata
1447 3779 1567 3844 per
1596 3760 1675 3829 E.
1708 3781 1785 3834 11.
1826 3761 1907 3829 R.
1942 3784 2015 3829 n.
2044 3763 2140 3830 H.
2166 3783 2253 3830 ιν.
2290 3760 2363 3829 Η
2395 3783 2456 3828 v,

335 3846 578 3934 neges,
607 3857 680 3914 et
710 3842 870 3912 Eliz.
906 3843 1226 3934 Reginam
1259 3845 1538 3936 Angliae.

1574 2074 1605 2114 s
1651 2050 1926 2118 militum
1971 2075 2119 2119 cum
2148 2053 2446 2119 omnibus
2583 2068 2599 2098 ‘
