3000 5117
496 479 738 555 cclxiv-
978 492 1181 553 nis-r.
1220 502 1580 555 numm.
1619 501 2078 555 scmrroass
2115 502 2326 555 rans.

683 976 953 1029 ccxxtv.
1002 978 1237 1025 nuum
1284 978 1584 1025 nuesmt
1633 956 1796 1025 1111‘s
1831 981 1920 1024 DE
1954 974 2186 1025 mnu
2217 976 2650 1023 nnmssmns

686 1062 765 1111 m
811 1064 1167 1112 Att’rtctrno
1208 1064 1469 1112 mon'rrs
1516 1067 1654 1113 Pno
1677 1068 1994 1113 ommnus
2027 1066 2414 1124 PROFESSIS,
2450 1065 2650 1109 Anno

686 1154 948 1200 nomm
980 1144 1108 1199 mm
1124 1144 1490 1202 coccum.

1384 1296 1556 1363 [cart.
1577 1298 1694 1351 111.
1715 1296 1754 1349 f.
1777 1299 1914 1366 wa]

599 1440 933 1543 Eugenius
995 1439 1375 1525 Episcopus,
1438 1460 1656 1503 servus
1729 1458 2060 1503 servorum
2124 1436 2276 1517 Dei,
2353 1438 2610 1504 dilectis
2683 1438 2840 1502 filiis

524 1526 737 1597 Prior»
804 1541 877 1593 et
937 1526 1239 1591 universis
1298 1524 1630 1591 monachis
1685 1525 1976 1590 ecclesiae
2057 1524 2510 1592 Dunelmensis
2585 1526 2842 1590 ordinis

514 1617 717 1683 sancti
743 1614 1083 1679 Benedicti
1105 1612 1654 1697 impresentiarum
1685 1611 2129 1689 existentibus,
2164 1613 2438 1677 salutem
2471 1627 2538 1678 et
2567 1630 2842 1697 aposto-

514 1706 708 1770 licam
758 1699 1304 1767 benediccionem.
1404 1698 1714 1763 Provenit
1743 1722 1824 1763 ex
1877 1712 2104 1764 vestrae
2149 1699 2521 1765 devocionis
2566 1700 2838 1776 affectu,

565 1815 648 1856 uo
679 1810 795 1854 nos
823 1802 889 1854 et
926 1788 1281 1853 Romanam
1306 1785 1640 1850 ecclesiam
1659 1785 2062 1863 reveremini,
2087 1800 2155 1851 ut
2174 1787 2535 1871 peticiones
2563 1800 2840 1862 vestr-118,

515 1808 657 1944 illas
686 1874 1041 1962 presertim,
1075 1896 1223 1959 quoe
1253 1872 1610 1937 animarum
1657 1889 2014 1937 vestrarum
2044 1873 2319 1938 salutem
2349 1872 2727 1958 respiciunt,
2759 1873 2844 1937 ad

516 1960 957 2031 exaudicionis
1001 1960 1270 2048 gratiam
1324 1960 1764 2025 admittamus,
1859 1960 2030 2025 Hinc
2083 1974 2184 2024 est
2226 1962 2403 2046 quod
2435 1984 2572 2039 nos,
2609 1962 2846 2025 vestris

518 2046 1099 2138 supplicacionibus
1150 2046 1453 2125 inclinati,
1491 2061 1563 2110 ut
1594 2047 1940 2123 confessor,
1985 2070 2181 2134 quem
2224 2049 2497 2135 quilibet
2546 2062 2844 2111 vestrum

518 2138 779 2205 duxerit
830 2134 1221 2219 eligendum,
1256 2134 1546 2198 omnium
1595 2146 2011 2219 peccatorum
2063 2148 2445 2212 vestrorum,
2479 2135 2562 2199 de
2602 2134 2846 2221 quibus

519 2226 717 2294 corde
764 2222 1023 2289 contriti
1072 2234 1140 2286 et
1191 2243 1302 2284 ore
1348 2220 1619 2285 confessi
1665 2219 1931 2299 fueritis,
1965 2221 2162 2285 semel
2209 2236 2460 2288 tantum
2507 2223 2574 2286 in
2611 2222 2846 2286 mortis

516 2312 787 2381 articuio
831 2311 1090 2397 plenam
1142 2307 1576 2374 remissionem
1607 2310 1787 2373 vobis
1835 2308 1900 2370 in
1951 2308 2316 2374 sinceritate
2361 2310 2538 2386 fidei,
2583 2309 2844 2373 unitate

519 2413 763 2467 sanctoe
822 2398 1139 2462 Romanae
1188 2394 1495 2472 eeclesiae,
1553 2416 1628 2459 ac
1677 2394 2044 2459 obedientia
2089 2409 2154 2460 et
2198 2396 2556 2461 devocione
2587 2410 2844 2473 nostra,

518 2488 625 2555 vel
672 2504 1111 2551 successorum
1163 2495 1550 2561 nostrorum,
1591 2482 2032 2548 Romanorum
2063 2483 2471 2568 pontificum,
2521 2484 2846 2549 canonice

520 2576 919 2649 intrantium,
950 2569 1463 2655 persistentibuS,
1498 2569 1882 2633 auctoritate
1933 2569 2286 2655 apostolica
2331 2571 2700 2637 concedere
2733 2594 2846 2635 va-

518 2664 675 2740 leat,
735 2657 1075 2724 devocioni
1136 2669 1365 2721 vestrae
1425 2668 1648 2720 tenore
1709 2657 2122 2741 praesentium
2183 2656 2615 2742 indulgemus,
2735 2658 2844 2723 Sic

522 2764 739 2815 tamen
770 2744 947 2833 quod
992 2744 1165 2809 idem
1198 2742 1526 2807 confessor
1551 2743 1634 2806 de
1662 2743 1802 2821 hiis,
1837 2743 1920 2807 de
1950 2745 2183 2830 quibus
2212 2744 2408 2809 fuerit
2439 2744 2626 2809 alteri
2659 2746 2850 2809 satis-

522 2835 731 2902 faccio
774 2830 1227 2917 impendenda,
1268 2852 1413 2895 eam
1442 2829 1622 2894 vobis
1653 2851 1770 2914 per
1800 2851 1934 2910 vm,
1967 2831 2020 2893 si
2049 2830 2552 2916 supervixeritiS,
2587 2833 2698 2895 vel
2731 2854 2852 2917 per

521 2924 702 2999 alios,
724 2920 777 2986 si
808 2934 964 2985 tunc
988 2919 1154 2983 forte
1184 2916 1586 2995 transieritis,
1629 2916 1985 2981 faciendam
2019 2919 2329 3003 injungat,
2362 2940 2556 3005 qnam
2589 2942 2708 2982 vos
2747 2919 2852 2983 vel

524 3011 617 3076 illi
668 3009 881 3073 facere
935 3004 1308 3082 teneamini,
1344 3019 1415 3067 ut
1459 3004 1844 3089 praefertur3
1891 3018 1959 3069 et
2005 3028 2108 3081 ne,
2145 3006 2320 3105 quod
2351 3006 2538 3083 absit,
2570 3020 2854 3091 propter

522 3096 895 3183 hujusmodi
924 3092 1207 3179 graciam
1238 3090 1598 3155 reddamini
1629 3091 2036 3175 procliviores
2059 3092 2146 3155 ad
2168 3092 2391 3157 illicita
2410 3092 2478 3155 in
2511 3108 2854 3177 posterum

526 3181 1014 3259 committenda,
1051 3179 1341 3243 volumus
1373 3177 1572 3264 quod,
1607 3178 1657 3240 si
1678 3200 1764 3242 ex
1784 3179 2174 3243 confidentia
2203 3178 2590 3244 remissionis
2625 3180 2856 3266 hujus-

526 3272 707 3339 modi
758 3269 971 3355 aliqua
1014 3264 1181 3330 forte
1227 3265 1733 3343 committeretis,
1784 3266 2003 3352 quoad
2069 3266 2183 3331 illa
2210 3266 2526 3352 praedicta
2553 3268 2854 3331 remissio

530 3358 713 3426 vobis
740 3356 1102 3420 nullatenus
1132 3352 1518 3439 suffiagetur
1540 3374 1568 3427 ς
1605 3353 1910 3439 quodque
1941 3374 2056 3438 per
2087 3376 2282 3418 unum
2317 3375 2574 3431 annum,
2612 3377 2653 3419 a
2683 3368 2856 3419 tem-

526 3468 686 3534 pore
736 3464 868 3528 quo
915 3460 1193 3525 praesens
1252 3452 1469 3503 nostra
1500 3442 1830 3504 concessio
1861 3440 1942 3503 ad
1975 3454 2248 3505 vestram
2284 3440 2586 3505 noticiam
2619 3464 2858 3526 perve-

528 3533 695 3599 nerit
724 3526 1254 3612 computandum,
1288 3524 1555 3609 singulis
1595 3526 1793 3590 sextis
1825 3525 2020 3604 feriis,
2055 3528 2520 3612 impedimento
2551 3528 2858 3617 legitimo

530 3629 835 3691 cessante,
859 3612 1211 3699 jejunetis;
1258 3626 1327 3676 et
1376 3612 1428 3675 si
1480 3612 1802 3697 praedictis
1850 3612 2022 3677 feriis
2054 3635 2137 3678 ex
2168 3628 2500 3701 praecepto
2530 3616 2858 3693 ecclesiae,

532 3704 814 3795 regulari
838 3699 1261 3777 observantia,
1286 3699 1574 3783 injuncta
1605 3700 2012 3785 poenitencia,
2034 3713 2190 3764 voto
2221 3701 2320 3765 vel
2353 3702 2529 3780 aliaS,
2552 3703 2866 3789 jejunare

534 3788 904 3867 teneamini,
956 3810 1083 3852 una
1132 3786 1257 3852 alia
1286 3786 1390 3850 die
1422 3787 1814 3871 singularum
1843 3786 2344 3873 septimanarum
2373 3790 2664 3872 ejusdem
2699 3790 2862 3855 anni

536 3904 667 3971 quo
691 3880 783 3945 ad·
794 3874 1239 3963 jejunandum,
1276 3885 1347 3937 ut
1378 3873 1810 3960 praemittitur,
1855 3896 1984 3939 non
2035 3874 2168 3938 sitis
2200 3875 2471 3953 astricti,
2513 3876 2858 3961 jejunetis.

538 3971 608 4036 Si
640 3990 794 4033 vero
823 3965 889 4028 in
922 3963 1099 4028 dicto
1129 3984 1302 4026 anno
1333 3962 1433 4025 vel
1462 3960 1678 4048 aliqua
1706 3964 1842 4048 ejus
1864 3974 2048 4047 parte
2071 3962 2290 4026 essetis
2326 3961 2612 4049 legitime
2642 3966 2861 4049 impe-

538 4056 678 4134 diti,
731 4074 911 4118 anno
956 4048 1269 4137 sequenti,
1333 4048 1436 4112 vel
1486 4047 1662 4124 aliaS,
1718 4070 1912 4135 quam
1962 4047 2234 4133 primum
2282 4049 2600 4134 poteritis,
2651 4051 2860 4115 modo

540 4140 727 4207 simili
772 4136 1095 4223 supplere.
1184 4135 1273 4200 Et
1318 4133 1368 4197 si
1400 4134 1614 4199 forsan
1645 4133 1802 4199 alias
1834 4134 2234 4220 praelibatum
2256 4136 2580 4221 jejunium
2611 4137 2678 4199 in
2709 4150 2862 4201 toto

539 4230 644 4295 vel
690 4229 759 4291 in
810 4243 995 4311 parte
1049 4222 1401 4307 adimplere
1459 4222 1733 4286 comode
1783 4221 2182 4308 nequieritiS,
2213 4248 2293 4287 eo
2337 4244 2488 4288 casu
2521 4224 2860 4288 confessor

537 4312 886 4403 praedictus
930 4308 1249 4397 jejunium
1300 4309 1506 4393 ipsum
1539 4310 1604 4372 in
1635 4308 1762 4373 alia
1789 4310 2044 4395 pietatis
2075 4332 2276 4395 opera
2305 4326 2712 4376 commutare
2745 4333 2858 4376 va-

536 4404 693 4479 leat,
728 4410 917 4485 prout
965 4397 1195 4462 animae
1238 4408 1469 4459 vestrae
1515 4396 1702 4460 saluti
1734 4396 1964 4461 viderit
1996 4397 2342 4481 expedire3
2389 4420 2538 4483 quae
2571 4420 2686 4463 vos
2718 4398 2858 4483 pari

535 4489 735 4558 modo
764 4484 1117 4573 adimplere
1148 4484 1535 4562 teneamini3
1584 4482 1868 4571 alioquin
1909 4482 2279 4570 hujusmodi
2310 4504 2529 4553 nostra
2561 4508 2858 4573 praesens
