3000 5117
1084 374 1505 424 Arpsumx.
1572 372 1731 421 Ami
1738 404 1944 423 ........
2417 356 2667 428 ccccxi

345 558 544 603 cruce
577 538 883 624 signatus,
931 535 1014 601 ad
1048 557 1180 613 vos,
1229 558 1338 601 seu
1371 534 1456 601 ad
1485 534 1629 600 loca
1658 548 1887 614 vestra,
1936 534 2301 603 itinerando
2356 558 2664 622 pervene-

347 628 456 703 rit,
509 628 715 713 ipsum
749 622 1115 690 humaniter
1157 635 1228 687 et
1283 624 1563 723 benigne
1592 623 1713 687 sub
1758 623 2166 709 proteccione
2198 624 2535 711 recipiatis,
2566 625 2659 689 nil

343 713 782 799 praejudiciale
803 712 862 777 ei
895 710 1264 787 inferentes,
1297 734 1410 774 seu
1443 710 1663 774 inferri
1700 710 2164 795 permittentes,
2196 713 2261 777 in
2293 711 2504 789 bonis,
2554 734 2655 775 re-

347 802 494 879 bus,
527 819 640 865 aut
672 821 960 886 persona,
1006 796 1102 861 sui
1137 796 1469 863 laudabilis
1497 796 1809 883 propositi
1840 797 2100 869 intuitu.
2134 799 2563 887 caritatisque,
2583 812 2657 863 et

347 887 486 953 Dei
545 910 787 955 amore.
875 887 1056 951 Data
1108 883 1443 962 Dunelmi‚
1493 904 1653 948 xmt
1710 884 1817 951 die
1866 885 2103 951 mensis
2164 878 2420 974 Aprilis,
2482 908 2655 953 anno

347 974 624 1041 Domini
655 972 990 1041 millesimo
1035 992 1593 1037 ccccnxxxxvm.

525 1384 754 1431 CCCIV.
801 1384 1295 1445 Pagvrlclra‘rlo
1341 1386 1697 1431 MISSARUM
1745 1386 1895 1431 BTc.
1934 1386 2269 1432 CONCESSA
2306 1387 2471 1431 nnat

1162 1474 1476 1519 unumco
1510 1472 1833 1519 SEPTIMO·

1189 1616 1386 1685 ,meg
1409 1616 1480 1667 v.
1504 1614 1595 1668 fist.
1626 1603 1765 1681 ua]

432 1753 932 1823 Cristianissirno
959 1758 1509 1845 illustrissimoque
1550 1754 1849 1842 principi,
1882 1756 2145 1821 domino
2174 1771 2395 1822 nostro
2423 1780 2649 1845 supre-

335 1864 474 1921 mo,
509 1845 772 1909 domino
801 1846 1114 1923 Henric0,
1140 1845 1328 1933 hujus
1351 1844 1629 1909 nominis
1658 1844 1955 1931 septimo,
1986 1843 2239 1929 Angliae
2263 1861 2330 1910 et
2358 1844 2646 1912 Franciae

336 1932 482 2016 regi
531 1933 962 2010 invictissimo,
995 1956 1072 1997 ac
1115 1932 1382 1998 domiuo
1423 1932 1763 1997 Hiberniae
1792 1930 2211 2011 serenissimO,
2244 1935 2340 1997 sui
2372 1933 2643 1999 humiles
2668 1946 2685 1959 ⁸

335 2035 408 2083 et
453 2018 676 2084 devoti
707 2020 996 2085 Thomas
1027 2020 1438 2105 permissione
1468 2018 1687 2084 divina
1723 2018 1911 2084 Prior
1940 2020 2230 2083 ecclesiae
2260 2021 2639 2086 cathedralis

333 2106 546 2171 sancti
577 2106 922 2172 cuthberti
947 2107 1232 2192 proesulis
1263 2108 1346 2171 de
1381 2106 1727 2185 DunelmO,
1761 2106 1999 2170 ordinis
2035 2108 2253 2172 Sancti
2287 2108 2642 2189 Benedicti,

335 2208 408 2257 et
429 2194 723 2277 ejusdem
772 2195 901 2261 loci
953 2196 1330 2260 Conventus
1353 2214 1722 2279 prosperum
1756 2208 1821 2258 et
1847 2194 2099 2259 felicem
2130 2208 2385 2273 statum,
2416 2218 2493 2260 ac
2523 2219 2642 2282 per

333 2282 707 2345 oracionum
739 2282 1042 2366 suffragia
1070 2304 1270 2371 regna
1299 2281 1647 2367 promereri
1680 2280 1985 2346 coelestis.
2052 2281 2643 2367 Singularis-dexo-

327 2368 532 2432 eionis
554 2367 788 2447 servor,
819 2392 1014 2456 quem
1043 2368 1450 2435 serenitatem
1479 2384 1757 2433 vestram
1788 2368 2134 2455 piissimam
2160 2369 2229 2433 in
2261 2371 2639 2437 oracionnm

332 2456 673 2543 suffragiis,
720 2480 942 2521 eorum
992 2456 1292 2535 maxime,
1343 2456 1454 2544 qui
1501 2455 1929 2541 omnipotenti
1984 2456 2128 2519 Deo
2173 2456 2279 2520 die
2310 2473 2630 2545 nocteque

333 2543 578 2608 servire
625 2544 1060 2623 dinoscuntur,
1113 2545 1349 2609 habere
1395 2542 1840 2629 conspicimuS,
1896 2542 2430 2608 christianissime
2460 2547 2635 2629 prin-

331 2652 512 2715 ceps,
558 2630 974 2697 vehementer
1000 2632 1246 2708 incitat,
1279 2645 1474 2718 atque
1508 2634 1573 2694 in
1609 2630 1851 2697 Christi
1880 2630 2145 2694 caritate
2176 2632 2524 2715 compellit,
2560 2650 2634 2699 ut

329 2740 414 2782 ea
431 2739 564 2803 pro
585 2716 764 2783 felici
793 2732 860 2784 et
889 2734 1197 2804 prospero
1223 2732 1389 2783 statu
1415 2716 1759 2802 majestatis
1788 2729 2016 2781 vestrae
2048 2717 2377 2781 oraciones
2410 2741 2631 2804 preces

331 2820 402 2869 et
445 2805 753 2889 suffragia
787 2806 857 2869 in
889 2805 1158 2871 ecclesia
1185 2819 1401 2871 nostra
1429 2806 1743 2891 pranlicta
1770 2804 1907 2868 fieri
1938 2818 2001 2868 et
2033 2804 2273 2869 effundi
2306 2806 2631 2894 excogite-

331 2914 498 2969 mus,
531 2894 764 2979 quibus
795 2909 1064 2959 vestram
1097 2894 1182 2958 de
1211 2892 1583 2958 oracionum
1617 2891 1931 2979 suffragiis
1961 2891 2321 2975 religiosam
2353 2915 2531 2979 spem
2562 2911 2629 2961 et

329 2978 634 3043 fiduciam
667 3002 792 3043 non
825 2980 1112 3046 minuere
1155 2980 1268 3045 sed
1299 3002 1537 3065 augere
1565 3000 1958 3045 censeamus,
2054 2980 2210 3056 Nos,
2244 2978 2629 3067 igitur,·ma-

321 3067 630 3151 jestatem
678 3082 952 3133 vestram
1004 3069 1515 3145 sacratissimam,
1570 3089 1718 3153 quae
1750 3087 1869 3129 nos
1898 3079 1964 3130 et
1994 3065 2328 3130 ecclesiam
2362 3068 2633 3153 praedie·

333 3168 466 3217 tam
519 3176 774 3241 semper
818 3154 1107 3239 graciose
1152 3155 1386 3219 intueri
1417 3154 1680 3242 dignata
1709 3165 1828 3230 est,
1860 3166 2011 3216 ante
2042 3153 2263 3217 oculos
2288 3154 2625 3235 habentes,

331 3240 622 3305 omnium
666 3243 1022 3319 missarum,
1056 3243 1450 3319 oracionum,
1475 3241 1897 3328 jejuniorum,
1932 3238 2311 3324 vigiliarum,
2338 3242 2628 3329 discipl-i-

330 3350 586 3404 narum,
620 3328 1176 3406 abstinenciarum,
1211 3326 1783 3413 indttlgenciarum‚
1816 3326 2326 3406 elemosinarum,
2354 3343 2421 3394 et
2448 3330 2632 3395 labo-

333 3436 504 3491 rum,
551 3429 1064 3503 caeterorumque
1094 3417 1411 3479 bonorum
1459 3414 1767 3491 omnium,
1813 3436 1961 3501 quae
1990 3436 2109 3499 per
2140 3438 2257 3479 nos
2277 3432 2356 3481 et
2380 3440 2633 3482 succes-

329 3522 512 3565 sores
539 3517 789 3567 nostros
817 3518 1084 3569 caeteros
1131 3526 1212 3567 ue
1241 3502 1739 3567 commonachos
1762 3517 2011 3566 nostros
2032 3502 2288 3567 futuros
2318 3518 2385 3568 et
2418 3504 2635 3569 minis-

332 3602 470 3651 tros
515 3588 580 3653 in
625 3590 896 3657 ecclesia
939 3612 1102 3675 praet
1127 3590 1254 3654 icta
1283 3588 1537 3689 operari
1568 3602 1679 3653 aut
1708 3588 1847 3652 fieri
1878 3588 2253 3674 dignabitur
2282 3591 2635 3658 clemencia

330 3674 538 3740 nostri
595 3676 964 3753 Salvatoris,
999 3689 1128 3742 tam
1181 3676 1244 3741 in
1290 3691 1424 3741 vtta
1469 3698 1659 3763 quam
1692 3690 1837 3761 post
1874 3690 2168 3755 mortem,
2202 3682 2633 3745 communica-

329 3761 588 3827 cionem
635 3776 704 3828 et
755 3764 1314 3850 participacionem
1345 3779 1751 3849 perpetuam,
1784 3777 2096 3849 quantum
2128 3786 2275 3827 cum
2316 3765 2457 3829 Deo
2486 3788 2635 3851 pos-

329 3872 574 3927 sumus,
629 3850 968 3916 devocioni
1019 3866 1245 3917 vestrae
1295 3850 1857 3916 christianissimae
1910 3849 2344 3926 concedimus,
2395 3866 2465 3916 et
2517 3874 2634 3938 per

329 3950 681 4022 proesentes
731 3937 1100 4022 elargimur,
1157 3938 1528 4023 adjicientes
1580 3936 2014 4013 nihilominus,
2064 3950 2131 3999 et
2160 3937 2453 4021 ampliori
2504 3962 2635 4026 qua

330 4024 620 4088 valemus
663 4027 1017 4108 graciarum
1066 4024 1326 4089 accione
1359 4024 1821 4107 benignitatem
1858 4037 2135 4086 vestram
2168 4023 2634 4093 serenissimam

331 4111 746 4197 spiritualiter
788 4127 1269 4200 prosequentes,
1304 4132 1387 4176 ex
1419 4110 1705 4175 unanimi
1736 4130 2079 4185 consensu,
2112 4112 2541 4177 concessimus
2572 4131 2640 4181 et

331 4221 454 4285 per
499 4212 848 4283 praesentes
892 4197 1324 4277 concedimus,
1357 4197 1531 4285 quod
1561 4197 1623 4260 in
1658 4195 1941 4283 qualibet
1976 4196 2165 4261 missa
2197 4197 2525 4284 principali
2556 4202 2643 4267 ad

330 4286 540 4369 majus
569 4288 701 4351 sive
728 4308 1040 4350 summum
1091 4286 1292 4350 altare
1317 4284 1609 4351 ecclesiae
1640 4282 1988 4368 praedictae,
2018 4306 2128 4368 per
2158 4284 2455 4371 aliquem,
2492 4311 2640 4355 nos·

333 4388 506 4437 trum
545 4373 646 4439 vel
677 4396 1111 4439 successorum
1139 4390 1523 4449 nostrorum,
1557 4386 1669 4436 aut
1694 4370 1892 4437 alium
1918 4372 2325 4451 monachum,
2352 4372 2637 4457 fratrem,
