3000 5117
792 540 1293 599 wnzmuws
1326 541 1433 597 ms
1470 542 1876 598 erumnas.
2341 522 2490 595 153

184 702 499 769 Ricardus
532 702 719 771 Poell
749 705 1096 771 comitatus
1126 716 1271 784 est3
1304 728 1582 796 cumque
1611 704 1696 772 ad
1725 702 2106 773 sanctissimi
2138 701 2486 771 Cuthberti

178 792 589 857 devotissime
616 792 1015 879 pervenisset
1045 793 1471 880 sepulchrum,
1535 792 1751 883 ibique
1800 790 2305 869 innumerabilia,
2337 812 2486 879 quae

177 880 611 945 sanctissimus
678 880 927 945 Praesul
987 880 1277 969 quotidie
1335 906 1376 947 a
1432 880 1626 947 variis
1685 896 1754 945 et
1813 878 2080 947 diversis
2140 900 2484 979 oppressus

177 967 617 1053 languoribus,
664 968 798 1035 sive
856 968 995 1035 aliis
1024 969 1514 1057 quibuscunque
1564 966 1874 1056 pressuris
1926 966 2274 1057 [ostendit]
2310 966 2487 1052 jugi-

183 1070 274 1121 ter
332 1057 717 1142 aspexisset,
780 1056 1192 1123 devotissime
1244 1056 1576 1145 ingemuit,
1641 1070 1706 1121 et
1754 1056 1866 1135 ait,
1927 1066 1973 1097 ‘⁶
2003 1055 2066 1121 O
2111 1055 2485 1120 beatissime

178 1144 409 1229 praesul
447 1144 833 1222 Cuthberte,
861 1145 969 1232 qui
993 1157 1092 1211 tot
1115 1158 1182 1210 et
1214 1140 1538 1211 tantorum
1568 1155 1880 1231 patronus
1912 1166 1982 1209 es
2003 1143 2485 1221 miraculorum,

179 1232 419 1317 respice
444 1231 932 1312 intolerabilem,
953 1255 1145 1320 quam
1168 1232 1399 1319 patior,
1427 1232 1864 1311 afflictionem,
1891 1254 2086 1333 quam
2103 1244 2217 1297 tua
2239 1230 2492 1297 inenar-

178 1318 357 1385 rabili
402 1342 768 1385 memorare
799 1320 1085 1408 digneris
1115 1320 1455 1387 clementia
1484 1334 1680 1408 atque
1723 1318 2221 1387 misericordia.”
2311 1318 2490 1385 Inte-

178 1407 293 1470 rim
322 1407 709 1495 lachrymaS,
742 1420 917 1486 vota,
950 1423 1145 1495 atque
1176 1429 1419 1493 preces,
1453 1410 1732 1495 supplex
1777 1430 1854 1473 ac
1906 1406 2313 1474 devotissime
2343 1406 2490 1473 fun-

182 1494 361 1575 den-⁰2,
410 1495 479 1558 in
510 1496 941 1561 momentanei
964 1498 1215 1581 soporis
1244 1496 1532 1584 requiem
1581 1495 1842 1573 incidit3
1889 1518 2054 1585 eque
2100 1516 2330 1561 somno
2375 1516 2491 1560 ex-

182 1583 433 1662 citatus,
468 1582 740 1649 liberum
772 1605 847 1648 ac
878 1607 1099 1650 sanum
1146 1606 1213 1649 se
1261 1584 1520 1671 reperit,
1575 1607 1777 1671 usque
1825 1584 2014 1663 adeo,
2061 1597 2130 1649 ut
2181 1582 2488 1649 fracturae

179 1670 447 1735 cicatrix
478 1670 659 1735 nulla
708 1672 993 1758 conspici
1052 1683 1269 1759 posset
1302 1696 1322 1750 ;
1367 1674 1544 1760 quod
1605 1673 1868 1760 quidem
1925 1669 2488 1739 vehementissime

178 1759 527 1836 admiranS,
564 1758 715 1823 Deo
759 1772 955 1861 atque
985 1760 1135 1826 divo
1180 1759 1544 1825 Cuthberto
1573 1762 1921 1827 secundum
1969 1760 2200 1825 virium
2227 1780 2488 1826 suarum

178 1846 689 1931 magnitudinem
722 1848 1031 1933 jubilans,
1079 1848 1367 1933 gaudens
1420 1864 1618 1937 atque
1669 1850 1986 1929 exultans,
2033 1847 2273 1935 gratias
2330 1868 2485 1912 con-

176 1934 403 2019 dignas
434 1932 675 2001 edidit:
724 1946 791 1999 et
841 1935 1142 2023 quoniam
1176 1936 1473 2002 humanae
1527 1936 1826 2003 Salvator
1872 1934 2235 2022 fragilitatis
2287 1957 2488 2021 opera

174 2045 287 2086 sua
316 2044 451 2087 non
480 2023 728 2108 patitur
756 2046 899 2089 esse
928 2023 991 2087 in
1022 2024 1301 2100 occulte,
1348 2026 1520 2091 idem
1573 2024 1880 2110 praefatus
1931 2024 2268 2101 Ricardus,
2311 2023 2490 2124 quod

175 2123 371 2175 antea
400 2110 693 2175 infirmus
722 2110 973 2189 celavit,
1026 2134 1215 2176 sanus
1366 2126 1471 2179 tea
1522 2129 1590 2179 et
1642 2113 1890 2198 integer
1917 2112 2134 2199 palam
2194 2112 2490 2175 omnibus

175 2198 509 2263 confessus
541 2210 655 2277 est,
705 2212 772 2264 et
818 2200 979 2265 tanti
1009 2200 1297 2265 miracui
1352 2200 1862 2285 magnitudinem
1909 2199 2164 2286 publice
2215 2198 2492 2285 aperuit,

180 2307 453 2372 remque
483 2286 809 2371 proecipue
842 2310 1094 2353 omnem
1140 2288 1393 2353 cuidam
1448 2288 1754 2374 magistro
1815 2288 2094 2353 Thomae
2153 2286 2489 2365 Swalwell,

178 2375 403 2439 Sacrae
435 2374 823 2459 Theologiae
860 2376 1240 2455 Professori,
1272 2376 1542 2477 aliisque
1572 2375 1886 2459 religiosis
1935 2373 2304 2442 monasterii
2333 2373 2490 2441 dicti

174 2460 311 2525 divi
362 2462 732 2541 Cutliberti,
765 2464 847 2528 ab
893 2462 1075 2528 initio
1122 2464 1497 2533 enucleavit.
1593 2464 1726 2529 Iste
1758 2464 2070 2543 ThomaS,
2101 2464 2300 2548 longo
2325 2475 2491 2527 tem-

174 2550 351 2635 poris
382 2549 729 2615 intervallo
758 2551 1029 2631 attritas»,
1061 2564 1129 2616 et
1158 2549 1224 2614 in
1256 2552 1506 2617 ruinam
1537 2552 1832 2639 dilapsas,
1881 2550 2223 2618 orientales
2273 2564 2489 2637 portas

178 2637 537 2703 Abbathiae
595 2641 937 2723 reparavit.
1038 2638 1207 2705 Nam
1271 2640 1475 2705 veteri
1531 2652 1672 2705 tota
1726 2654 2048 2706 structura
2083 2640 2343 2727 dejecta
2402 2638 2487 2704 ad

179 2737 443 2803 terram,
477 2740 851 2812 sumptuose
896 2738 962 2791 et
992 2735 1200 2793 multo
1252 2750 1518 2793 nummo
1563 2727 1982 2794 reoedificavit
2011 2729 2292 2807 easdem,
2340 2749 2488 2792 cum

178 2811 514 2879 domicilio
548 2814 845 2901 janitoris
889 2816 955 2879 in
984 2839 1117 2902 quo
1163 2816 1337 2881 idem
1367 2816 1696 2894 dormitat,
1729 2830 1798 2881 et
1827 2840 2018 2902 super
2047 2817 2306 2882 easdem
2340 2816 2490 2880 sub-

178 2900 329 2965 lime
382 2900 709 2987 lapidibus
758 2902 1069 2988 loevigatis
1117 2926 1313 2989 opere
1358 2918 1840 2982 caementorum,
1872 2904 2186 2990 plumbeis
2242 2902 2490 2968 laminis

179 3004 473 3075 opertam
506 2991 866 3055 construxit
920 2992 1261 3077 capellam,
1309 3006 1606 3059 vocatam
1653 3005 1895 3057 sanctae
1941 2992 2224 3058 Helenae
2271 2992 2486 3077 capel-

178 3077 329 3155 lam,
366 3076 461 3143 rei
509 3078 743 3141 divinae
803 3079 1210 3159 destinatam,
1274 3103 1401 3167 qua
1453 3103 1679 3147 omnes
1727 3078 1873 3143 laici
1924 3078 2026 3144 bis
2073 3076 2362 3166 quotidie
2404 3078 2490 3143 ad

180 3164 441 3231 missam
474 3165 861 3231 audiendam
892 3168 1385 3237 concurrebant.
1482 3166 1656 3233 Nam
1681 3167 1809 3233 illic
1839 3167 1972 3232 duo
2001 3166 2491 3232 subserviebant

182 3254 573 3333 sacerdotes,
608 3276 649 3317 a
684 3252 907 3320 Priore
938 3268 1005 3320 et
1039 3258 1379 3321 Conventu
1430 3255 1756 3341 assignati,
1805 3254 2320 3321 administrantes
2349 3276 2489 3318 om-

183 3342 373 3407 nibus
404 3340 585 3406 laicis
608 3341 1009 3408 eucharistiae
1038 3356 1530 3423 sacramentum,
1586 3344 2038 3411 confitentibus
2086 3342 2212 3407 illis
2263 3364 2488 3408 eorum

180 3429 433 3495 delicta.
534 3429 824 3515 Insuper,
858 3432 924 3495 in
949 3434 1181 3499 eodem
1212 3432 1510 3511 aedificio,
1543 3432 1904 3498 construxit
1956 3430 2322 3499 cubiculum
2367 3452 2490 3520 pro

182 3518 535 3595 sacerdote,
568 3516 633 3580 in
662 3541 795 3607 quo
824 3520 1219 3589 dormitaret.
1290 3520 1426 3585 Hic
1458 3520 1654 3586 etiam
1672 3520 1991 3607 reparavit
2018 3545 2059 3585 a
2088 3540 2258 3585 novo
2281 3518 2489 3584 fenes-

184 3618 345 3670 tram
390 3606 727 3670 borealem
776 3618 1092 3673 vetustate
1138 3610 1505 3686 contritam,
1553 3609 1657 3673 -in
1709 3608 1926 3674 medio
1982 3608 2222 3694 angulo
2281 3608 2490 3674 crucis

185 3694 473 3758 ecclesioe
507 3692 1014 3770 Dunelmensis3
1060 3710 1128 3761 et
1174 3718 1337 3781 opus
1388 3696 1713 3781 lapideum
1769 3710 1838 3761 et
1883 3696 2180 3773 vitreum,
2235 3696 2304 3759 iu
2355 3718 2488 3784 quo

184 3780 622 3867 depinguntur
645 3781 712 3847 in
763 3782 929 3847 vitro
977 3797 1256 3871 quatuor
1312 3782 1674 3850 Doctorum
1729 3784 2298 3850 ecclesiasticorum
2330 3786 2490 3847 ima-

184 3870 379 3952 gines,
416 3891 549 3933 una
579 3892 727 3935 cum
758 3870 1034 3955 imagine
1063 3887 1305 3936 sanctoe
1358 3870 1589 3936 Marioe
1637 3887 1702 3937 et
1740 3871 1944 3936 sancti
2001 3869 2366 3947 Cuthberti,
2423 3884 2490 3935 et

186 3958 405 4022 subtus
436 3959 539 4021 sui
572 3956 765 4043 ipsius
790 3958 1022 4044 imago,
1056 3982 1225 4045 genu
1270 3960 1538 4026 flectens
1587 3977 1653 4026 et
1702 3960 1950 4047 palmas
1979 3958 2274 4037 tendens,
2321 3956 2491 4023 vitro

186 4045 483 4123 caeruleo,
518 4066 665 4109 cum
694 4046 820 4112 isto
850 4046 1153 4127 carmine,

480 4266 695 4312 vntGo
739 4268 945 4314 TUUM
992 4268 1237 4315 NATUM
1288 4270 1407 4315 EAG
1453 4271 1664 4317 NOBIS
1717 4267 2227 4319 PROPITIATUM.

274 4408 415 4474 Hic
484 4412 745 4475 emebat
811 4410 973 4477 duas
1026 4411 1447 4491 molendinaS,
1495 4412 1925 4478 communiter
1991 4423 2246 4478 vocatas
2311 4410 2493 4477 Jews

191 4500 419 4580 mylles,
468 4520 629 4585 quas
676 4498 896 4565 ambas
1000 4500 1223 4565 lumbo
1270 4502 1548 4586 tegebat,
1596 4520 1664 4567 et
1723 4510 1952 4589 postea
2007 4498 2296 4566 ecclesiae
2347 4498 2493 4563 Du-

191 4586 499 4653 nelmensi
530 4586 903 4667 contribuit,
996 4610 1073 4657 ac
1117 4586 1390 4667 ratione,
1439 4601 1514 4655 ut
1565 4603 1712 4689 post
1762 4602 2038 4661 mortem
2089 4586 2260 4669 illius
2309 4584 2498 4669 fieret

1329 4696 1371 4741 ι,
