3000 5117
19 4308 54 4689 Β

20 4696 30 5074 k

927 502 1334 555 smnnnm.
1376 504 1557 554 ann.
1600 500 1865 552 ann.
2256 477 2521 551 'cccci-ii

371 974 621 1023 CCCXV.
674 976 1053 1023 conczssm
1087 976 1347 1021 orncu
1380 974 1853 1021 sssnmanLLl
1886 977 1977 1021 DE
2010 976 2340 1021 HBMYRG-

849 1064 1104 1111 „Buten
1136 1064 1541 1107 wlLLmLMo
1574 1062 1865 1111 PancYss.

941 1206 1102 1275 [neg.
1137 1206 1236 1258 Ν.
1271 1207 1430 1257 Patr.
1450 1205 1543 1262 ἰοὶ.
1570 1208 1667 1258 ue
1687 1208 1769 1271 δᾴ]

293 1345 636 1412 Universis
705 1348 946 1414 Christi
1020 1348 1318 1414 fidelibus
1390 1361 1739 1433 praesentes
1810 1347 2030 1412 literas
2106 1346 2501 1431 inspecturis,

197 1432 522 1511 Thomas,
571 1436 983 1518 permissione
1029 1436 1248 1500 divina
1282 1434 1470 1499 Prior
1508 1435 1798 1499 ecclesiae
1843 1433 2226 1499 cathedralis
2262 1433 2503 1497 Dunel·

186 1520 453 1596 mensis,
484 1521 752 1585 salutem
788 1521 864 1585 in
913 1522 1200 1587 Domino
1239 1522 1716 1605 sempiternam.
1812 1522 2036 1587 Sciatis
2066 1522 2237 1607 qumi
2272 1542 2387 1583 nos
2418 1521 2502 1583 (le

191 1605 516 1669 fidelitate
567 1622 634 1671 et
695 1608 1288 1693 circumspeccionis
1335 1607 1649 1673 industria
1706 1608 1937 1671 nobilis
1998 1609 2113 1670 viri
2184 1605 2502 1669 Willielmi

197 1690 434 1777 Percy,
465 1692 676 1757 fratris
707 1694 1074 1759 nobilissimi
1108 1695 1225 1759 viri
1256 1694 1509 1757 domini
1548 1694 1817 1759 Henrici
1854 1695 2125 1759 Comitis
2156 1691 2501 1756 Northum-

191 1776 384 1855 briae,
439 1779 692 1863 plenam
745 1782 809 1845 in
863 1782 1147 1846 Domino
1191 1780 1490 1845 fiduciam
1537 1792 1959 1866 reportantes,
2004 1781 2205 1865 ipsum
2249 1779 2505 1841 Williel-

195 1885 374 1927 mum
407 1868 854 1931 constituimus
899 1882 966 1933 et
995 1867 1859 1951 ordinamus‚seneschallum
1894 1883 2179 1931 nostrum
2211 1866 2503 1929 villarum

193 1950 280 2015 de
351 1950 950 2040 Hemmynburghe,
1012 1953 1507 2032 Brakenholme‚
1570 1953 1907 2031 Wodhall,
1973 1952 2379 2037 Hundesley,
2434 1966 2503 2015 et

193 2036 536 2115 Drewton,
571 2062 716 2103 cum
779 2063 996 2105 earum
1058 2040 1484 2127 pertinenciis,
1531 2063 1645 2124 per
1689 2054 2061 2124 praesentes.
2156 2040 2257 2104 lta
2288 2053 2501 2105 tamen

191 2124 372 2209 quod
404 2126 644 2189 dictum
675 2128 975 2204 officium,
1009 2141 1078 2191 et
1107 2151 1186 2192 ea
1207 2150 1354 2213 quae
1384 2127 1593 2191 eidem
1620 2127 1831 2190 officio
1856 2128 2234 2191 incumbunt
2260 2126 2499 2201 debita,

183 2210 386 2274 faciat
435 2227 502 2275 et
543 2229 868 2291 exerceat,
909 2236 1024 2298 per
1053 2237 1122 2277 se
1153 2216 1251 2277 vel
1285 2236 1464 2278 suum
1499 2214 1919 2278 sufficientem
1952 2214 2349 2297 deputatum,
2384 2232 2501 2297 pro

187 2318 328 2381 qno
381 2299 566 2361 nobis
619 2300 1006 2384 respondere
1059 2299 1360 2377 voluerit,
1411 2314 1601 2383 prout
1656 2322 1772 2382 pro
1820 2302 2095 2365 utilitate
2130 2302 2497 2371 ethonore

195 2383 426 2446 nostris
455 2398 524 2449 et
553 2388 842 2453 ecclesioe
873 2401 1110 2452 nostrae
1131 2387 1517 2450 cathedralis
1540 2388 1872 2471 praedictae
1896 2387 2135 2450 fuerint
2166 2387 2497 2462 facienda3

190 2469 608 2554 percipiendo
639 2473 788 2537 inde
819 2476 1143 2539 annuatim
1170 2473 1258 2536 de
1291 2474 1472 2537 nobis
1494 2489 1562 2536 et
1592 2472 2059 2539 successoribus
2085 2472 2314 2535 nostris
2346 2494 2499 2535 con-

189 2558 424 2621 similia
455 2558 650 2623 feoda
667 2573 734 2624 et
757 2560 1192 2625 emolumenta
1213 2561 1376 2624 sieut
1407 2560 1641 2625 nobilis
1665 2561 1759 2624 vir
1777 2561 2103 2625 Johannes
2146 2559 2497 2643 Haistyngs

183 2644 516 2731 quondam
562 2645 760 2723 miles,
793 2647 1172 2731 praedictum
1226 2667 1431 2731 nuper
1473 2668 1784 2711 exercens
1830 2646 2132 2721 officium,
2163 2646 2498 2729 percipere

190 2732 528 2795 consuevit
585 2731 650 2794 in
711 2734 962 2797 eodem.
1060 2733 1258 2798 Unde
1309 2733 1615 2796 omnibus
1661 2747 1727 2797 et
1770 2732 2035 2817 singulis
2082 2732 2383 2795 ministris
2429 2748 2497 2797 et

190 2819 558 2880 tenentibus
591 2822 822 2882 nostris
867 2820 1130 2897 ibidem,
1163 2842 1437 2906 quorum
1467 2822 1755 2890 interest,
1790 2820 2056 2883 firmiter
2085 2818 2492 2902 injungimus,

190 2900 366 2988 quod
397 2904 670 2987 praefato
731 2905 1066 2971 willielmo
1109 2920 1174 2971 et
1218 2929 1335 2970 suo
1365 2906 1430 2970 in
1463 2906 1583 2970 hae
1616 2926 1797 2990 parte
1826 2907 2159 2990 deputato,
2194 2920 2493 2990 tanquam

191 2990 592 3055 seneschallo
643 3008 888 3069 nostro,
946 2997 1012 3057 in
1067 2994 1364 3058 omnibus
1411 3008 1477 3057 et
1530 2994 1625 3055 sin
1678 2993 1799 3056 ulis
1828 2994 1909 3057 ad
1942 2992 2183 3056 dictum
2216 2992 2496 3055 officinm

188 3077 656 3160 pertinentibus
689 3080 1016 3157 obediant,
1051 3094 1317 3165 pareant
1350 3092 1414 3144 et
1445 3017 1809 3143 intengant.
1886 3080 1963 3143 In
1998 3079 2180 3163 cujus
2200 3079 2292 3141 rei
2316 3083 2497 3141 testi-

186 3162 473 3227 monium
536 3163 812 3247 sigillum
861 3182 1146 3231 nostrum
1195 3167 1617 3251 praesentibus
1677 3179 1771 3229 est
1833 3187 2208 3249 appensum.
2316 3165 2495 3230 Data

187 3248 524 3327 Dunelmi,
590 3259 838 3315 xv111¹¹²⁰
893 3253 998 3317 die
1061 3253 1292 3319 mensis
1351 3252 1531 3328 Julii,
1594 3273 1769 3317 anno
1830 3250 2097 3316 Domini
2156 3250 2492 3323 millesimo

187 3335 708 3425 quingentesimo
735 3352 985 3431 quarto,

804 3776 1069 3825 CCCXVI.
1121 3777 1563 3824 CELEBRAclo
1595 3778 1868 3826 SYNom.

1100 3915 1270 3985 meg.
1306 3917 1378 3968 v.
1413 3916 1448 3969 f.
1475 3922 1569 3985 883

290 4052 680 4117 Celebracio
753 4069 992 4119 sanctae
1067 4056 1295 4141 synodi
1371 4059 1435 4120 in
1498 4057 1643 4124 navi
1712 4056 2021 4122 Ecclesiae
2084 4061 2482 4127 Cathedral‘is

178 4135 663 4215 DunelmensiS,
697 4138 867 4204 facta
895 4162 1110 4205 coram
1145 4143 1492 4209 venerabili
1524 4158 1709 4228 patre
1734 4143 1992 4209 'l'homa
2027 4146 2249 4212 Priore
2280 4154 2485 4217 eccle-

175 4226 295 4289 siae
342 4224 753 4290 Cathedralis
782 4226 1111 4311 predictae,
1146 4244 1216 4293 et
1262 4230 1381 4294 hiis
1411 4252 1627 4294 secum
1658 4232 1723 4293 in
1752 4231 1931 4294 sedili
1964 4235 2480 4317 consedentibus,

179 4311 301 4375 viz.
349 4311 620 4376 domino
671 4314 962 4379 Roberto
1013 4315 1357 4387 Chambre.
1398 4318 1667 4381 Decano
1698 4318 1981 4382 ecclesiae
2012 4322 2367 4405 collegiatoe
2398 4326 2480 4393 de

177 4396 440 4464 Cesti-ia
485 4397 550 4463 in
611 4400 830 4465 Strata
876 4424 952 4465 ac
1006 4403 1407 4467 Cancellario
1461 4403 1945 4489 temporalitatis
1972 4422 2265 4493 ,tempore
2297 4434 2481 4477 vaea-

181 4484 378 4551 cionis
402 4485 570 4551 sedis
595 4485 1072 4566 Dunelmensis,
1099 4512 1218 4574 per
1239 4490 1571 4641 {nmio-'num
1605 4490 1850 4577 Regem
1874 4497 2245 4575 constituto,
2270 4498 2477 4585 primo

1319 4596 1355 4640 c
