3000 5117
813 457 1234 511 Arrnnmx.
1298 460 1482 512 Anu.
1522 447 1999 518 Mccchx1v0
2204 449 2553 526 ccccxlvii

259 619 650 696 nominibus,
685 631 756 684 ut
787 633 886 686 est
915 622 1128 700 moris,
1167 624 1383 688 venire
1400 637 1727 704 curarunt,
1762 625 2001 692 dictam
2022 629 2553 699 constitucionem

260 707 638 791 synodalem
675 709 972 796 nequiter
1001 709 1320 788 violando,
1349 711 1414 774 in
1445 711 1795 776 animarum
1826 736 2081 780 suarum
2112 719 2361 802 grande
2390 721 2557 804 peri-

259 793 504 871 culum,
552 795 950 882 aliorumque
993 795 1420 882 perniciosum
1473 799 1543 863 in
1602 801 1971 886 exemplum
1992 826 2013 878 3
2060 804 2177 870 tibi
2228 804 2426 890 igitur
2482 809 2553 872 in

262 879 506 946 virtute
559 882 955 947 obedienciae
1007 883 1282 948 firmiter
1330 885 1725 969 injungendo
1776 889 2172 969 mandamns,
2234 907 2553 980 quatenus

261 967 570 1052 proefatos
611 970 922 1036 Rectores
952 983 1022 1035 et
1076 970 1366 1036 Vicarios
1418 971 1482 1034 in
1514 972 1711 1038 dorso
1736 978 2134 1061 presencium
2165 982 2559 1066 conscriptos

259 1057 699 1140 peremptorie
743 1057 922 1135 cites,
975 1079 1088 1122 seu
1141 1058 1322 1122 citari
1372 1059 1589 1138 facias,
1644 1062 1821 1148 quod
1873 1080 2285 1151 compareant
2336 1089 2559 1133 coram

262 1142 454 1206 nobis
499 1144 565 1208 in
611 1144 876 1208 ecclesia
921 1144 1272 1229 parochiali
1306 1145 1523 1212 Sancti
1556 1147 1841 1212 oswaldi
1872 1150 2207 1230 Dunelm.,
2238 1153 2347 1218 die
2375 1154 2561 1219 Jovis

261 1231 562 1312 proxime
585 1245 730 1314 poet
749 1231 984 1296 festum
1017 1233 1314 1318 Symonis
1332 1247 1400 1298 et
1421 1235 1466 1300 J
1469 1235 1615 1298 udae
1636 1236 1931 1319 proxime
1954 1239 2263 1318 futurum,
2296 1263 2557 1306 causam

265 1316 748 1396 racionabilem,
783 1319 834 1382 si
865 1341 1062 1405 quam
1106 1341 1228 1404 pro
1269 1343 1338 1386 se
1367 1321 1669 1398 habeant,
1699 1345 1896 1423 qnare
1926 1324 2102 1391 dicta
2130 1349 2321 1411 poena
2348 1328 2433 1392 ab
2462 1328 2555 1393 eis

263 1417 330 1467 et
381 1425 610 1468 eorum
661 1406 953 1491 quolibet
1005 1405 1202 1470 levari
1249 1420 1324 1471 et
1367 1408 1633 1472 fabricas
1662 1409 1855 1474 dictae
1893 1412 2197 1478 Ecclesiae
2224 1413 2553 1500 applicari,

259 1499 370 1588 etc-5
469 1491 648 1558 Data
676 1513 848 1557 xvm
880 1492 986 1558 die
1023 1493 1352 1574 OctobriS‚
1381 1517 1557 1560 anno
1588 1495 1853 1562 Domini
1882 1499 2220 1566 millesimo
2252 1521 2555 1567 cccccnx

259 1596 493 1660 primo·

441 2016 633 2064 ccci..
711 2020 1256 2068 surr-ammaum
1301 2023 1745 2071 surrucxrlo
1794 2023 1931 2068 pao
1979 2024 2377 2072 maxumo

439 2105 846 2152 nncuns‘rra
879 2111 964 2153 ar
1011 2111 1340 2156 sorranus
1373 2113 1665 2155 Buausv
1699 2112 2079 2157 Pmoamus
2110 2113 2381 2158 num-21„-

1179 2183 1595 2244 manemus?

627 2335 778 2400 [lint.
799 2337 852 2386 in
879 2336 1183 2392 Bibliothec.
1207 2337 1330 2391 Dec.
1353 2331 1410 2392 et
1433 2340 1562 2408 Cap.
1592 2337 1841 2391 Dunelm.
1864 2339 1929 2390 Β.
1952 2339 2059 2404 IV,
2084 2341 2194 2406 484

356 2473 693 2539 Universis
723 2491 962 2544 sanctoe
983 2481 1199 2544 matris
1224 2481 1507 2546 ecclesiae
1527 2481 1691 2557 filiis,
1719 2480 1801 2544 ad
1834 2501 1996 2566 quos
2025 2499 2303 2564 proesens
2325 2477 2559 2564 pagina

257 2563 646 2646 pervenerit,
709 2564 1020 2631 Ricardus
1061 2569 1477 2653 permissione
1526 2567 1743 2631 divina
1799 2566 1987 2630 Prior
2016 2566 2301 2630 ecclesiae
2330 2569 2554 2631 cathe-

257 2649 454 2713 dralis
516 2651 885 2716 Dunelmiae
945 2667 1012 2718 et
1070 2653 1356 2739 ejusdem
1418 2655 1544 2718 loci
1600 2655 1973 2718 Conventus
2016 2653 2177 2716 facie
2209 2653 2291 2715 ad
2322 2653 2555 2718 faciem

255 2739 628 2823 magestatis
659 2739 927 2828 gloriam
948 2743 1013 2804 in
1037 2755 1203 2806 terra
1234 2743 1591 2806 vivencium
1624 2741 1904 2804 finaliter
1931 2739 2265 2824 speculari.
2328 2739 2559 2803 Divini

254 2825 571 2910 praecepti
604 2830 1015 2912 transgressio
1045 2829 1280 2913 primos
1311 2843 1609 2916 parentes
1640 2826 1963 2912 originalis
2008 2826 2254 2912 peccati
2288 2827 2563 2890 vulnere·

257 2910 350 2975 sic
380 2914 688 2978 sauciavit
722 2929 789 2978 ut
822 2937 906 2979 ex
933 2915 1054 2979 hoc
1086 2919 1150 2980 in
1190 2917 1351 2980 Adae
1383 2917 1569 2994 filios,
1604 2915 1765 2980 heu!
1800 2935 2054 3000 poenam
2080 2913 2297 2997 duplae
2326 2914 2554 2977 mortis

257 2999 590 3078 traduxit3
659 3023 828 3085 quae,
879 3003 998 3064 nisi
1047 3026 1161 3088 per
1209 3003 1445 3068 Christi
1501 3017 1796 3079 mortem,
1848 3023 2171 3088 nunquam
2218 3000 2557 3085 redempta

255 3085 501 3156 suisset.
599 3089 664 3154 O
695 3111 884 3175 quam
915 3090 1195 3174 gloriosa
1225 3113 1392 3155 mors
1428 3090 1667 3155 Christi
1698 3090 1764 3152 in
1796 3111 1924 3176 qua
1954 3088 2255 3174 baptizati
2287 3089 2548 3154 sumus!

256 3174 366 3262 qui
415 3175 478 3238 in
531 3176 855 3241 Christum
916 3177 1230 3243 credimus
1277 3193 1340 3242 et
1397 3178 1651 3264 purgati
1713 3199 1825 3260 spe
1878 3176 2097 3239 salutis
2163 3174 2319 3239 salvi
2396 3174 2549 3240 facti

257 3283 493 3330 sumus,
591 3263 887 3329 Preciosa
909 3288 1164 3352 quoque
1197 3268 1262 3329 in
1293 3279 1640 3351 conspectu
1676 3263 1945 3327 Domini
1976 3284 2145 3327 mors
2176 3274 2547 3363 sanctorum

257 3352 410 3435 ejus.
504 3349 888 3427 Quocontra
933 3375 1103 3416 mors
1151 3366 1558 3438 peccatorum
1610 3350 1900 3438 pessima,
1952 3364 2017 3415 et
2069 3371 2215 3414 cum
2265 3371 2395 3413 non
2418 3436 2432 3449 .
2465 3363 2551 3414 sit

255 3434 452 3501 homo
501 3437 610 3524 qui
659 3461 789 3504 non
837 3439 1082 3505 videbit
1113 3454 1406 3518 mortem,
1460 3441 1653 3505 timor
1704 3439 1861 3523 ejus,
1914 3437 2137 3525 utique
2202 3457 2287 3502 ex
2337 3457 2546 3537 primo

255 3525 524 3589 crimine
570 3524 871 3604 human0,
924 3529 1196 3594 cadebat
1245 3528 1742 3593 lamentabiliter
1786 3548 1975 3611 super
2025 3548 2270 3591 omnes.
2360 3525 2553 3590 Dixtt

253 3609 450 3694 igitur
469 3614 565 3676 vir
583 3629 862 3692 sanctus,
883 3615 925 3680 J
927 3616 1032 3694 ob,
1061 3615 1307 3681 “timor
1325 3619 1547 3681 mortis
1567 3615 1907 3681 conturbat
1926 3616 2091 3692 me,”
2111 3627 2177 3678 et
2198 3611 2548 3714 Propheta,

253 3699 900 3767 “circumdederunt
938 3724 1041 3767 me
1101 3705 1352 3768 dolores
1412 3704 1697 3781 mortiS‚'’
1744 3725 1889 3790 quae
1934 3723 2161 3766 revera
2204 3725 2241 3764 a
2300 3714 2549 3764 cunctis

252 3789 632 3852 mortalibus
663 3805 756 3855 est
789 3790 1173 3876 plangenda.
1255 3791 1326 3855 In
1357 3792 1537 3877 cujus
1568 3792 1821 3877 signum
1850 3789 2258 3875 antiquorum
2290 3799 2548 3870 patrum

250 3875 368 3940 filii
397 3898 544 3941 cum
571 3900 686 3942 sua
715 3879 1050 3964 parentela
1072 3878 1318 3942 diucius
1350 3901 1572 3942 necem
1604 3879 1993 3964 planxerunt
2020 3889 2373 3961 paternam,
2396 3896 2545 3938 cum

250 3963 494 4046 populo
523 3964 642 4028 sibi
675 3979 856 4042 ηοω,
881 3965 1044 4028 sicut
1068 3966 1306 4052 ,Ioseph
1328 3967 1575 4029 obitum
1600 3967 1697 4030 sui
1725 3961 1946 4050 patris,
1981 3976 2047 4025 et
2072 3961 2255 4061 plebs
2294 3961 2548 4025 Israeli-

249 4051 380 4115 tica
410 4051 740 4116 decessum
775 4055 995 4116 Aaron
1025 4054 1120 4116 sui
1168 4053 1505 4138 pontificis.
1628 4051 1787 4128 Nos,
1822 4049 2035 4132 igitur,
2068 4061 2335 4112 istorum
2362 4069 2545 4112 sanc-

249 4149 466 4202 torum
495 4152 752 4223 patrum
785 4141 1084 4225 exemplo
1103 4140 1349 4218 imitati,
1370 4151 1631 4225 propter
1658 4139 1863 4202 fatum
1892 4148 2255 4199 nostrorum
2285 4148 2542 4221 patrum

319 4343 346 4370 ⁶
386 4337 486 4389 See
507 4337 601 4389 the
622 4339 829 4405 printed
852 4340 1137 4408 catalogue
1159 4339 1221 4391 of
1232 4341 1324 4392 the
1351 4339 1500 4390 MSS.
1530 4337 1591 4389 of
1622 4337 1713 4389 the
1738 4337 1886 4388 Dean
1918 4337 2018 4410 and
2043 4336 2271 4402 Chapter
2307 4333 2370 4386 of
2396 4335 2538 4386 Dur-

243 4403 364 4455 ham
382 4403 493 4469 (fol.
523 4408 655 4457 1825
683 4443 702 4470 ,
735 4424 782 4474 p.
805 4411 918 4458 435.
939 4411 1017 4458 tor
1039 4425 1072 4458 a
1093 4412 1294 4459 minute
1315 4414 1531 4460 account
1554 4405 1614 4457 of
1628 4407 1719 4457 the
1742 4405 1856 4456 Rou
1882 4407 1937 4456 οί
1959 4405 2120 4455 which
2144 4405 2236 4454 the
2260 4407 2537 4466 Suppliaaoe

241 4471 588 4605 ἓῐὲεὲἒῖξῆωε
622 4481 646 4527 t
683 4489 714 4528 e
753 4473 899 4529 head.
967 4477 1084 4529 The
1107 4476 1328 4545 heading
1365 4474 1426 4528 of
1456 4491 1486 4528 a
1510 4474 1704 4528 similar
1728 4473 1847 4528 Roll
1870 4474 1911 4527 is
1934 4471 2141 4542 printed
2165 4473 2340 4525 above.
2410 4471 2538 4542 [No.
