3000 5117
418 490 737 564 cclxxxii
876 512 1079 563 ms‘r.
1118 513 1477 564 DUNELM.
1520 514 1985 565 scium-omas
2023 516 2235 566 Tuus.

418 675 823 741 communiri.
915 674 1161 739 Datum
1194 690 1258 740 et
1288 692 1504 741 aetum
1539 676 1599 740 in
1634 678 1902 741 eeclesia
1934 676 2136 741 saneti
2178 676 2485 753 oswaldi,
2527 680 2725 765 juxta

422 758 839 840 Dunelmum‚
875 761 1178 827 vicesimo
1224 764 1429 847 primo
1460 764 1566 827 die
1599 766 1836 829 mensis
1867 764 2020 829 Julii
2051 764 2363 849 praedicti,
2396 766 2515 829 sub
2548 788 2727 829 anno

418 868 458 910 a
503 852 840 915 nativitate
876 848 1163 927 Domini,
1199 850 1550 916 secundum
1583 850 2137 936 computacionem
2171 852 2458 916 ecclesiae
2493 853 2728 937 Angli-

417 957 619 1014 canae,
654 936 989 1001 millesimo
1040 944 1280 1002 ccccmo
1334 938 1830 1027 quadragesimo
1879 952 2083 1015 sext0,
2120 940 2482 1003 indiccione
2521 960 2722 1018 nona,

414 1024 825 1107 pontificatus
855 1022 1229 1089 sanctissimi
1256 1025 1319 1087 in
1356 1024 1616 1090 Christo
1643 1027 1840 1112 patris
1872 1039 1936 1089 et
1967 1025 2208 1089 domini
2241 1028 2441 1090 nostri
2475 1027 2726 1091 domiui

414 1105 689 1197 Eugenii
721 1111 940 1176 divina
986 1109 1398 1195 providencia
1454 1113 1653 1199 Papae
1695 1115 1906 1199 quarti
1963 1136 2134 1176 anno
2188 1128 2379 1177 sexto
2426 1113 2710 1191 decime,

414 1198 838 1281 praesentibus
886 1198 1125 1263 ibidem
1174 1196 1466 1263 diseretis
1498 1200 1646 1262 viris
1686 1200 2027 1264 Willielmo
2081 1198 2307 1263 Hoton
2347 1200 2724 1267 Justiciario

408 1283 584 1368 pacis
632 1285 966 1350 reverendi
1011 1284 1210 1369 patris
1257 1286 1716 1351 Dunelmensis
1751 1287 2058 1372 Episcopi
2091 1300 2155 1349 et
2192 1286 2429 1351 Prioris
2465 1288 2723 1353 Dunel-

412 1370 643 1435 mensis
673 1372 1085 1449 s'eneschallo,
1113 1372 1391 1436 dominis
1418 1372 1678 1438 Thema
1708 1374 1964 1451 Todde‚
1995 1373 2354 1437 Willielmo
2389 1376 2720 1441 Barkdale

411 1457 778 1541 presbiteris
812 1458 1265 1523 Dunelmensis
1296 1459 1648 1537 dioceseos,
1683 1462 1956 1526 testibus
1993 1459 2075 1523 ad
2109 1462 2436 1545 praemissa
2469 1464 2718 1527 voeatis

408 1545 771 1629 specialiter
821 1560 890 1611 et
940 1546 1201 1630 rogatis,
1328 1546 1417 1611 Et
1465 1570 1591 1630 ego
1642 1547 1972 1612 Johannes
2029 1547 2393 1635 Berehalgh
2443 1550 2716 1613 clericus

409 1632 870 1699 Dunelmensis
900 1632 1229 1697 dioceseos
1274 1634 1570 1719 publicus
1611 1637 1994 1699 auctoritate
2027 1636 2382 1721 apostolica
2410 1652 2480 1701 et
2511 1636 2719 1723 impe-

405 1718 576 1783 ritali
607 1720 910 1797 notariuS,
944 1730 1055 1785 etc.

493 1806 656 1871 Item
714 1807 1094 1891 Radulphus
1144 1806 1397 1894 Nevyle
1453 1808 1689 1873 Comes
1736 1808 2325 1887 Westmerlandiae,
2374 1808 2716 1875 Johannes

408 1890 663 1980 Nevyle
709 1906 777 1957 et
810 1894 873 1957 T
875 1893 1095 1958 homas
1148 1894 1400 1979 Nevyle
1460 1894 1692 1960 fratres
1739 1896 2024 1978 ejusdem
2075 1897 2370 1974 Comitis,
2415 1898 2714 1963 Thomas

409 1980 705 2068 Lomley,
769 1980 1117 2045 Willelmus
1177 1980 1375 2057 Eure,
1411 1982 1663 2059 militeS,
1725 1984 2095 2047 Vt'illelmus
2132 1983 2424 2071 Lomlcy,
2472 1985 2716 2049 Willel-

400 2090 541 2131 mus
604 2064 865 2144 Hilton,
930 2068 1259 2133 Robertus
1324 2068 1519 2146 Eure,
1587 2069 1876 2156 Rogerus
1939 2070 2305 2149 Thornton,
2376 2072 2712 2137 Robertus

404 2155 706 2232 Claxton,
766 2153 1128 2219 Willelmus
1172 2156 1397 2219 Hoton
1430 2156 1513 2219 de
1549 2154 1926 2235 Hardwike‚
1973 2158 2316 2221 Willelmus
2359 2160 2590 2223 Hoton
2622 2162 2713 2224 de

402 2242 751 2319 Hunwike,
785 2242 1111 2307 Johannes
1149 2242 1347 2329 Sayre
1378 2258 1443 2307 et
1476 2242 1821 2307 Willclmus
1853 2244 2156 2321 Mordon,
2184 2245 2502 2327 armigeri,
2542 2248 2714 2312 Om-

396 2330 583 2395 nibus
632 2330 714 2394 ad
760 2352 921 2429 quos
952 2351 1232 2413 praesens
1268 2332 1574 2415 scriptum
1606 2332 1987 2413 pervenerit,
2021 2347 2089 2395 et
2121 2333 2476 2415 praesertim
2513 2356 2714 2399 vene-

395 2418 583 2482 rabili
633 2431 799 2502 patrl
850 2417 1056 2481 Priori
1088 2432 1154 2482 et
1190 2418 1388 2481 c'oetui
1418 2417 1776 2481 reverendo
1807 2418 2268 2482 monachorum
2307 2420 2712 2485 Dunelmen-

389 2506 577 2583 sium,
603 2505 873 2571 salutem
908 2504 971 2567 in
1006 2504 1315 2571 Domino.
1391 2502 1578 2568 Licet
1607 2505 1972 2569 execrabile
1990 2518 2054 2569 et
2077 2505 2468 2571 horrendum
2495 2508 2712 2573 scelus

396 2593 656 2657 invidiae
704 2592 771 2655 in
820 2591 1127 2657 dilectum
1170 2606 1457 2655 nostrum
1489 2590 1856 2655 Johannem
1889 2592 2000 2657 Oll
2031 2594 2412 2657 monachum
2451 2594 2711 2659 Dunel-

392 2702 680 2745 mensem
727 2678 1135 2743 audientibus
1180 2699 1459 2743 errorem
1485 2678 1818 2765 ingesserit
1847 2679 2076 2778 linguis
2108 2682 2487 2765 serpentinis
2519 2704 2707 2747 emu-

386 2766 595 2832 lorum
643 2766 857 2851 ipsiu3‚
902 2764 1094 2829 famae
1124 2788 1258 2829 suae
1288 2778 1356 2829 et
1386 2765 1610 2829 honori
1645 2766 2081 2851 multiplieiter
2109 2768 2538 2847 detrahendo,
2573 2770 2711 2833 ser-

390 2872 500 2919 tur
544 2854 733 2933 enim,
770 2868 841 2917 ut
887 2874 1091 2936 nuper
1119 2852 1203 2916 ad
1233 2867 1536 2929 nostrum
1560 2854 1850 2937 pervenit
1879 2854 2191 2930 auditum,
2224 2856 2397 2942 quod
2432 2856 2702 2943 quidam

388 2942 579 3007 famae
603 2965 737 3006 suoe
767 2939 1041 3027 prodigi,
1074 2940 1444 3027 propriique
1479 2956 1919 3023 persecutores
1953 2940 2231 3020 honoris,
2266 2942 2398 3006 odii
2431 2960 2497 3006 et
2531 2943 2701 3007 invi-

392 3030 519 3093 diae
572 3030 797 3114 spiritu
850 3026 1173 3104 concitati,
1208 3050 1356 3091 eum
1406 3027 1510 3090 siti
1561 3027 1929 3091 ambICionis
1962 3028 2376 3113 spiritualiter
2405 3052 2702 3114 pereme-

389 3131 538 3180 runt
568 3131 636 3181 et
664 3130 737 3180 ut
768 3128 1065 3199 potenter
1095 3114 1508 3179 ostenderent
1537 3138 1604 3179 se
1637 3114 1700 3178 in
1734 3115 2044 3179 malorum
2070 3116 2400 3181 devenisse
2431 3119 2703 3202 profun-

390 3206 565 3281 dum,
616 3204 831 3268 Deum
865 3219 931 3267 et
955 3201 1242 3266 homines
1272 3214 1821 3287 contempnenteS,
1856 3202 1939 3267 de
1970 3202 2096 3266 suis
2127 3203 2391 3267 maliciis
2419 3206 2700 3292 gloriam

388 3292 690 3379 quaesisse
737 3289 1034 3354 videntur
1080 3303 1141 3354 et
1191 3289 1255 3351 in
1288 3289 1476 3354 rebus
1506 3290 1791 3374 pessimis
1821 3290 2146 3355 exultasse
2177 3312 2377 3370 suam,
2413 3314 2700 3379 namque

384 3378 597 3443 conati
638 3392 785 3441 sunt
840 3398 967 3439 uon
1017 3377 1306 3442 ocultare
1345 3376 1458 3440 sed
1511 3376 1731 3461 pocius
1763 3389 2086 3443 ostentare
2114 3376 2439 3457 invidiam,
2473 3380 2698 3465 palam

384 3464 779 3551 publicantes
812 3462 1171 3527 hominibus
1218 3464 1520 3550 gravibus
1550 3479 1615 3527 et
1649 3463 1948 3541 honestis,
1982 3466 2381 3551 regularibus
2412 3483 2478 3531 et
2507 3490 2700 3532 secu-

373 3552 634 3628 laribuS,
658 3551 991 3614 dominum
1022 3550 1385 3615 Johannem
1420 3550 1530 3615 Oll
1559 3566 1980 3615 memoratum
2014 3575 2095 3616 ex
2128 3552 2320 3636 ipsius
2353 3554 2700 3621 nativitate

370 3645 536 3729 jugo
583 3636 902 3703 servitutis
954 3636 1302 3715 addictum,
1358 3660 1550 3724 quem
1581 3638 1812 3702 scimus
1844 3651 1912 3702 et
1943 3654 2252 3703 testamur
2282 3664 2321 3704 a
2351 3642 2696 3709 nativitate

378 3731 650 3795 liberum
699 3738 763 3791 et
806 3724 1151 3809 ingenuum
1186 3724 1349 3788 infra
1380 3726 1722 3789 Baroniam
1755 3727 1838 3790 de
1875 3726 2321 3812 Brauncepath
2353 3750 2394 3791 a
2425 3731 2694 3794 valectis

375 3814 841 3885 valencioribus
894 3834 1077 3875 suum
1128 3811 1469 3877 habentem
1525 3808 1855 3895 originem,
1912 3828 1979 3877 et
2024 3816 2108 3878 ab
2154 3815 2327 3877 omni
2359 3818 2692 3881 servitutis

365 3908 528 3992 jugo
560 3904 906 3967 immunem
932 3923 949 3975 ;
980 3902 1086 3963 cni
1115 3898 1318 3964 eciam
1350 3901 1414 3962 in
1449 3900 1785 3983 praemissis
1817 3900 2138 3965 laudabile
2169 3924 2304 3966 non
2331 3924 2690 3986 paucorum

374 3996 777 4075 suffragatur.
807 3986 1265 4052 testimonium.
1385 3986 1818 4069 Quamobrem
1876 4004 2150 4052 vestram
2203 3991 2686 4056 universitatem

372 4080 723 4145 affectuose
772 4074 1148 4163 requirimus
1197 4088 1261 4138 et
1310 4096 1632 4157 rogamuS,
1689 4090 2025 4160 quatenuS,
2077 4077 2252 4139 omni
2306 4076 2687 4161 suspicionis

369 4168 640 4230 sinistrae
694 4164 877 4228 obice
930 4163 1175 4226 eminus
1226 4160 1590 4248 profugam,
1643 4160 1917 4226 eundem
1951 4163 2281 4227 dominum
2313 4164 2684 4231 Johannem

380 4254 485 4318 Oll
525 4252 797 4316 liberum
837 4264 903 4313 et
936 4249 1278 4337 ingenuum
1312 4271 1471 4323 esse,
1509 4248 1812 4335 nulloque
1843 4250 2163 4313 servitutis
2187 4254 2350 4337 jugo
2381 4252 2485 4315 vel
2515 4254 2686 4317 bon-

356 4340 542 4429 'dagii
568 4338 921 4403 obnoxium
954 4360 1289 4423 umequam
1323 4334 1536 4413 fuisse,
1569 4338 1851 4419 reputari
1884 4353 1951 4400 et
1983 4337 2292 4401 declarari
2325 4338 2682 4425 dignemini

364 4428 600 4491 intuitu
650 4424 949 4501 caritatis,
984 4446 1128 4509 quoe
1159 4424 1383 4500 eciam,
1418 4425 1497 4487 ad
1533 4424 1882 4508 condignos
1915 4448 2046 4487 suae
2073 4425 2278 4487 laudis
2312 4426 2532 4489 titulos
2563 4450 2681 4493 ex-

360 4514 673 4590 altandos»,
702 4510 998 4575 omuibus
1037 4510 1275 4575 Christi
1310 4510 1610 4576 fidelibus
1645 4534 1726 4575 cx
1758 4512 2350 4576 subm-habundanti
2385 4513 2696 4579 decla1·a-·
