3000 5117
1142 491 1566 545 Arrnnmx.
2256 471 2487 544 cxxvii

205 657 403 722 levare
432 665 756 740 poterunt,
787 663 856 718 et
881 649 1126 719 eisdem
1156 651 1619 719 mercatoribus
1650 665 1761 718 aut
1792 651 1903 718 uni
1934 671 2181 731 eorum,
2213 654 2491 718 termino

207 742 540 827 completo,
571 742 735 808 citra
761 740 999 805 festum
1030 742 1236 804 sancti
1270 738 1571 804 Michalis
1601 739 1994 825 Archangeli
2022 738 2320 826 proxime
2340 751 2489 824 post

207 831 390 895 finem
449 828 704 894 termini
749 826 1046 914 praedicti
1097 827 1324 892 eadem
1377 827 1603 892 debita
1646 828 1751 891 vel
1797 847 2107 892 summam
2169 825 2491 891 dictorum

209 916 582 996 debitorum,
616 937 764 1002 quae
793 912 989 980 levari
1017 927 1344 999 poterunt,
1375 913 1460 978 de
1488 935 1609 978 sno
1635 915 1895 998 proprio
2009 913 2222 981 rsolvi.
2316 912 2405 977 Et
2434 911 2489 976 si

213 1003 454 1066 racione
483 1023 740 1091 guerrae
791 1001 1006 1087 aliquo
1037 1000 1234 1066 modo
1281 999 1349 1064 in
1391 1021 1596 1085 regno
1625 1015 1821 1064 motoe
1850 1023 1927 1064 ve
1981 999 2345 1078 movendae,
2378 1013 2494 1065 aut

209 1091 451 1153 racione
479 1090 803 1154 adventus
839 1089 1184 1152 Scotorum
1205 1087 1272 1150 in
1304 1086 1630 1170 Angliam‚
1651 1085 1945 1171 praedicti
1968 1100 2356 1152 mercatores
2378 1098 2493 1152 aut

213 1199 363 1240 unus
391 1198 616 1240 eorum
647 1174 834 1240 dictis
887 1175 1186 1238 maneriis
1234 1174 1521 1259 gaudere
1570 1195 1701 1237 non
1730 1185 2061 1259 poterunt,
2092 1186 2206 1239 aut
2235 1172 2491 1259 poterit,

211 1263 473 1326 durante
503 1261 785 1329 termino
814 1261 1129 1348 predicto,
1149 1281 1268 1326 nec
1299 1261 1512 1326 exitus
1544 1271 1655 1324 aut
1716 1261 1969 1325 roficua
1996 1261 2149 1325 inde
2166 1259 2495 1346 percipere

212 1362 273 1414 et
299 1350 526 1426 levare,
561 1350 629 1413 in
663 1361 804 1413 toto
835 1348 937 1413 vel
969 1348 1034 1412 in
1064 1361 1266 1432 parte,
1286 1346 1637 1434 proedictus
1694 1345 2023 1434 ¹'pis-«copus
2045 1346 2355 1412 concessit
2372 1369 2495 1432 pro

214 1459 275 1500 se
301 1450 364 1500 et
385 1435 856 1502 successoribus
875 1433 1004 1499 suis
1025 1433 1201 1522 quod
1230 1434 1504 1519 predicti
1537 1443 1921 1511 mercatores
1952 1434 2052 1499 vel
2080 1457 2245 1498 unus
2273 1455 2497 1498 eorum

215 1537 459 1588 teneant
487 1536 560 1588 et
591 1523 876 1587 habeant
917 1535 1134 1587 teneat
1163 1535 1234 1586 et
1262 1520 1500 1586 habeat
1528 1521 1842 1606 proedicta
1868 1520 2154 1586 maneria
2180 1542 2328 1585 cum
2359 1543 2499 1585 otn-

215 1611 387 1674 nibus
435 1610 568 1676 suis
613 1607 1024 1695 pertinenciis
1069 1607 1392 1694 praedietis
1435 1628 1771 1695 quousque
1798 1608 1921 1694 ipsi
1950 1609 2053 1673 vel
2082 1629 2243 1672 unus
2274 1629 2500 1672 eornm

217 1697 481 1782 dampna
540 1711 610 1762 et
655 1697 961 1780 jacturas,
1023 1718 1172 1783 quae
1230 1694 1322 1760 sic
1381 1695 1719 1761 occasione
1791 1717 2042 1782 guerrae
2100 1693 2496 1774 sustinuerit,

222 1784 490 1868 plenarie
543 1783 632 1849 de
677 1782 990 1847 extitibns
1033 1782 1465 1846 maneriorum
1517 1781 1975 1868 praedictorum
2018 1781 2368 1847 levaverint
2400 1780 2506 1846 vel

217 1869 528 1948 levaverit,
594 1869 784 1934 simul
841 1891 986 1933 cnm
1027 1868 1286 1947 debitis,
1319 1869 1373 1932 si
1431 1890 1582 1956 quae
1629 1870 1712 1934 ab
1764 1869 2007 1934 eisdem
2038 1869 2135 1934 vel
2168 1870 2250 1934 ab
2281 1867 2499 1957 aliquo

220 1979 424 2022 eorum
457 1979 578 2043 per
605 1957 937 2021 dominum
975 1954 1241 2042 Papam,
1273 1956 1374 2021 vel
1405 1955 1739 2020 dominum
1760 1971 2053 2020 nostrum
2078 1955 2352 2042 Regem,
2380 1977 2501 2022 seu

220 2044 362 2108 alios
389 2065 854 2132 quoscumque,
887 2043 1100 2108 levare
1142 2043 1511 2130 contigerit,
1556 2043 1829 2108 durante
1860 2041 2135 2108 termino
2166 2043 2499 2129 praedicte,

222 2131 278 2192 in
307 2130 626 2216 praedictis
657 2129 954 2195 maneriis
1001 2151 1122 2214 pro
1163 2129 1388 2195 debito
1423 2128 1678 2214 proesati
1712 2130 2039 2216 Episcopi,
2070 2130 2507 2216 praedecesso-

223 2239 348 2280 rum
372 2218 471 2282 vel
499 2238 946 2282 successorum
975 2238 1256 2294 suorum,
1289 2237 1418 2280 una
1445 2237 1593 2281 cum
1621 2217 1919 2302 dampnis
1936 2230 2005 2282 et
2032 2217 2331 2302 expensis
2354 2237 2503 2305 quae

223 2305 540 2370 occasione
575 2303 839 2390 alicujus
888 2303 1090 2368 debiti
1139 2303 1229 2366 sic
1277 2302 1469 2368 levati
1499 2303 1941 2371 sustinuerint.
2036 2304 2124 2369 Et
2154 2303 2503 2391 praedictus

231 2391 576 2478 Episcopus
600 2404 667 2454 et
693 2409 1088 2455 successores
1114 2390 1214 2455 sui
1241 2388 1552 2490 proedicta
1578 2390 1863 2455 maneria
1891 2412 2037 2454 cum
2062 2391 2355 2456 omnibus
2377 2390 2507 2455 suis

225 2481 506 2543 membris
547 2490 620 2543 et
663 2475 1094 2562 pertinenciis,
1139 2477 1411 2561 juribus,
1463 2475 1980 2555 comoditatibus,
2022 2476 2191 2542 sicut
2230 2477 2507 2564 proedic-

227 2580 348 2628 tum
377 2579 490 2643 est,
523 2563 812 2650 praefatis
839 2563 1123 2628 Johanni
1158 2563 1831 2648 Bonseignrffirando,
1868 2563 2187 2650 Philippo,
2228 2565 2507 2666 Stepha-

225 2673 322 2729 no,
378 2668 443 2718 et
499 2649 1004 2717 mercatoribus‘
1029 2649 1352 2734 praedictis
1410 2663 1525 2714 aut
1582 2649 1689 2715 uni
1750 2671 1999 2730 eorum,
2060 2650 2395 2752 assipiatis
2441 2666 2509 2718 et

227 2740 669 2806 executoribus
725 2737 876 2814 suis,
937 2757 1140 2824 usque
1207 2736 1294 2801 ad
1349 2736 1553 2801 finem
1612 2735 1869 2802 termini
1925 2738 2223 2825 praedicu
2282 2754 2510 2804 contra

230 2847 434 2892 omnes
523 2823 818 2891 homines
910 2823 1420 2889 warantizabnnt
1491 2824 1919 2910 aquietabunt
1988 2837 2055 2889 et
2129 2825 2509 2892 defendent.

237 2915 307 2974 ln
333 2934 604 3000 qnorum
653 2910 938 2976 omnium
982 2910 1420 2976 testimonium
1463 2908 1675 2974 dictus
1722 2909 2077 2995 Episcopus
2106 2911 2274 2996 parti
2318 2913 2509 3000 hujus

231 3000 434 3085 scripti
501 3020 700 3085 penes
767 2997 1114 3084 praedictos
1157 3009 1545 3062 mercatores
1586 2999 1945 3062 remanenti
2000 2997 2279 3085 sigillum
2322 3021 2512 3064 suum

233 3085 534 3172 apposuit,
583 3107 660 3150 ac
704 3083 869 3170 parti
912 3106 1112 3170 penes
1155 3083 1362 3170 ipsum
1415 3081 1804 3168 Episcopum
1838 3084 2190 3148 remanenti
2221 3085 2516 3170 praedicti

234 3172 542 3238 Johannes
564 3185 634 3238 et
665 3172 1016 3258 Bonseignr
1037 3193 1158 3256 pro
1179 3193 1250 3236 se
1271 3193 1346 3235 ac
1364 3169 1504 3234 vice
1528 3182 1595 3236 et
1618 3169 1876 3234 nomine
1898 3169 2182 3249 Girardi,
2207 3171 2515 3259 Philippi,

238 3259 552 3345 Stephani,
586 3273 654 3324 et
683 3257 971 3323 omnium
1001 3258 1272 3323 aliorum
1303 3271 1729 3323 mercatorum
1760 3257 1843 3322 de
1870 3257 2177 3322 societate
2206 3258 2522 3344 praedicta

237 3359 296 3408 et
323 3369 436 3432 pro
465 3346 556 3410 eis
583 3345 797 3433 sigilla
827 3365 940 3409 sua
965 3356 1424 3430 apposuerunt.
1526 3342 1672 3409 Hiis
1700 3343 1990 3422 testibus,
2022 3341 2299 3409 dominis
2335 3345 2519 3410 Hen-

237 3431 356 3496 rico
383 3433 464 3497 (le
505 3433 691 3498 Bello
733 3445 980 3509 monte,
1033 3432 1234 3496 Petro
1263 3431 1348 3495 de
1386 3429 1657 3516 Eymbe,
1694 3429 1893 3496 Petro
1923 3431 2007 3496 de
2041 3429 2417 3512 Saltmersk,
2450 3443 2518 3499 et

135 3573 140 3580 .
241 3518 518 3584 ,Iohanne
575 3517 866 3583 Waxand
908 3516 1240 3594 militibus,
1315 3517 1589 3581 dominis
1658 3517 1951 3582 Roberto
1996 3518 2079 3583 de
2128 3517 2515 3606 Brompton,

243 3617 301 3668 et
358 3605 714 3670 Maunsero
759 3603 1156 3684 Marmioun,
1198 3603 1520 3668 willelmo
1568 3602 1651 3667 de
1705 3603 1989 3683 Denom,
2026 3605 2381 3671 Hamerico
2433 3606 2518 3672 de

249 3690 446 3770 Trow,
484 3691 770 3757 Girardo
813 3691 896 3756 de
929 3691 1194 3778 Kyatre‚
1234 3689 1418 3759 Glas,
1473 3689 1963 3770 Aldebrandini,
2010 3691 2309 3758 Johanne
2344 3693 2523 3759 Mar-

245 3779 456 3861 sopini‚
494 3777 694 3844 Petro
719 3778 989 3862 Jacoby,
1031 3777 1322 3864 Roberto
1351 3775 1435 3840 de
1469 3775 1863 3877 Babthorpe,
1898 3775 2158 3843 Thoma
2185 3778 2268 3842 de
2316 3779 2521 3845 Bern-

245 3862 364 3942 hin,
412 3865 672 3934 Thoma
715 3865 798 3929 de
855 3862 1098 3930 Settrin
1149 3875 1284 3940 ton,
1337 3875 1404 3928 et
1433 3862 1647 3926 multis
1679 3865 1835 3929 aliis.
1927 3863 2103 3928 Data
2132 3864 2195 3926 in
2220 3863 2524 3933 Manerio

249 3949 388 4014 dicti
406 3951 649 4016 domini
679 3950 988 4036 Episcopi
1011 3949 1095 4014 de
1175 3948 1492 4026 Welhall,
1514 3953 1701 4037 xxjffl’
1722 3950 1829 4014 die
1848 3949 1888 4014 J
1892 3950 2047 4028 unii,
2070 3971 2238 4014 anno
2260 3949 2527 4019 Domini

249 4038 620 4120 supradicto.
701 4037 788 4101 Et
816 4036 1230 4121 pontificatus
1258 4036 1510 4120 proefati
1542 4035 1847 4122 Episcopi
1877 4036 2123 4123 quinto.
2202 4035 2343 4100 Nos
2374 4060 2528 4107 vero

251 4121 391 4186 dicti
446 4123 635 4188 Prior
683 4139 749 4189 et
807 4124 1182 4187 Conventus
1213 4121 1591 4208 praedictum
1623 4123 1927 4208 scriptum
1960 4122 2525 4208 cyrographatum,

253 4224 542 4292 quantum
595 4210 659 4274 in
721 4209 907 4274 nobis
954 4222 1074 4287 est,
1123 4209 1189 4272 in
1236 4209 1537 4273 omnibus
1588 4209 1717 4272 suis
1764 4208 2059 4273 clausulis
2110 4210 2525 4294 ratificamuS,

251 4297 680 4378 approbamus,
727 4310 794 4360 et
839 4307 1061 4359 tenore
1106 4295 1496 4380 presensium
1544 4295 2017 4359 confirmamus·
2110 4295 2185 4360 In
2225 4296 2404 4382 cujus
2435 4300 2531 4366 rei

255 4383 674 4450 testimonium
717 4381 996 4468 sigillum
1039 4403 1382 4448 commune
1413 4381 1679 4469 capituli
1709 4382 1908 4448 nostri
1936 4383 2337 4469 presentibus
2366 4386 2534 4451 dux-
