3000 5117
446 354 820 433 ccccxlviii
915 375 1120 428 msr.
1161 377 1520 429 nuum-m.
1562 371 2025 431 scmr‘ront-§s
2065 375 2280 432 rans.

441 537 512 602 in
561 537 898 603 lacrimosa
947 538 1232 604 lamenta
1271 538 1565 624 cogimur
1624 538 1841 616 inire3
1916 538 2219 606 videlicet
2278 542 2761 612 venerabilium

437 637 696 710 patrum
726 625 1012 712 magistri
1043 625 1360 690 willielmi
1389 625 1753 712 Ebchestyr
1779 638 1849 691 et
1871 626 2154 713 magistri
2181 627 2497 694 Johannis
2536 630 2755 698 Burn-

437 711 594 798 by:
625 733 831 798 nuper
859 712 1063 778 nostri
1110 713 1238 778 loci
1293 713 1614 792 Priorum,
1646 729 1715 778 et
1754 714 2253 799 supernaturalis
2284 715 2560 780 theoriae
2588 718 2754 784 doc-

387 829 392 836 ·
438 811 686 864 toratus
739 798 1018 866 culmine
1069 799 1545 868 decoratorum.
1678 798 1810 874 Qui
1859 799 2137 887 piissime
2184 823 2443 890 semper
2493 805 2742 885 affecti,

431 885 698 952 caritate
719 901 794 951 ut
822 886 1072 964 fratres,
1119 886 1517 972 benignitate
1548 899 1620 952 ut
1650 903 1881 972 patres,
1912 910 2070 954 cura
2099 903 2171 953 ut
2198 889 2501 969 seniores,
2532 905 2602 956 et
2636 914 2751 957 re-

434 973 736 1039 verencia
755 988 828 1039 ut
846 974 1156 1058 juniores,
1185 987 1472 1038 nostrum
1501 974 1671 1039 latus
1692 977 2021 1062 quondam
2044 976 2354 1042 tutissime
2372 977 2773 1064 sepiebant(

438 1059 560 1124 Hii
607 1061 906 1126 nimirum
957 1082 1087 1126 non
1135 1060 1345 1125 solum
1389 1061 1559 1126 feces
1604 1084 1862 1128 suarum
1894 1075 2183 1140 aetatum,
2214 1063 2412 1128 immo
2441 1065 2743 1131 florentis

417 1146 782 1232 juventutis
811 1146 1182 1232 primordia,
1215 1148 1320 1212 cui
1351 1171 1424 1214 se
1449 1149 1869 1228 devoverant,
1908 1149 2215 1228 Domino,
2247 1169 2739 1233 consecrarunt,

433 1235 882 1300 tumultuantis
911 1235 1111 1301 seculi
1140 1234 1374 1300 fastum
1405 1237 1531 1301 sub
1558 1235 1833 1301 clamide
1864 1259 1935 1301 re
2026 1236 2172 1302 laris
2202 1237 2635 1302 observantiae
2666 1241 2741 1306 in

431 1320 692 1387 claustri
743 1321 1072 1388 silencium
1120 1335 1697 1392 commutaverunt.
1802 1260 2043 1398 Quaffgs
2090 1325 2261 1388 enim
2292 1338 2493 1402 erant,
2528 1348 2743 1411 quan-

427 1409 592 1474 tisve
621 1409 930 1475 virtutum
960 1409 1245 1495 insigniis
1269 1409 1665 1488 effulserunt,
1686 1432 1821 1476 non
1844 1423 1943 1476 est
1973 1410 2159 1497 plene
2188 1424 2430 1475 nostrae
2459 1411 2739 1478 faculta-

427 1495 508 1560 tis
555 1498 900 1572 evolvere3
945 1497 1211 1562 fuerunt
1260 1497 1432 1562 enim
1478 1497 1688 1582 gloria
1714 1519 1961 1576 senum,
1993 1518 2233 1562 corona
2274 1498 2609 1583 juvenum,
2658 1516 2741 1566 et

425 1584 758 1672 utriusque
805 1583 1321 1650 conversacionis
1378 1585 1785 1672 perspicuum
1844 1583 2175 1671 speculum
2220 1598 2287 1648 et
2326 1586 2731 1670 exemplum.

431 1670 565 1757 Ipsi
624 1671 797 1736 enim
861 1671 1125 1736 fuerunt
1211 1671 1429 1736 lumen
1502 1671 1835 1737 oculorum
1910 1686 2202 1756 nostrum
2274 1671 2733 1753 desiderabile,

423 1757 602 1837 dum,
677 1759 825 1824 luce
896 1757 1208 1824 doctrinoe
1273 1759 1557 1858 ipsorum
1620 1756 1976 1835 illuminati,
2024 1757 2285 1822 callidas
2349 1773 2419 1823 et
2476 1772 2732 1825 astutas

425 1846 666 1912 versuti
711 1844 910 1912 bostis
953 1845 1470 1912 machinaciones
1515 1845 1946 1931 praevidimus,
1994 1857 2084 1924 et,
2134 1847 2523 1911 monitorum
2572 1869 2735 1911 suo-

422 1951 567 1997 rum
612 1933 966 1998 munimine
995 1932 1304 2010 roborati,
1337 1932 1697 1997 mortiferas
1727 1930 1967 1997 inimici
2011 1933 2459 2032 suggestiones
2504 1933 2731 2000 valida

419 2020 815 2086 contricione
887 2019 973 2084 ad
1045 2032 1298 2105 petram
1369 2018 1693 2096 allisimus,
1758 2019 2001 2083 cultum
2053 2018 2345 2094 divinum
2402 2020 2729 2106 ampliare

418 2106 789 2194 vigilancius
841 2106 1321 2174 insudaverunt.
1429 2106 1757 2170 Decorem
1800 2104 2029 2169 domus
2080 2105 2215 2172 Dei
2258 2107 2529 2172 ferventi
2584 2131 2733 2174 am-

417 2194 778 2280 plectentes
819 2215 1038 2258 amore
1077 2193 1411 2258 ecclesiam
1453 2192 1959 2257 Dunelmensem
2002 2193 2346 2258 studerunt
2375 2193 2730 2277 honorare,

418 2293 486 2346 et
543 2280 818 2346 eandem
878 2278 1237 2345 honorifice
1296 2301 1643 2365 reparare3
1716 2302 1839 2345 nec
1896 2278 2107 2344 minus
2153 2281 2237 2345 ad
2297 2281 2464 2346 illius
2524 2282 2725 2347 liber-

421 2381 628 2434 tatum
685 2389 761 2439 ac
816 2367 1060 2452 jurium
1121 2365 1469 2432 tuicionem
1530 2368 2014 2432 saluberrimam
2044 2367 2295 2432 labores
2340 2370 2723 2455 corporales

416 2479 495 2521 ac
553 2454 860 2520 mentales
933 2453 1350 2538 fatigaciones
1418 2455 1821 2539 pertulerunt
1902 2453 2273 2519 indefessos.
2372 2455 2727 2536 Quocirca,

415 2565 564 2608 cum
609 2565 772 2629 opus
815 2543 898 2606 sit
941 2541 1360 2619 meritorium,
1409 2541 1691 2626 captivas
1736 2541 1977 2606 animas
2035 2541 2323 2606 fidelium
2375 2543 2726 2610 defuncto-

415 2652 562 2696 rum
613 2652 832 2714 poenas
889 2628 1138 2694 luentes
1195 2628 1600 2715 purgatorias
1650 2628 1937 2693 vivorum
1980 2629 2296 2716 proecibus
2340 2642 2409 2694 et
2452 2630 2721 2718 pietatis

416 2717 719 2804 operibus
777 2715 1132 2802 suffragari,
1188 2730 1261 2780 ut
1318 2738 1359 2780 a
1416 2714 1621 2801 poenis
1666 2717 1987 2781 atrocibus
2046 2715 2316 2780 celerius
2374 2718 2723 2783 absolvan-

413 2817 539 2883 tur,
585 2817 814 2869 vestrae
867 2800 1292 2867 universitatis
1352 2801 1687 2868 caritatem
1738 2803 1992 2868 devotis
2034 2803 2331 2890 precibus
2404 2792 2719 2872 obnixius

412 2890 796 2977 flagitemus,
843 2890 1142 2976 quatinus
1173 2903 1240 2954 et
1271 2890 1551 2954 maculas
1604 2903 2041 2974 peccatorum,
2097 2913 2255 2977 quas
2284 2891 2527 2956 carnali
2556 2915 2723 2958 con-

413 2989 750 3045 traxerunt
779 2975 1055 3055 miseria,
1105 2990 1460 3042 vestrarum
1506 2999 1767 3061 precum
1800 2977 2071 3041 devocio
2114 2977 2319 3043 diluat
2348 2989 2417 3043 et
2460 2979 2719 3044 abster-

412 3079 546 3150 gat,
573 3077 642 3129 et
671 3088 818 3151 quoe
841 3063 908 3128 in
931 3063 1179 3129 veniam
1209 3063 1563 3129 animarum
1587 3063 2039 3130 venerabilium
2068 3079 2325 3150 patrum
2344 3081 2721 3132 nostrorum

409 3150 762 3218 subsidium
805 3167 876 3216 et
918 3151 1209 3216 levamen
1255 3151 1338 3216 de
1392 3165 1603 3216 vestro
1652 3151 2093 3238 promptuario
2122 3153 2379 3238 pietatis
2411 3153 2719 3220 conferre

407 3237 838 3316 decreverit'tS,
899 3249 1082 3303 cum·
1108 3237 1330 3304 vestris
1375 3238 1623 3303 insertis
1670 3239 1870 3304 titulis
1916 3239 2122 3324 redigi
2198 3240 2425 3306 sedulo
2476 3241 2714 3326 depre-

405 3349 648 3406 camur,
693 3339 768 3390 ut
812 3370 919 3391 .....
963 3339 1201 3392 nostroe
1244 3325 1615 3392 devocionis
1656 3325 2101 3392 munificentia
2143 3326 2324 3392 vobis
2368 3341 2435 3393 et
2480 3329 2719 3394 vestris

403 3413 755 3500 rependere
785 3425 1146 3478 teneamur.

497 3501 732 3565 Anima
802 3504 1089 3651 maffistri
1152 3499 1495 3566 Willielmi
1570 3499 1944 3580 Ebchester,
2016 3512 2084 3567 et
2142 3503 2357 3567 anima
2414 3505 2712 3591 magistri

399 3587 710 3655 Jobannis
742 3586 920 3650 Burn
967 3609 1032 3673 y,
1074 3599 1142 3652 et
1171 3589 1402 3652 animoe
1433 3587 1717 3653 omnium
1750 3588 2039 3654 fidelium
2082 3588 2561 3670 defunctorum,
2587 3614 2712 3677 per

400 3675 532 3743 Dei
573 3672 1073 3741 misericordiam
1099 3675 1164 3740 in
1193 3695 1352 3760 pace
1380 3677 1801 3763 requiescant,
1852 3681 2084 3744 Amen.

468 3853 496 3881 ⁶
533 3851 682 3902 Prior
716 3851 932 3916 Bumby
968 3849 1086 3901 died
1121 3865 1184 3901 on
1212 3849 1301 3900 the
1324 3849 1444 3902 mh
1481 3847 1543 3902 of
1559 3849 1803 3916 October,
1842 3853 1991 3917 146⁴,
2027 3851 2129 3904 and
2182 3867 2281 3904 was
2304 3852 2483 3906 buried
2506 3869 2573 3905 on
2612 3855 2709 3908 the

399 3919 540 3982 loth,
576 3921 668 3973 the
689 3919 788 3988 day
813 3917 1090 3987 following.
1161 3921 1244 3968 Ea·
1279 3919 1402 3982 Περ.
