3000 5117
880 463 1292 524 srrmmx.
1348 455 1533 524 Arm.
1574 465 1834 524 anu.
2238 431 2511 523 ccccviii

211 635 490 703 Abbatis
517 635 600 700 de
635 633 1070 700 Blancelande
1111 655 1232 720 pro
1261 633 1533 700 ecclesia
1563 633 1645 698 de
1682 633 1973 710 Bolome,
2008 635 2110 718 νγ.
2146 631 2304 719 viij‘.
2398 633 2503 698 De

203 723 522 809 pensione
568 722 856 787 ecclesiae
903 722 986 785 de
1038 721 1523 807 Symondburn,
1572 729 1710 786 ια’.
1816 720 1921 785 De
1966 720 2272 806 pensione
2304 720 2509 784 eccle-

203 812 318 912 siae
367 806 964 934 qedOvyngeham,
1005 815 1096 872 x·-
1190 809 1298 873 De
1332 811 1637 895 pensione
1671 807 1961 873 ecclesiae
1992 809 2075 874 de
2112 806 2505 884 Embledon,

207 905 316 981 η’.
351 920 460 982 an
498 949 516 964 .

391 1307 692 1354 cccxvu.
739 1307 992 1351 urana
1037 1307 1292 1352 nomm
1345 1307 1547 1352 nnsis
1596 1308 1683 1351 οε
1736 1305 2145 1352 rmnm'rm‘n
2193 1307 2335 1352 sm}

391 1394 744 1440 nuiss-rin
771 1393 909 1438 run
941 1384 1555 1440 cnms'rornonun·
1580 1393 2015 1438 nAmnmoon
2066 1393 2336 1438 musco·

393 1481 544 1526 rum
601 1481 1129 1526 nunszunnsnm
1177 1481 1506 1525 nnnc-rum
1553 1479 1776 1524 suren
1826 1481 2333 1525 nns'rrrvclonn

929 1568 1445 1613 TRMPORAMUM
1506 1567 1815 1612 suorum.

1082 1708 1250 1778 [Rege
1272 1709 1341 1760 V.
1365 1707 1460 1761 tbi.-
1484 1713 1567 1762 91.
1593 1709 1677 1773 b.1:

312 1847 638 1912 Henricus
701 1841 828 1912 Dei
870 1845 1088 1937 gracie
1150 1851 1298 1914 Rex
1361 1851 1621 1949 Anglioe
1666 1863 1733 1914 et
1782 1839 2067 1914 Franciae
2112 1862 2179 1914 et
2224 1841 2524 1914 dominus

217 1936 595 2010 Hiber-nim,
628 1934 954 2014 militibus,
997 1936 1210 2002 liberis
1243 1937 1627 2014 hominibus,
1660 1950 1729 2002 et
1758 1938 2052 2002 omnibus
2082 1936 2217 2001 aliis
2250 1935 2527 2000 tenenti-

219 2025 346 2088 bus
383 2022 468 2085 de
500 2020 896 2107 Episcopatu
925 2023 1370 2102 Dunelmensi‚
1403 2025 1692 2093 salutem.
1787 2024 1953 2090 Cum
1986 2023 2284 2087 dominus
2312 2021 2531 2087 Julius-

221 2131 510 2172 summus
553 2109 867 2192 pontifex,
901 2131 1104 2194 nuper
1141 2122 1408 2176 vacante
1436 2110 1591 2175 sede
1620 2109 1965 2195 episcopali
1994 2110 2277 2174 ecclesiae
2308 2108 2533 2174 came-—

223 2196 422 2260 dralis
455 2194 908 2260 Dunelmensis
953 2218 1071 2280 per
1111 2196 1358 2262 obitum
1402 2198 1597 2262 bonae
1624 2199 1952 2262 memoriae
1986 2196 2326 2262 willielmi
2354 2197 2526 2280 ejus-

225 2283 376 2346 dem
429 2281 716 2346 ecclesioe
769 2282 976 2347 ultimi
1025 2285 1296 2366 pastoris
1339 2297 1408 2348 et
1459 2283 1765 2370 episcopi,
1814 2305 2151 2368 personam
2198 2282 2411 2346 dilecti
2458 2296 2527 2345 et

224 2366 435 2432 fidelis
493 2366 704 2432 clerici
758 2383 827 2434 et
875 2369 1214 2434 consiliarii
1267 2370 1468 2434 nostri
1516 2371 1803 2454 magistri
1838 2369 2175 2434 Cristofori
2203 2369 2541 2454 Baynbrig.

225 2454 516 2538 ejusdem
547 2454 833 2520 ecclesiae
863 2455 1052 2520 electi
1085 2457 1146 2519 in
1199 2456 1393 2541 ipsius
1437 2457 1727 2522 ecclesiae
1771 2456 2136 2542 episcopum
2170 2454 2539 2540 profecerit,

227 2555 302 2606 et
341 2553 689 2624 pastorem,
729 2544 894 2606 sicut
921 2565 1038 2626 per
1067 2542 1280 2606 literas
1311 2543 1583 2608 bullatas
1614 2541 2083 2628 ipsiusdomiui
2112 2543 2344 2605 summi
2373 2563 2533 2625 pon-

230 2627 422 2692 tificis
483 2625 663 2690 nobis
721 2628 872 2693 inde
931 2628 1204 2694 directas
1263 2630 1448 2694 nobis
1495 2645 1751 2694 constat
1774 2653 1803 2705 3-
1868 2652 2004 2705 nos,
2068 2650 2186 2712 pro
2230 2645 2311 2692 eo
2354 2627 2535 2713 quod

227 2714 532 2799 praefatus
584 2714 826 2779 electus
884 2715 1182 2780 omnibus
1224 2733 1294 2781 et
1345 2716 1610 2801 singulis
1663 2717 1875 2781 verbis
1926 2715 2111 2779 nobis
2156 2728 2225 2778 et
2273 2735 2533 2778 coronoe

229 2813 471 2864 nostrae
522 2799 1064 2884 praejudicia'libus
1111 2804 1182 2866 in
1233 2801 1434 2868 dietis·
1453 2803 1652 2868 literis
1684 2803 1943 2868 bullatis
1972 2799 2285 2866 contentis
2316 2821 2540 2864 corani

227 2885 418 2950 nobis
462 2886 672 2969 palam
693 2900 770 2952 et
799 2910 1102 2973 expresse
1131 2890 1547 2967 renunciavit,
1580 2905 1647 2953 et
1674 2889 1910 2978 graciae
1942 2901 2178 2952 nostrae
2208 2885 2539 2951 humiliter

231 2996 302 3038 se
363 2972 672 3050 submisit,
737 2975 1026 3039 ivolentes
1084 2997 1228 3039 cum
1290 2999 1374 3040 eo
1430 2978 1498 3040 in
1560 2977 1683 3041 hac
1740 2989 1923 3060 parte
1971 2995 2163 3056 agere
2222 2972 2532 3056 graciose,

229 3059 520 3142 cepimus
571 3059 948 3127 fidelitatem
999 3061 1192 3145 ipsius
1229 3063 1439 3138 electi,
1483 3065 1667 3127 nobis
1720 3083 1837 3147 pro
1891 3059 2349 3144 temporalibus
2379 3057 2534 3124 dicti

234 3145 669 3232 Episcopatus
713 3146 1018 3224 debitam,
1052 3163 1121 3212 et
1168 3149 1544 3232 temporalia
1584 3148 1711 3226 illa,
1745 3163 1936 3232 prout
1980 3145 2171 3210 moris
2202 3158 2322 3223 est,
2354 3144 2539 3210 resti-

233 3235 480 3300 tuimus
526 3231 751 3297 eidem.
842 3234 932 3298 Et
977 3233 1129 3297 ideo
1181 3235 1362 3299 vobis
1408 3235 1787 3300 mandamus
1836 3233 2012 3318 quod
2062 3231 2270 3298 eidem
2301 3229 2540 3310 electe,

232 3335 538 3403 tanquam
566 3317 890 3404 Episcopo
919 3335 986 3384 et
1014 3318 1278 3384 domino
1310 3336 1547 3399 vesti-0,
1582 3321 1647 3384 in
1678 3319 1973 3384 omnibus
1998 3341 2145 3406 quae
2175 3319 2261 3382 ad
2292 3317 2539 3402 episco-

229 3418 460 3492 patum
489 3405 870 3486 praedictum
898 3408 1247 3491 pertinent,
1301 3407 1707 3472 intendentes
1761 3405 1899 3471 sitis
1944 3420 2011 3471 et
2045 3407 2543 3492 respondenteS,

231 3504 430 3579 prout
473 3487 684 3556 decet.
781 3493 858 3556 ln
903 3493 1083 3576 cujus
1127 3494 1218 3556 rei
1249 3493 1683 3557 testimonium
1712 3492 1827 3558 has
1857 3493 2071 3560 literas
2100 3491 2245 3558 fieri
2270 3493 2537 3558 fecimus

233 3584 560 3668 patentes..
639 3577 841 3644 Teste
889 3600 993 3642 me
1045 3578 1184 3662 ipso
1231 3579 1403 3663 apud
1454 3579 2105 3663 westmonasterium,
2138 3599 2233 3645 xx
2261 3573 2368 3645 die
2403 3579 2549 3646 No·-

233 3659 534 3739 vembris,
565 3685 742 3730 anno
769 3665 950 3754 regni
979 3664 1180 3730 nostri
1211 3667 1512 3732 vicesimo
1541 3667 1763 3735 tercio.
