3000 5117
810 462 1313 515 wmmELMth
1350 464 1449 515 m:
1490 462 1890 515 anMnnE.
2361 451 2504 521 135

190 646 316 689 non
362 623 597 703 fuerat,
644 637 713 690 et
762 624 949 689 Prior
986 623 1315 689 Johannes
1345 646 1544 691 senex
1575 631 1702 707 [et]
1735 624 2050 711 impotens
2079 640 2240 705 erat,
2285 628 2496 695 Abba,

106 683 145 777 [
189 725 431 777 sanctae
480 711 715 777 Mariae
760 711 1183 779 Eboracensis
1232 712 1558 777 servitium
1605 727 2006 777 mortuorum
2039 726 2108 779 et
2139 714 2390 781 missam
2423 718 2488 781 in

188 801 472 865 crastino
522 798 911 875 celebravit3
958 799 1041 865 ad
1093 820 1288 886 quam
1316 798 1516 865 oblati
1546 798 1808 865 suerunt
1837 814 1988 865 octo
2009 799 2181 888 equi,
2213 817 2491 889 quatuor

186 908 309 1038 gro
352 900 651 971 tempore
690 908 967 975 guerrae,
1000 908 1149 951 cum
1177 900 1454 973 quatuor
1483 885 1848 953 hominibus
1877 888 2158 967 armatis,
2189 902 2258 953 et
2283 889 2492 955 omni·

234 996 309 1039 us
342 974 541 1039 armis
568 987 635 1039 et
662 988 967 1059 apparatu
1000 995 1247 1051 eorum,
1276 988 1345 1039 et
1386 985 1664 1061 quatuor
1693 996 1812 1059 pro
1843 987 2128 1059 tempore
2205 978 2376 1053 acis3
2423 993 2490 1045 et

188 1074 319 1127 tres
341 1061 541 1147 panni
570 1060 771 1140 aurei,
802 1060 999 1126 indici
1028 1060 1283 1137 eoloris,
1312 1082 1462 1125 eum
1493 1061 1758 1127 floribus
1790 1060 2074 1128 intextis.
2203 1078 2334 1129 tem
2373 1064 2490 1131 Sa-

186 1147 383 1213 crista
432 1146 663 1214 habuit
710 1160 1075 1233 nongentos
1126 1160 1193 1213 et
1240 1147 1706 1248 quinquaginta
1753 1148 1948 1213 libras
1991 1170 2181 1226 cerae,
2230 1163 2299 1215 et
2343 1173 2488 1225 sex·-

186 1236 411 1319 aginta
454 1250 697 1324 torgys,
733 1236 916 1303 εἰναι
955 1256 1187 1319 corpus
1216 1234 1501 1318 ejusdem
1529 1258 1548 1310 3
1579 1250 1645 1301 et
1671 1234 1885 1301 statim
1917 1234 2216 1301 dominus
2244 1236 2490 1301 Johan-

186 1345 325 1401 nes,
388 1322 563 1387 filius
608 1325 749 1409 ejus
794 1338 864 1389 et
914 1322 1141 1400 haeres,
1178 1320 1349 1385 -emit
1400 1344 1441 1386 a
1494 1322 1720 1389 Priore
1772 1337 1840 1387 et
1897 1323 2180 1389 Sacrista
2208 1336 2486 1410 quatuor

184 1409 485 1476 meliores
538 1432 741 1497 equos
789 1431 907 1495 pro
950 1422 1211 1477 eentum
1263 1410 1514 1488 marcis,
1563 1423 1630 1475 et
1669 1424 1898 1495 postea
1936 1410 2148 1475 eidem
2181 1413 2492 1479 miserunt

190 1496 380 1561 Prior
426 1512 499 1563 et
554 1498 929 1564 Conventus
974 1495 1137 1562 alios
1188 1510 1466 1582 quatuor
1513 1518 1716 1583 equos
1767 1518 1914 1561 cum
1966 1518 2098 1561 nno
2141 1496 2224 1563 de
2251 1500 2486 1584 pannis

184 1584 414 1663 aureis,
462 1600 531 1649 et
572 1584 915 1651 duodecim
946 1582 1165 1670 torgiS,
1196 1605 1317 1661 pro
1344 1582 1576 1670 quibus
1597 1582 1742 1667 ipse
1765 1582 2012 1647 reuisit
2041 1584 2196 1648 alias
2227 1600 2482 1649 centum

185 1692 453 1737 mareas.
530 1672 719 1750 Item,
750 1672 965 1737 statim
1003 1670 1087 1735 de
1118 1669 1373 1735 duobus
1402 1670 1626 1755 pannis
1657 1668 1866 1735 aureis
1895 1670 2042 1735 fecit
2072 1693 2268 1735 unum
2301 1672 2489 1737 vesti-

186 1770 479 1823 mentum
537 1779 684 1825 eum
744 1758 995 1823 duabus
1040 1756 1269 1823 tunicis
1320 1779 1441 1843 pro
1487 1756 1714 1821 diebus
1761 1778 2065 1843 ceparum
2095 1770 2163 1823 et
2193 1758 2480 1843 ejusdem

184 1844 643 1911 anniversario.
734 1846 903 1911 Item
940 1843 1149 1911 Alicia
1178 1864 1345 1907 uxor
1374 1843 1660 1928 ejusdem
1697 1843 2044 1929 Radulphi,
2090 1846 2304 1911 statim
2337 1862 2488 1933 post

184 1931 657 1997 funerationem
704 1933 863 2017 ejuS,
892 1932 1063 1997 misit
1098 1932 1395 1996 Sacristae
1424 1930 1868 2008 Dunelmensi‚
1900 1931 1986 1997 ad
2015 1954 2084 1997 re
2129 1931 2482 1999 arationem

185 2018 503 2097 ecclesiae,
548 2034 807 2085 centum
854 2033 919 2085 et
950 2017 1176 2102 viginti
1207 2018 1399 2083 libras
1428 2017 1700 2101 argenti.
1795 2018 1962 2083 Item
1991 2040 2070 2085 ea
2115 2042 2218 2083 em
2253 2018 2484 2097 Alieia,

182 2127 305 2190 pro
323 2106 761 2171 anniversario
790 2104 1113 2205 Radulphi
1130 2118 1207 2169 et
1226 2127 1364 2182 suc,
1388 2104 1570 2170 dedit
1601 2103 1887 2169 ecclesiae
1911 2128 2108 2171 unum
2143 2105 2485 2171 vestimen·-

182 2210 325 2257 tum
354 2214 507 2257 cum
542 2192 795 2259 duobus
828 2193 1062 2259 tunicis
1093 2206 1159 2259 et
1197 2192 1399 2255 tribus
1428 2191 1589 2256 albis
1611 2206 1676 2257 et
1705 2192 1960 2257 duobus
1985 2192 2166 2257 stolis
2187 2206 2256 2258 et
2279 2193 2482 2258 tribus

184 2280 527 2364 manipulis
570 2280 653 2345 de
700 2281 884 2367 nigro
926 2280 1115 2358 satin,
1148 2301 1295 2343 cum
1330 2278 1558 2343 orariis
1602 2280 1685 2343 de
1715 2278 1906 2343 armis
1933 2278 2090 2344 dicti
2130 2278 2480 2365 Radulphi,

184 2381 253 2431 et
298 2367 547 2431 domini
599 2368 917 2453 Audeley,
947 2365 1149 2453 patris
1178 2365 1463 2452 ejusdem
1497 2365 1746 2443 Alicioe,
1772 2366 2079 2435 brudatis.
2175 2364 2340 2431 Item
2371 2366 2482 2431 de-

184 2454 283 2517 dit
318 2454 528 2519 Priori
562 2477 761 2519 unum
793 2454 1030 2521 lectum
1060 2452 1143 2523 de
1174 2453 1356 2537 nigro
1378 2452 1652 2518 sindone
1678 2476 1826 2519 cnm
1859 2454 1994 2538 ejus
2021 2452 2212 2519 armis
2245 2452 2482 2531 insutis,

186 2564 333 2606 cum
389 2540 651 2605 cortinis
696 2556 765 2607 et
810 2540 1243 2627 pulvinaribus
1288 2553 1355 2605 et
1395 2538 1686 2640 pluribus
1734 2539 1934 2605 laneis
1981 2538 2176 2629 nigris
2227 2542 2480 2625 tapetis,

194 2628 357 2693 Item
396 2629 463 2692 in
497 2628 915 2693 Testamento
944 2650 1062 2692 suo
1090 2626 1271 2691 dedit
1308 2625 1516 2691 Priori
1539 2640 1604 2691 et
1629 2626 1988 2692 Conventui
2015 2627 2484 2715 quinquaginta

188 2714 377 2781 libras
426 2737 613 2793 cerae,
648 2732 716 2783 et
760 2714 1055 2780 videlicet
1086 2713 1351 2778 cuilibet
1384 2713 1716 2779 Monacho
1751 2714 2167 2781 Duuelmensi
2197 2736 2482 2780 commo-

184 2804 349 2869 ranti
400 2809 541 2867 ἕνεκ’.
637 2802 801 2869 Item
847 2801 1071 2867 habuit
1102 2800 1370 2865 sacrista
1400 2816 1752 2865 trescentos
1784 2801 1974 2867 libras
2003 2823 2168 2872 cerae
2199 2815 2266 2867 et
2293 2801 2480 2887 quin-

186 2890 497 2976 quaginta
524 2902 765 2974 torgy&
798 2900 865 2954 et
908 2908 1097 2973 super
1138 2910 1372 2973 eorpus
1418 2888 1702 2974 ejusdem
1751 2888 1912 2951 duos
1944 2910 2188 2972 pannos
2211 2910 2436 2953 aureos
2465 2913 2482 2961 ;

190 3001 381 3043 unum
438 2976 711 3041 rubeum
770 2998 917 3041 cnm
976 2974 1239 3040 floribus
1288 2974 1636 3039 sarracenis
1689 2973 1970 3051 intexti&
2018 2974 2102 3038 de
2155 2996 2286 3060 quo
2333 2975 2487 3040 fecit

190 3088 379 3131 unam
424 3086 653 3149 capam
698 3084 845 3127 eum
876 3062 1085 3127 orario
1130 3062 1214 3127 de
1263 3063 1512 3127 velveto
1542 3061 1735 3125 indici
1783 3062 2014 3125 coloris
2045 3082 2190 3125 curn
2223 3059 2386 3125 lunis
2417 3076 2484 3125 et

190 3152 383 3217 stellis
430 3150 763 3227 brudatis3
810 3166 876 3214 et
910 3170 1005 3214 ex
1048 3150 1175 3215 alio
1206 3170 1419 3231 panno
1446 3170 1647 3214 aureo
1679 3150 1866 3231 nigro
1895 3168 2040 3212 cum
2075 3148 2264 3211 ramis
2295 3148 2483 3213 arbo-

187 3262 323 3303 rum
370 3252 445 3305 et
492 3237 659 3303 foliis
690 3252 757 3303 et
807 3237 1029 3302 bestiis
1072 3252 1139 3302 et
1180 3234 1339 3302 albis
1368 3236 1530 3299 rosis
1555 3236 1622 3299 in
1654 3236 1886 3301 finihus
1918 3256 2260 3313 ramorum,
2293 3234 2482 3299 aliam

186 3349 411 3411 capam
464 3339 535 3391 et
574 3324 735 3391 alios
779 3325 945 3393 duos
971 3346 1217 3411 pannos
1247 3324 1331 3389 de
1375 3322 1580 3388 serico
1626 3322 1805 3387 rubei
1837 3322 2092 3401 coloris,
2125 3321 2208 3386 de
2251 3322 2480 3409 quibus

182 3414 334 3480 fecit
360 3414 503 3479 duo
532 3413 929 3483 vestimenta.
1009 3411 1181 3477 Haee
1213 3410 1426 3479 Alicia
1453 3410 1538 3476 (le
1571 3410 1825 3476 Neville
1855 3409 2108 3496 sepulta
2136 3422 2274 3475 erat
2313 3431 2484 3475 anno

191 3501 428 3567 Christi
467 3501 737 3581 1374.*]

268 3588 467 3665 Item,
548 3601 649 3652 ost
692 3598 967 3651 mortem
1013 3586 1214 3672 patris
1258 3584 1355 3649 sui
1406 3584 1753 3671 Radulphi,
1801 3584 2106 3651 dominus
2149 3584 2484 3651 Johannes

182 3676 265 3741 de
298 3611 547 3751 Neviti:
574 3674 753 3739 dieto
786 3675 1027 3739 Sancto
1056 3670 1521 3748 devotissimus,
1553 3686 1620 3737 et
1649 3672 1853 3737 fidelis
1877 3672 2014 3759 ejus
2035 3670 2232 3749 filius,
2259 3672 2341 3737 ad
2367 3693 2484 3735 ex-

180 3763 559 3829 citationem
596 3760 861 3827 Rieardi
904 3760 989 3825 de
1025 3759 1291 3847 Byrtley
1311 3758 1574 3824 terrarii
1603 3772 1668 3824 et
1693 3759 2004 3825 Johannis
2033 3760 2116 3824 de
2151 3758 2482 3823 Cornuale

186 3850 525 3927 feretrarii,
570 3848 725 3915 fecit
772 3854 973 3936 [circa
1000 3850 1243 3929 fistum
1304 3848 1672 3912 Nativoeatie
1719 3850 1934 3911 Sancti
1959 3848 2274 3913 «Iohannis
2304 3847 2482 3925 Bap-

182 3944 367 4017 cistae,
408 3958 581 4003 amm
628 3939 892 4003 Domini
938 3932 1418 4015 Mcchxxl1.†]
1464 3954 1700 3997 novum
1743 3955 1906 4017 opus
1945 3953 2369 3997 marmoreum
2417 3946 2484 3995 et

182 4025 645 4091 alabastrinum
676 4024 795 4087 sub
839 4022 1077 4087 feretro
1123 4020 1327 4087 sancti
1359 4020 1746 4095 Cuthberti3
1791 4042 1908 4105 pro
1939 4041 2068 4105 quo
2097 4016 2290 4081 solvit
2317 4016 2488 4103 plus-

184 4135 373 4199 quam
407 4117 539 4179 200
570 4110 763 4175 libras
792 4110 1067 4197 argenti.
1163 4109 1251 4174 Et
1273 4108 1424 4173 fecit
1458 4106 1820 4172 Londoniae
1851 4106 1914 4169 in
1947 4106 2184 4171 cistulis
2216 4104 2481 4181 includi,

185 4214 249 4265 et
276 4222 392 4287 per
422 4220 603 4265 mare
626 4220 823 4286 usque
848 4196 934 4263 ad
961 4197 1221 4262 Novum
1247 4196 1548 4263 Castrum
1579 4193 1928 4273 transferri,
1961 4208 2030 4259 et
2068 4194 2252 4259 Prior
2287 4215 2486 4277 usque

670 4430 695 4457 ⁸
732 4424 994 4476 Duarum
1020 4420 1223 4473 W1r.1.s
1258 4422 1361 4472 and
1393 4422 1811 4473 laven-romae.
1844 4435 1892 4484 p.
1933 4423 2016 4470 26.

548 4499 591 4557 †
630 4492 805 4544 These
832 4491 995 4543 words
1017 4504 1170 4543 occur
1190 4493 1247 4541 in
1273 4490 1361 4541 the
1380 4490 1600 4558 margin,
1623 4490 1676 4540 in
1701 4505 1734 4540 a
1757 4487 2002 4541 different
2027 4488 2182 4543 hand.
