3000 5117
494 450 656 526 xxiv
960 465 1169 515 ms‘r.
1208 462 1570 513 nummu.
1613 462 2079 515 sempronss
2117 464 2330 515 Tuus.

669 814 812 857 xiv.
863 810 1087 857 CARTA
1113 806 1497 857 wammam
1531 805 1842 855 erscorl
1867 806 2074 855 Prt'nm
2099 808 2187 855 DE
2222 810 2638 857 Pulvinum?

669 900 1261 947 smmruam'lwrls
1292 898 1379 943 BT
1413 894 1926 942 Lmnn'm‘rmvs
1948 896 2554 944 TEMPORALITA'HS
2587 900 2631 943 Ᾱ

674 990 1075 1033 WILLIRLMO
1102 986 1325 1030 PRIMO
1349 986 1536 1030 REGE
1569 982 1842 1031 ANGLIAE
1875 986 1962 1030 ΒΤ
1993 988 2034 1029 Δ
2068 986 2429 1031 aunt-‚omo
2455 987 2634 1031 Para

680 1078 980 1122 SEPTIMO
1016 1074 1512 1120 coNFIRMA'ns.

1200 1182 1272 1249 [ι.
1302 1186 1345 1235 1.
1372 1182 1528 1235 Pone.
1554 1185 1616 1236 Α.
1639 1185 1681 1235 1.
1700 1190 1757 1236 et
1779 1183 1923 1235 cm.
1949 1184 1994 1235 1.
2011 1184 2124 1249 aa]

606 1298 1100 1368 venerabilibus
1164 1299 1465 1368 Patribus
1531 1301 1612 1369 L.
1675 1300 1808 1367 Dei
1857 1302 2076 1391 gracia
2110 1300 2558 1369 cantuariensi
2603 1314 2674 1366 et
2724 1299 2819 1367 T.

515 1386 909 1455 Eboracensi
956 1390 1501 1476 Archiepiscopi5‚
1551 1403 1617 1455 et
1660 1388 1958 1455 omnibus
2002 1390 2338 1475 Episcopis
2383 1390 2451 1453 in
2481 1388 2826 1474 episcopa-

510 1492 645 1541 tum
685 1477 1183 1542 Dunelmensem
1230 1476 1540 1542 canonice
1584 1477 2098 1557 succedentibus,
2131 1493 2200 1543 et
2239 1476 2548 1541 universis
2590 1496 2826 1561 perso-

512 1564 607 1627 nis
652 1565 1064 1630 ecclesiarum
1112 1564 1564 1649 Episcopatus
1599 1564 2073 1643 Dunelmensis,
2125 1564 2522 1629 Willielmus
2579 1564 2826 1629 eadem

513 1651 731 1735 gracia
760 1652 1019 1717 humilis
1048 1652 1332 1717 minister
1363 1650 1826 1717 Dunelmensis
1855 1652 2142 1718 ecclesiae
2171 1652 2466 1721 salutem.
2560 1651 2825 1715 Notum

515 1740 600 1803 sit
628 1739 943 1817 omnibuS,
980 1754 1111 1805 tam
1158 1739 1580 1824 praesentibus
1617 1762 1811 1829 quam
1841 1740 2091 1817 futuris,
2124 1740 2302 1826 quod
2331 1738 2593 1829 quando
2627 1737 2834 1825 Epis-

519 1840 823 1910 copatum
874 1826 1377 1893 Dunelmensem
1429 1826 1582 1893 Deo
1633 1842 1896 1893 auctore
1941 1829 2355 1913 suscepimus,
2401 1839 2643 1893 sanctae
2685 1848 2832 1889 me-

518 1913 745 1978 moriae
776 1913 1039 1977 domiuo
1070 1914 1249 2001 Papa
1275 1914 1598 1999 Gregorio
1621 1916 1897 2000 septimo
1915 1912 2473 1981 consecracionem
2507 1926 2827 1989 nostram,

515 1999 849 2065 voluntate
877 2000 1118 2065 domini
1150 2005 1274 2066 mei
1320 2002 1584 2089 gloriosi
1619 2002 1818 2087 Regis
1853 2002 2198 2080 Willielmi,
2231 2002 2498 2067 consilio
2525 2002 2725 2066 etiam
2759 2013 2834 2064 et

524 2110 779 2153 assensu
836 2087 1263 2153 multitudiuis
1330 2089 1505 2155 Cleri
1555 2090 1836 2175 Angliae,
1892 2115 1933 2156 a
1977 2090 2244 2156 domino
2291 2090 2372 2154 T.
2425 2086 2830 2154 Eboracensi

522 2175 943 2260 solempniter
998 2176 1407 2255 celebratam,
1484 2178 1933 2257 confirmante,
2007 2190 2276 2265 propter
2345 2175 2832 2242 desolacionem

524 2262 987 2327 Dunelmensis'
1028 2264 1338 2343 ecclesiae,
1387 2277 1457 2329 et
1511 2264 2004 2350 incorrigibilem
2064 2267 2262 2329 vitam
2320 2264 2700 2329 clericorum
2759 2262 2834 2326 in

522 2349 875 2435 praesencia
896 2353 1229 2417 reverendi
1264 2352 1664 2419 confessoris
1693 2355 1898 2419 sancti
1933 2352 2279 2419 cuthberti
2306 2354 2516 2418 minus
2545 2352 2838 2415 honeste

526 2436 969 2517 serviencium,
1017 2454 1085 2505 et
1132 2440 1339 2506 multa
1378 2440 1524 2510 alia.
1575 2462 1721 2527 quae
1769 2442 1856 2507 ibi
1886 2440 2289 2507 emendanda
2317 2452 2520 2518 erant,
2553 2450 2838 2524 propter

527 2525 897 2591 scandalum
952 2526 1147 2592 etiam
1195 2526 1536 2593 occisionis
1588 2527 1716 2613 piae
1762 2530 2092 2593 memoriae
2146 2526 2464 2593 Walcheri
2509 2525 2830 2612 episcopi,

526 2612 1017 2698 proedecessoris
1056 2616 1282 2693 nostri,
1315 2614 1615 2702 quatinus
1647 2617 1832 2681 nobis
1877 2630 1940 2681 et
1971 2615 2445 2681 successoribus
2473 2614 2708 2677 nostris
2741 2612 2837 2676 de

528 2699 715 2763 simili
747 2723 896 2765 casn
922 2703 1317 2787 inposterum
1342 2703 1661 2769 salubrius
1685 2703 2183 2789 provideremus,
2208 2702 2542 2790 antiquum
2571 2722 2834 2765 morem

532 2786 1075 2854 Lindisfarnensis
1134 2791 1501 2855 monasterii
1561 2790 1628 2855 in
1685 2791 1953 2856 ecclesia
2029 2789 2452 2855 Dunelmensi
2511 2810 2836 2852 renovare

526 2876 929 2954 curavimus,
974 2891 1048 2942 ut
1087 2876 1253 2943 sicut
1280 2878 1625 2962 aliquando
1653 2878 1804 2955 illic,
1837 2880 1931 2944 ita
1959 2878 2252 2964 profecto
2283 2876 2501 2953 modo,
2533 2876 2642 2940 hic
2689 2897 2840 2939 mo-

530 2961 810 3029 nasticus
855 2964 1018 3029 ordo
1064 2978 1447 3030 servaretur.
1542 2966 1906 3051 Eapropter
1949 2964 2279 3031 monachis
2324 2963 2524 3028 nostri
2555 2962 2839 3048 Episco-

530 3065 743 3137 patus,
778 3051 861 3117 de
900 3052 1123 3139 Gyrue
1151 3052 1391 3117 scilicet
1423 3070 1489 3117 et
1529 3052 1960 3132 Weremutha,
1993 3052 2184 3139 hujus
2211 3051 2470 3117 honoris
2499 3063 2567 3119 et
2591 3049 2835 3129 oneris,

533 3153 845 3225 quantum
906 3153 1129 3205 nostra
1176 3141 1508 3217 intererat,
1561 3139 1935 3206 facultatem
1980 3140 2238 3225 plenam
2286 3138 2686 3213 obtulimus3
2765 3152 2838 3202 ct

533 3230 751 3291 omnia
780 3226 997 3292 ordini
1035 3228 1389 3292 monastico
1426 3230 1873 3313 competencia
1899 3228 2249 3293 secundum
2281 3226 2472 3291 situm
2502 3225 2628 3290 loci
2661 3225 2842 3289 suffi-

535 3313 782 3378 cienter
828 3336 949 3379 nos
1010 3315 1362 3379 donaturos
1413 3315 1840 3399 promisimus·
1933 3315 2064 3381 Sed
2123 3313 2249 3402 ipsi
2307 3314 2514 3379 multo
2557 3313 2840 3398 amplius

537 3401 824 3487 quietem
871 3423 1051 3465 suam
1104 3414 1173 3465 et
1216 3400 1544 3486 pristinam
1579 3403 1940 3468 libertatem
1982 3404 2426 3488 appreciantes
2457 3415 2522 3465 et
2549 3400 2842 3486 amplec-

538 3502 751 3552 tentes
778 3486 1098 3552 desiderio
1119 3504 1345 3553 nostro
1363 3488 1516 3553 inde
1535 3491 1896 3556 nullatenus
1918 3490 2460 3578 adquiescendum
2481 3488 2840 3565 duxerunt,

538 3574 745 3639 donec
798 3596 1032 3639 omnes·
1068 3574 1415 3652 libertates,
1469 3599 1626 3663 quas
1671 3578 1900 3643 beatus
1935 3578 2115 3663 Papa
2163 3591 2420 3644 sanctus
2478 3574 2847 3665 Gregorius

546 3660 942 3745 Theologus,
993 3662 1077 3726 ad
1130 3664 1664 3729 monasteriorum
1707 3680 1775 3731 et
1817 3664 2276 3730 monachorum
2322 3664 2610 3753 quietem
2641 3662 2846 3749 perti-

538 3766 789 3826 nentes,
841 3748 923 3813 ab
961 3747 1295 3833 Episcopis
1346 3750 1608 3817 minime
1657 3753 1880 3818 violari
1911 3754 2222 3831 decrevit,
2253 3765 2325 3817 et
2354 3774 2511 3840 quas
2551 3750 2846 3815 Abbates

539 3853 607 3901 et
638 3835 933 3901 monachi
991 3836 1522 3903 Lindisfarnensis
1575 3839 1942 3905 monasterii
1973 3842 2363 3926 segregatim
2393 3840 2474 3905 ab
2515 3838 2845 3923 Episcopo

539 3948 657 3989 suo
708 3925 883 4010 prius
933 3924 1309 4003 habuerant,
1344 3926 1682 4007 praesentis
1735 3943 1931 3994 cartae
1985 3927 2354 3993 testimonio
2383 3942 2452 3992 et
2483 3926 2847 4011 apostolico

543 4013 785 4097 scripto
845 4013 937 4076 eis
1000 4013 1477 4078 confirmandas
1536 4017 2078 4101 promitteremus.
2174 4014 2338 4093 Nos,
2413 4014 2658 4100 itaque,
2721 4034 2847 4099 pro

542 4122 763 4163 eorum
824 4112 1045 4164 sancta
1102 4100 1599 4167 conversacione
1647 4116 1714 4167 et
1769 4102 2102 4167 monastici
2155 4102 2396 4167 ordinis
2445 4100 2844 4177 reverencia,

541 4185 846 4269 peticioni
895 4208 1120 4251 eorum
1170 4201 1546 4267 annuenteS,
1604 4189 1861 4254 illustris
1911 4191 2113 4275 Regis
2171 4188 2534 4267 willielmi,
2596 4187 2850 4253 domini

542 4272 689 4349 mei,
748 4272 1397 4361 Archiepiscoporum
1448 4279 1640 4342 etiam
1689 4290 1756 4342 et
1795 4278 2262 4379 Episcoporum
2301 4278 2410 4341 sed
2445 4294 2512 4341 et
2541 4298 2850 4363 quarum-

543 4359 698 4423 libet
748 4358 1185 4447 religiosarum
1235 4385 1648 4447 personarum
1689 4367 1872 4449 regni
1903 4366 2053 4430 freti
2084 4364 2350 4429 consi-lio
2381 4378 2448 4429 et
2475 4363 2679 4428 literis
2710 4386 2850 4427 nm-

542 4445 683 4526 niti,
737 4446 821 4513 ad
872 4470 1189 4515 summum
1247 4464 1402 4515 tunc
1441 4451 1844 4531 Pontificem,
1879 4453 2210 4518 dominum
2265 4452 2659 4539 Gregorium
2707 4473 2852 4536 sep-
