3000 5117
524 458 778 533 cccviii
1009 478 1209 531 ms'r.
1250 477 1604 530 nummu.
1645 476 2105 531 scu-lrwones
2141 480 2348 531 ῬΜ-,5.

523 640 719 705 hanni
780 640 1131 705 Blakewell
1190 638 1526 723 capeliano
1585 638 1699 700 xl⁸.
1817 639 1980 705 Item
2029 638 2314 703 ,Iohanni
2379 638 2698 705 Lematon
2761 642 2830 709 1⁸.

520 726 695 791 hem
733 726 1093 793 willielmo
1128 727 1393 790 Louson
1428 723 1738 808 provisori
1768 724 1851 789 de
1885 725 2058 789 Tese
2089 726 2196 793 ix'.
2232 725 2392 807 xvj⁸.
2424 726 2585 811 viijd.
2667 727 2836 791 Item

528 813 792 877 domino
833 812 1111 877 ,Iohanni
1152 812 1577 896 Wessyngton
1610 833 1816 895 nuper
1852 810 2058 877 Priori
2089 812 2176 895 iiij
2207 811 2412 897 *xiijh
2454 820 2592 877 xv'.
2607 814 2691 896 jd.
2725 814 2833 877 ob.

532 901 801 964 Summa
830 898 1247 963 ccu¹1¹¹x11¹.
1278 904 1420 960 νιν.
1454 894 1580 963 xid.
1615 898 1724 962 ob.

1805 982 1893 1047 Et
1938 1004 2061 1066 ego
2090 982 2134 1047 J
2135 982 2419 1047 ohannes
2467 984 2838 1069 Berehalgh

1717 1070 2000 1145 clericus,
2015 1068 2468 1133 Duuelmensis
2481 1070 2838 1149 dioceseos,

1717 1154 2010 1239 publicus
2038 1154 2524 1221 auctoritatibus
2575 1170 2838 1242 aposto-

1717 1240 1839 1305 lica
1869 1256 1933 1305 et
1979 1240 2288 1325 imperiali
2338 1242 2650 1321 notarius,
2683 1244 2840 1329 quia

1715 1326 2172 1411 praedictorum
2203 1328 2648 1424 religiosorum
2687 1352 2841 1414 per·

1713 1435 2034 1490 sennarum,
2097 1425 2530 1492 materiarum,
2589 1437 2844 1481 rerum·-

1715 1522 1842 1585 que
1915 1514 1984 1565 et
2050 1499 2391 1576 bonorum,
2453 1500 2843 1567 detrimenta

1717 1584 2086 1649 reddituum
2131 1600 2199 1650 et
2243 1585 2658 1663 decimarum,
2699 1588 2845 1671 lap-

1719 1694 1862 1735 sum
1919 1686 1990 1735 et
2057 1672 2305 1737 ruinam
2379 1674 2844 1752 maneriorum,

1697 1756 2165 1839 ,cancellarum
2215 1758 2736 1843 molendinorum·
2775 1776 2850 1827 et

1721 1858 2256 1921 tenetnentorum,
2293 1866 2419 1910 una
2455 1869 2606 1911 cum
2657 1868 2852 1931 repa·-

1701 1930 2082 1995 nomnibus
2169 1950 2236 1995 et
2315 1932 2850 1998 edificacionibus

1719 2018 2093 2095 eorundem,
2127 2039 2204 2081 nc
2233 2018 2451 2083 debita
2495 2020 2561 2085 in
2605 2018 2850 2105 quibus

1723 2116 2025 2167 tenentur
2095 2104 2468 2188 supradicti,
2540 2106 2850 2191 quaedam

1722 2211 1839 2272 per
1861 2190 2254 2271 corporalem
2286 2191 2508 2269 visum,
2541 2192 2853 2277 quoedam

1723 2297 1841 2359 per
1859 2274 2234 2341 indenturas
2257 2275 2322 2339 in
2344 2301 2420 2342 ea
2444 2293 2626 2363 parte
2645 2278 2854 2364 scrip-

1727 2376 1843 2437 taS,
1922 2374 1990 2425 et
2065 2361 2212 2425 hinc
2287 2364 2436 2429 inde
2511 2364 2854 2449 sigillatim,

545 2452 841 2543 qnoedam
916 2473 1037 2538 per
1108 2447 1497 2515 adminicuia
1569 2447 2050 2530 probacionum,
2103 2448 2400 2534 quaedam
2475 2450 2677 2515 eciam
2731 2474 2856 2535 per

537 2541 1025 2608 racioeiniorum
1086 2539 1219 2600 sive
1278 2546 1722 2618 compotorum
1781 2532 2216 2599 reddicionem
2275 2557 2390 2619 per
2447 2537 2620 2621 prius
2673 2583 2852 2603 ......

544 2651 717 2695 anuo
766 2624 1029 2691 Domini
1078 2622 1410 2686 millesimo
1444 2639 1709 2683 ccccxx.
1739 2634 1950 2696 sexto,
1985 2618 2338 2685 indiccione
2363 2644 2554 2701 nona,
2585 2624 2858 2707 pontifi-

546 2730 729 2781 catus
780 2710 1156 2777 sanctissimi
1209 2708 1277 2771 in
1333 2708 1600 2773 Christo·
1641 2705 1842 2791 patris
1887 2718 1954 2769 et
1999 2704 2245 2772 domini
2291 2708 2534 2771 domini
2569 2710 2860 2797 Eugenii

544 2801 766 2867 divina
794 2796 1209 2883 providencia
1240 2794 1439 2878 Papae
1469 2792 1684 2879 quarti
1709 2814 1884 2857 anno
1905 2794 2368 2871 sextodecimo,
2393 2795 2527 2861 fere
2547 2797 2862 2861 omnibus

544 2904 621 2953 et
656 2884 921 2972 singulis
969 2882 1197 2947 diebus
1250 2880 1483 2944 mensis
1536 2877 1694 2942 Julii
1735 2890 1802 2942 et
1853 2880 2154 2962 Augusti,
2209 2902 2336 2944 una
2385 2904 2532 2945 cum
2571 2882 2862 2952 dominis

549 2976 808 3039 Thoma
866 2970 1123 3055 Nesbyt
1178 2966 1449 3031 custode
1509 2963 1908 3041 Infirmariae,
1957 2964 2252 3031 Johanne
2308 2967 2422 3033 Oll
2477 2968 2704 3033 Priore
2767 2970 2860 3035 de

548 3057 1045 3146 Coldyngham,
1086 3052 1387 3121 Johanne
1460 3050 1787 3117 Gatisside
1846 3051 2134 3131 terrario,
2197 3052 2540 3118 willielmo
2601 3055 2864 3121 Dalton

546 3148 752 3212 tercio
812 3142 1058 3218 Priore,
1124 3138 1463 3204 willielmo
1530 3136 1716 3201 Eden
1774 3137 2084 3216 bursario,
2139 3138 2433 3206 Roberto
2487 3140 2869 3208 Westmer-

544 3233 742 3299 lande
784 3224 1181 3303 cancellario,
1223 3224 1289 3289 Τ
1289 3225 1485 3288 homa
1517 3222 1928 3307 Thornburg,
1967 3224 2252 3291 Ricardo
2291 3226 2486 3291 More
2513 3246 2868 3313 carpenta-

548 3320 671 3393 rio,
699 3315 913 3382 David
939 3312 1207 3395 Wright
1227 3310 1652 3395 carpentariO,
1672 3308 1964 3374 ,Iohanne
2002 3308 2285 3389 Knoute,
2315 3312 2577 3378 Thomu
2592 3315 2866 3394 Jacson,

549 3408 593 3471 J
595 3406 846 3469 ohanne
905 3396 1351 3485 Raynaldson,
1397 3395 1440 3462 J
1442 3396 1696 3460 ohanne
1748 3394 2058 3482 Davyson
2117 3402 2428 3484 carpent',
2494 3400 2870 3469 willielmo

552 3488 827 3553 Wodde
870 3485 1291 3569 carpentario,
1323 3480 1610 3548 Johanni
1638 3480 1879 3567 Jekyll,
1917 3482 2210 3549 Henrico
2246 3485 2504 3569 Rydeu,
2535 3500 2689 3565 etc„
2724 3503 2874 3553 tes-

548 3577 721 3642 tibus
750 3574 814 3637 in
846 3568 1203 3657 p’raetnissiS,
1236 3568 1471 3646 inveni,
1506 3568 1786 3653 inspexi,
1821 3582 1886 3633 et
1915 3568 2042 3632 vidi
2065 3591 2093 3645 ς’
2117 3569 2270 3635 ideo
2299 3572 2471 3635 hunc
2513 3572 2872 3654 Rutulum,

550 3664 735 3752 quasi
790 3655 1229 3724 Inventarium
1270 3676 1712 3740 personarum,
1744 3676 1982 3731 rerum,
2015 3655 2356 3736 bonorum,
2387 3673 2455 3723 et
2485 3659 2874 3727 debitorum

552 3737 920 3817 monasterii
967 3740 1253 3807 ecclesiae
1314 3740 1778 3805 Dunolmensis
1830 3739 2186 3825 praedictae,
2236 3766 2365 3809 una
2407 3768 2556 3811 cum
2599 3770 2880 3832 repara-

552 3836 855 3904 cionibus»
891 3842 958 3896 et
1001 3827 1523 3894 edificacionibus
1567 3826 2020 3907 maneriorum,
2062 3830 2510 3909 cancellatum,
2543 3834 2878 3901 molendi-

550 3944 806 3999 norum,
852 3931 921 3984 et
966 3930 1473 3981 tenementorum
1517 3912 1724 3977 eidem
1755 3914 2243 3998 pertinencium,
2276 3919 2707 3999 continenter,
2745 3945 2882 4007 per

554 4010 753 4079 alium
782 4002 1041 4072 aliunde
1070 4016 1423 4088 occupatus
1436 3998 1637 4066 scribi
1647 4000 1786 4076 feci,
1808 4003 2142 4083 summavi,
2168 4008 2482 4091 excerpsi,
2507 4008 2886 4090 publicavi,

558 4111 627 4164 et
670 4096 739 4160 in
766 4094 934 4159 hanc
964 4102 1343 4175 praesentem
1370 4086 1641 4153 formam
1671 4088 1914 4176 redegi,
1946 4110 2217 4177 meaque
2247 4092 2504 4176 signum
2531 4109 2597 4159 et
2619 4116 2882 4163 nomen

556 4176 625 4248 in
668 4204 787 4247 sex
830 4176 1318 4243 consuiconibus
1365 4174 1550 4261 hujus
1580 4172 1795 4251 rotuli,
1828 4188 1896 4239 et
1923 4174 2027 4240 hic
2057 4175 2120 4241 in
2155 4178 2308 4256 fine,
2342 4181 2632 4264 apposui,
2665 4205 2886 4274 roga.-

557 4285 661 4335 tus
691 4282 755 4335 et
776 4265 1137 4357 requisituS,
1159 4262 1225 4328 in
1248 4262 1446 4329 fidem
1476 4274 1544 4328 et
1573 4262 2004 4327 testimonium
2036 4264 2534 4350 praemissorum.
