3000 5117
450 513 771 598 cccclviii
884 535 1093 592 rus-r.
1146 533 1509 590 nuncu.
1574 535 2049 591 scmr‘roass
2106 535 2325 591 rans.

459 705 751 794 corporis
795 716 864 770 et
905 699 1228 790 sanguinis
1257 699 1533 768 Domini
1562 723 1754 855 2¹:1⁹ss
1784 702 1985 769 altare
2013 701 2299 789 positum
2326 692 2576 768 nefarie
2625 700 2782 788 inji-

461 817 610 862 cere
639 807 707 859 et
747 793 817 857 in
847 803 1088 857 terram
1134 788 1498 876 projectum
1528 812 1573 876 p
1658 789 1805 855 ibus
1834 791 2217 856 conculcare
2250 812 2384 857 non
2412 803 2567 857 sunt
2586 813 2779 857 reve·

461 883 587 962 riti,
642 903 728 946 ne
777 879 862 944 de
919 891 1139 944 cetero
1189 891 1322 943 tam
1383 878 1662 942 immane
1702 877 1951 943 facinus
2000 877 2185 944 facile
2226 900 2269 943 a
2316 879 2779 964 pestilentibus

463 967 763 1036 hereticis
807 965 1106 1032 attentari
1155 965 1363 1053 possit
1414 966 1761 1051 providere
1806 966 2115 1046 volenteS,
2148 968 2509 1032 secundum
2552 989 2778 1033 sacros

467 1079 749 1124 canones
801 1055 1139 1120 statuimus
1181 1069 1649 1118 sacramentum
1682 1053 1967 1140 corporis
2015 1068 2081 1120 et
2132 1055 2465 1144 sanguinis
2498 1055 2781 1121 Domini

465 1143 672 1212 nostri
703 1143 746 1209 J
748 1165 862 1209 esu
895 1141 1140 1208 Christi
1170 1143 1238 1206 in
1285 1141 1546 1206 decenti
1576 1142 2018 1222 tabernaculo,
2050 1141 2152 1207 vel
2182 1164 2268 1206 ex
2306 1143 2521 1230 lapide
2554 1143 2657 1208 vel
2686 1165 2779 1208 ex

469 1235 650 1323 ligno
700 1243 770 1296 et
813 1229 1008 1308 ferro,
1043 1242 1241 1294 tantae
1287 1228 1727 1314 amplitudinis
1772 1231 1863 1294 sic
1894 1230 2335 1295 construendo
2388 1243 2455 1297 et
2496 1231 2781 1296 fabrefa-

470 1319 724 1398 ciendo,
759 1329 830 1382 nt
857 1339 1104 1383 sacram
1135 1315 1426 1402 pixidem
1453 1315 1520 1380 in
1552 1339 1681 1402 qua
1700 1316 2073 1383 reconditur
2096 1331 2564 1384 sacramentum
2596 1340 2781 1383 com-

470 1408 666 1474 mode
699 1405 984 1490 recipere
1013 1403 1219 1491 possit
1246 1426 1440 1491 super
1469 1425 1795 1469 summum
1838 1404 2065 1483 altare,
2108 1405 2231 1470 sub
2260 1406 2441 1473 salva
2482 1406 2785 1472 custodia

472 1495 630 1562 seris
659 1507 728 1559 et
753 1493 1040 1558 clavibus
1070 1491 1390 1557 firmanda
1433 1490 1791 1558 infuturum
1837 1493 2249 1574 recondatur,
2297 1509 2373 1562 ut
2412 1517 2549 1559 non
2586 1493 2783 1559 facile

471 1581 958 1650 tabernaculum
1001 1578 1168 1644 illud
1211 1578 1309 1645 vel
1364 1577 1620 1669 effringi
1662 1592 1777 1644 aut
1826 1595 2296 1647 sacramentum
2341 1607 2383 1648 a
2423 1581 2787 1668 prophanis

470 1667 766 1738 hereticis
788 1668 1028 1735 auferri
1052 1689 1164 1733 seu
1195 1667 1326 1733 vim
1403 1666 1492 1732 ati
1521 1681 1587 1732 et
1614 1666 1899 1734 ludibrio
1928 1667 2151 1734 haberi
2175 1667 2240 1735 in
2268 1683 2605 1757 posterum

473 1761 576 1825 sit.
673 1756 779 1822 Ad
808 1756 984 1846 quod
1015 1755 1364 1822 tabernacu
1393 1776 1500 1820 um
1522 1755 1968 1823 decentissime
1998 1770 2068 1823 et
2094 1759 2410 1823 tutissime
2438 1756 2621 1824 fabre
2648 1759 2788 1822 aci-

477 1847 725 1913 endum
757 1867 874 1911 nos
897 1866 1018 1932 pro
1048 1841 1215 1908 virili
1237 1862 1457 1908 nostra
1485 1864 1804 1930 expensas
1827 1844 2111 1911 libenter
2140 1867 2225 1912 ex
2253 1847 2467 1911 animo
2496 1843 2781 1910 subituri

467 1937 716 2000 sumus.
767 1931 934 1999 Item
965 1953 1148 1999 sacra
1175 1953 1328 1996 vasa
1349 1946 1416 1996 et
1443 1931 1825 1997 vestimenta
1846 1930 2062 1998 omnia
2089 1932 2285 2018 hujus
2309 1932 2597 1998 ecclesiae
2628 1953 2787 1996 nos-

479 2035 621 2101 trae,
653 2019 725 2084 in
753 2040 1287 2120 quorumcunque
1319 2017 1613 2084 manibus
1642 2017 2016 2099 existenda,
2039 2019 2278 2086 deferri
2302 2020 2371 2085 in
2402 2020 2783 2098 sacrarium,

478 2121 548 2174 et
575 2106 1020 2193 subcustodia
1050 2119 1350 2185 sacristae,
1385 2105 1553 2171 sicut
1594 2106 1663 2172 in
1708 2108 1939 2173 ceteris
1983 2107 2269 2174 ecclesiis
2300 2107 2785 2175 cathedralibus

477 2196 620 2262 fieri
647 2195 1000 2272 consuevit,
1033 2193 1275 2260 servari
1320 2207 1384 2258 et
1428 2194 1607 2258 salvo
1638 2194 1951 2261 custodiri
1990 2196 2406 2283 precipimus.
2496 2197 2588 2262 Et
2630 2195 2792 2284 quia

475 2284 606 2350 hoc
635 2305 809 2349 anno
837 2281 1044 2367 regio.
1065 2295 1288 2347 nostra
1317 2303 1597 2346 annonae
1640 2281 1861 2368 inopia
1886 2285 2221 2369 premitur,
2255 2306 2390 2363 vos,
2423 2282 2791 2349 charissimi

475 2373 728 2450 frati-etz,
758 2371 826 2436 in
850 2369 1142 2436 Domino
1169 2368 1511 2434 hortamur
1542 2381 1613 2434 ut
1642 2368 1909 2473 singulis
1937 2371 2331 2438 Cantoribus
2360 2372 2549 2458 hujus
2578 2371 2792 2436 eccle-

479 2460 614 2538 sioe,
645 2457 758 2546 qui
801 2457 964 2524 nihil
1007 2457 1184 2523 aliud
1228 2455 1472 2522 habent
1501 2456 1773 2522 subsidil
1804 2459 1977 2526 unde
2008 2461 2245 2532 vivant,
2278 2459 2403 2526 nisi
2432 2483 2521 2525 ex
2543 2459 2791 2545 stipen-

483 2546 604 2612 diis
647 2547 838 2634 hujus
885 2545 1189 2625 ecclesioe,
1224 2566 1421 2609 unam
1465 2566 1745 2612 marcam
1792 2549 2063 2636 signatae
2111 2549 2409 2635 pecuniae
2452 2548 2581 2614 hoc
2610 2569 2791 2614 anno

481 2657 567 2702 ex
597 2636 854 2701 statutis
895 2632 1264 2700 'elemosinis
1291 2632 1486 2718 hujus
1516 2632 1803 2700 ecclesioe
1833 2635 2239 2702 conferentes
2270 2636 2529 2702 donetis
2558 2635 2627 2700 in
2656 2634 2792 2700 ele-

479 2715 839 2812 mosymam.
937 2721 1013 2786 In
1045 2742 1324 2810 quorum
1367 2719 1657 2786 omnium
1698 2734 1766 2787 et
1804 2722 2204 2808 singulorum
2246 2723 2445 2789 fidem
2490 2735 2561 2788 et
2607 2722 2793 2788 testi-

481 2809 772 2877 monium
812 2809 864 2876 si
914 2809 1097 2874 ‘llum
1141 2813 1460 2874 nostrum'
1484 2808 1896 2895 presentibus
1941 2811 2185 2898 apponi
2226 2811 2517 2878 fecimus.
2608 2810 2799 2876 Data

481 2896 815 2978 Dunelmi,
919 2897 1126 2964 ecimo
1185 2895 1463 2982 septimo
1516 2894 1623 2962 die
1673 2896 1716 2962 J
1719 2895 1873 2977 unii,
1914 2920 2089 2964 anno
2140 2897 2413 2966 Domini
2442 2896 2797 2967 millesimo

481 2983 1000 3074 quingentesimo
1027 2985 1564 3074 quinquagesimo
1594 2999 1803 3065 sexto,
1836 2999 1903 3052 et
1930 2999 2175 3053 nostrae
2204 2985 2643 3056 translationis
2673 3009 2799 3053 an-

481 3095 572 3141 no
600 3073 904 3143 vicesimo
933 3071 1228 3163 septimo.
