3000 5117
755 475 1178 531 APPEme.
1233 479 1416 529 Anu.
1457 480 1935 531 Mcchxnv.
2349 462 2489 535 cxli

217 667 338 711 ram
361 642 422 707 in
460 640 732 708 Galilaea
761 653 980 705 nostra
1003 637 1316 725 praedicta
1345 638 1410 703 in
1434 654 1617 723 parte
1644 641 1925 719 australi,
1956 640 2065 706 nbi
2098 660 2209 707 voe
2230 642 2487 797 cuffiis,

218 744 386 883 {rato
433 750 746 795 consensu
794 742 864 792 et
912 725 1198 793 unanimi
1247 726 1655 806 conserimus,
1700 750 1819 813 per
1853 741 2227 813 pretentes.
2424 744 2495 795 ta

269 841 324 883 c.

375 1180 600 1225 cxxw.
655 1178 808 1223 HEC
853 1176 1034 1221 SUNT
1079 1174 1310 1219 OPERA
1339 1175 1498 1227 011AE
1532 1177 1746 1222 EACTA
1778 1178 2111 1225 ruznmu·
2140 1182 2319 1227 ΤΙΜ-

371 1268 552 1312 Potur-
596 1264 950 1311 sonamus
995 1262 1249 1307 POSSOB
1309 1262 1657 1312 evolsum
1702 1266 1985 1313 Pmoms
2045 1268 2315 1315 DUNBL-

373 1354 644 1411 muns,
677 1352 891 1397 mnu
915 1350 1002 1395 BT
1033 1348 1283 1396 trra-4.

975 1502 1110 1566 [nx.
1136 1502 1284 1572 Orlss.
1310 1499 1436 1555 not.
1459 1502 1587 1557 ιω.
1608 1506 1715 1570 20.1

371 1666 451 1729 59
499 1678 736 1725 omma
780 1676 998 1722 meu
1045 1676 1258 1721 mnu
1305 1676 1392 1723 nr
1437 1677 1667 1723 κὶα-ΒΑ
1695 1678 2029 1725 Tauron
2058 1681 2324 1727 sonm-

655 1764 768 1809 ms
800 1764 1056 1809 rosana
1089 1763 1392 1813 emotus.
1481 1748 1625 1829 [Ex
1649 1748 1833 1813 dorso
1859 1748 2045 1831 Rom]

297 1920 504 1985 Primo
533 1917 933 1998 Lardariam,
1003 1941 1106 1985 uoe
1131 1931 1398 1984 vocatur
1424 1916 1837 1985 Sclauterhus
1863 1942 1882 1996 ;
1928 1934 1993 1987 et
2018 1944 2211 1987 unam
2232 1923 2497 1991 domum

217 2030 322 2091 pro
365 2008 652 2095 plumbo.
745 2008 914 2071 Item
1019 2028 1128 2071 uas
1175 2005 1465 2092 proprias
1516 2028 1819 2085 cameras,
1874 2006 2115 2073 scilicet
2173 2010 2369 2077 altam
2426 2024 2499 2077 et

217 2094 464 2171 bassam,
509 2110 584 2159 et
626 2116 849 2157 omnes
895 2092 1207 2158 fenestras
1253 2116 1402 2158 cum
1447 2092 1635 2157 vitro.
1726 2092 1897 2158 Item
1930 2095 2261 2181 Capellam
2291 2120 2497 2163 suam.

220 2180 370 2245 Item
412 2203 722 2265 magnum
766 2178 972 2243 orium
1003 2202 1122 2265 pro
1150 2179 1325 2243 foeno
1358 2178 1747 2245 Ostellariae.
1840 2180 2007 2247 Item
2040 2205 2339 2270 maguam
2369 2198 2499 2251 sta-

217 2267 412 2333 bulam
455 2282 524 2332 et
557 2289 750 2331 unam
784 2266 1094 2351 sorgeam.
1189 2264 1354 2331 Item
1389 2288 1589 2330 unum
1618 2265 1808 2355 gavel
1837 2268 2099 2351 capellae
2129 2292 2320 2355 super
2346 2293 2501 2357 por-

220 2368 354 2421 tam.
446 2354 618 2419 Item
668 2376 869 2417 unum
919 2373 1220 2437 magnum
1271 2351 1386 2417 ruf
1421 2373 1615 2437 super
1652 2352 2001 2419 bracinam.
2096 2356 2265 2421 Item
2297 2379 2501 2423 unum

217 2438 318 2503 ruf
333 2463 518 2526 super
548 2440 904 2525 pistrinam.
998 2437 1166 2504 Item
1199 2460 1392 2503 unam
1423 2460 1745 2503 cameram
1773 2461 1923 2527 quae
1943 2454 2211 2507 vocatur
2242 2444 2500 2509 Lehum

217 2530 377 2608 [itaJ.
474 2526 644 2591 Item
691 2548 885 2589 unum
931 2524 1251 2589 mallthuS.
1347 2522 1513 2588 Item
1558 2546 1753 2589 unam
1783 2548 2083 2613 magnam
2113 2529 2497 2613 grauun-iam.

219 2612 368 2677 ltem
401 2635 590 2676 unam
626 2610 1056 2675 molendinum
1087 2609 1371 2674 totaliter
1397 2632 1631 2673 novam
1657 2610 1739 2673 de
1765 2624 1955 2675 terra.
2032 2612 2195 2679 Item
2220 2616 2501 2681 meldam

217 2700 350 2781 vij¹¹
407 2698 566 2776 fute,
603 2712 806 2761 totam
861 2717 1117 2763 novam.
1213 2694 1381 2759 Item
1429 2696 1637 2758 orium
1684 2696 1769 2760 de
1828 2696 2234 2769 Hestrinton.
2332 2700 2499 2767 Item

217 2784 401 2847 orium
449 2784 532 2850 de
585 2784 920 2850 Alverton.
1016 2782 1184 2845 Item
1232 2782 1299 2843 in
1353 2780 1653 2866 Beurepa
1698 2804 1731 2844 r
1782 2782 1939 2847 duas
1984 2783 2233 2872 deyhus
2276 2810 2499 2867 novas,

217 2884 402 2934 totum
449 2886 644 2935 sowts
690 2870 734 2933 d
784 2868 962 2933 silvae
1011 2880 1076 2932 et
1126 2888 1326 2930 murae
1373 2866 1545 2931 circa
1590 2805 1837 2947 siff-am,
1887 2885 1954 2935 et
1981 2873 2274 2956 quaesivit
2308 2896 2499 2939 unam

215 2957 543 3040 quarellam
575 2894 943 3022 sclatstane.
1043 2954 1208 3019 Item
1239 2966 1505 3037 pontem
1534 2953 1617 3018 de
1656 2954 2028 3043 Beurepayr
2054 2980 2248 3043 super
2282 2961 2499 3028 Brone

216 3056 276 3105 et
303 3066 488 3107 unum
513 3042 776 3120 orrium,
795 3038 1242 3129 Westflodgat.
1339 3040 1505 3106 Item
1529 3054 1732 3107 totam
1764 3042 2109 3109 maneriam
2137 3044 2221 3109 de
2260 3046 2505 3111 Beure-

217 3149 320 3210 par
359 3142 500 3213 post
545 3151 890 3193 ressessum
945 3128 1337 3205 Scottorum,
1386 3142 1454 3191 et
1504 3150 1705 3191 unum
1739 3150 2045 3278 massnum
2072 3130 2197 3217 byr
2224 3144 2293 3197 et
2324 3132 2355 3216 j
2389 3145 2501 3197 cot

217 3234 323 3297 pro
363 3217 613 3282 ovibus.
711 3216 876 3279 Item
907 3226 1118 3279 totum
1147 3234 1372 3277 corum
1403 3212 1691 3279 ecclesiae
1721 3214 1805 3277 de
1898 3228 2169 3301 etynton
2201 3231 2269 3282 et
2298 3239 2499 3282 unum

219 3304 407 3386 porg',
455 3316 521 3367 et
561 3300 900 3387 cooperuit
941 3300 1176 3366 aulam.
1271 3300 1438 3363 Item
1467 3301 1677 3364 orium
1708 3298 1792 3363 de
1827 3300 2176 3387 Petynton,
2209 3316 2276 3369 et
2306 3326 2503 3370 unam

221 3388 658 3465 molendinam,
721 3400 788 3452 et
835 3390 866 3475 j
926 3386 1245 3451 bachoWS.
1338 3387 1509 3451 Item
1567 3408 1757 3450 unam
1810 3387 2128 3453 stabulam
2180 3402 2245 3455 et
2297 3414 2499 3457 unum

219 3473 446 3559 deybus
491 3474 576 3539 de
629 3474 976 3559 Petynton.
1076 3472 1240 3537 Item
1279 3494 1477 3536 unam
1508 3494 1801 3558 magnam
1833 3472 2147 3539 stabulum
2221 3499 2296 3541 ro
2325 3478 2507 3562 pala-

219 3558 396 3637 fridis,
447 3574 511 3625 et
555 3582 754 3623 uuam
799 3558 1162 3647 coquinam.
1255 3558 1419 3623 Item
1465 3581 1779 3624 cameram
1826 3582 2004 3625 suam
2036 3562 2119 3627 de
2210 3576 2505 3650 etynton,

223 3644 370 3709 Item
429 3668 749 3711 cameram
810 3666 1072 3709 suorum
1129 3666 1548 3719 monacorum
1607 3647 1691 3711 de
1757 3646 1879 3713 Pet
1926 3660 2109 3713 nton.
2216 3650 2383 3715 Item
2438 3652 2504 3717 in

219 3733 482 3797 manerio
527 3732 612 3797 de
663 3732 923 3796 Ranton
967 3751 1170 3795 unum
1213 3752 1515 3816 magnum
1546 3735 1777 3800 orium.
1911 3751 2038 3799 tem
2072 3734 2508 3803 molendinam

221 3816 291 3881 de
341 3817 618 3886 Ranton.
717 3818 882 3883 Item
927 3816 993 3880 in
1039 3817 1323 3882 manerio
1368 3818 1450 3882 de
1497 3819 1743 3884 Dalton
1773 3842 1970 3883 unum
2004 3843 2241 3885 novum
2270 3822 2505 3901 orium,

223 3902 373 3967 Item
429 3905 643 3969 aulam
703 3918 772 3969 et
829 3924 1145 3970 cameram
1204 3903 1288 3968 de
1352 3903 1620 3973 Dalton.
1727 3905 1894 3969 Item
1954 3906 2018 3969 in
2077 3908 2365 3971 manerio
2422 3910 2509 3975 de

226 3987 522 4055 Heuwort
552 3990 765 4056 aulam
796 4003 864 4055 et
893 3992 1158 4055 orrium.
1249 3990 1418 4056 Item
1451 4011 1643 4055 unam
1675 3991 2112 4056 molendinum
2143 3994 2508 4079 aquaticam

223 4074 294 4139 de
341 4076 681 4146 Heuwort.
777 4078 940 4141 Item
986 4076 1054 4140 in
1099 4076 1389 4141 manerio
1417 4076 1500 4141 de
1532 4076 1901 4163 Wyvystow
1946 4098 2138 4141 unam
2169 4080 2507 4165 capellam.

228 4158 374 4225 Item
417 4185 735 4228 cameram
780 4183 962 4229 suam
1009 4184 1156 4227 cum
1203 4162 1244 4247 ij
1294 4162 1563 4227 latrinis·
1658 4163 1820 4226 Item
1854 4185 2047 4227 unum
2073 4164 2194 4251 byr
2223 4178 2289 4229 et
2314 4188 2509 4233 unam

224 4249 543 4318 stabulam.
637 4250 804 4316 Item
855 4270 1054 4313 unum
1101 4247 1216 4311 rus
1253 4250 1336 4311 de
1389 4270 1630 4337 magno
1674 4248 1867 4316 orrio.
1968 4248 2133 4314 Item
2180 4267 2396 4335 portas
2444 4266 2510 4321 et

225 4334 664 4403 molendinam.
765 4334 928 4399 Item
959 4356 1160 4399 unum
1193 4334 1400 4398 orium
1434 4358 1554 4421 pro
1585 4333 1837 4399 decima
1866 4333 1949 4399 de
1986 4334 2259 4403 Harton.
2338 4338 2507 4405 Item

227 4439 400 4487 unam
458 4444 692 4487 novam
751 4420 1183 4488 molendinam
1243 4420 1418 4505 apud
1487 4420 1756 4506 Sutwyk
1817 4420 2234 4487 ventulatam.
2344 4426 2509 4490 Item
