3000 5117
424 480 570 556 116
901 491 1108 550 msr.
1151 493 1510 548 DUNELM.
1552 489 2017 548 scmrroans
2052 493 2266 546 rans.

329 666 376 761 [
425 665 638 755 quoad
681 661 978 750 primum,
1023 659 1202 748 quod
1245 679 1380 724 non
1419 655 1635 744 potuit
1676 655 1851 723 sama
1884 655 2126 723 Prioris
2156 669 2225 722 et
2252 657 2567 737 ,lobannis
2612 660 2741 728 sal-

433 754 589 832 varl3
645 753 737 816 ita
781 749 1220 814 defamaverat
1271 765 1466 836 eum3
1514 757 1581 810 et
1625 745 2071 811 rationabilius
2124 759 2297 814 esset
2378 747 2513 814 uod
2564 749 2749 816 fama

430 839 744 908 Johannis
795 837 880 902 de
925 834 1214 922 Creping
1260 830 1643 921 denigretur
1684 833 2041 900 secundum
2094 853 2283 900 suum
2372 838 2740 918 emeritum,

431 949 624 1018 quam
681 924 922 991 Prioris
979 922 1118 988 sine
1175 919 1534 986 demerito:
1596 919 1814 1020 quoad
1860 920 2234 1002 secundum,
2294 923 2472 1012 quod
2528 925 2745 991 multo

434 1017 694 1102 gravius
723 1012 1026 1100 peccavit
1062 1010 1184 1074 iste
1223 1028 1418 1095 quam
1445 1006 1672 1094 aliquis
1701 1019 1997 1094 apostata
2022 1007 2187 1073 alius
2214 1031 2257 1076 a
2282 1010 2503 1078 multis
2532 1013 2745 1091 annis,

431 1119 501 1170 et
549 1102 660 1168 v'el‘
707 1105 1041 1186 oporteret
1089 1096 1296 1183 ipsum
1343 1093 1571 1160 sedere
1617 1093 1703 1160 ad
1748 1108 2027 1181 portam,
2056 1095 2163 1161 vel
2207 1098 2475 1164 omnino
2516 1113 2751 1166 contra

433 1189 725 1276 regulam
767 1187 945 1252 illam
989 1183 1210 1250 delere
1253 1180 1725 1268 poenioeneiam,
1754 1181 1910 1270 quia
1950 1181 2017 1246 in
2046 1182 2358 1270 religione
2386 1207 2519 1253 non
2544 1187 2752 1254 debet

435 1303 577 1345 esse
633 1273 926 1360 acceptio
973 1291 1416 1359 personarum.
1506 1268 1827 1349 Tandem,
1876 1269 1962 1334 ad
2008 1291 2075 1334 m
2204 1293 2310 1338 am
2360 1275 2751 1341 instanciam

441 1365 768 1453 Episcopi,
799 1380 1172 1427 concessum
1201 1369 1318 1436 est,
1337 1356 1538 1444 quod,
1568 1357 1785 1445 quoad
1808 1355 2039 1423 sedere
2176 1371 2453 1446 portam,
2486 1361 2755 1428 differe-

440 1470 548 1520 tur
576 1473 778 1538 usque
809 1449 894 1514 ad
927 1446 1300 1533 Capitulum
1331 1445 1676 1534 generale3
1716 1445 1801 1510 ad
1830 1445 2015 1531 cujus
2042 1446 2377 1514 arbitrium
2406 1450 2755 1535 praefatam

439 1540 684 1606 subiret
725 1533 1204 1622 poenitenciam,
1235 1543 1391 1597 tunc
1433 1531 1759 1598 rediturus
1801 1533 1886 1598 ad
1915 1545 2215 1619 portam3
2258 1535 2364 1601 vel
2392 1537 2757 1603 remittere-

443 1643 557 1693 tur·
593 1628 652 1691 ei
700 1625 782 1690 ad
831 1621 1148 1708 Episcopi·
1185 1619 1585 1684 instanciam.
1676 1619 1757 1686 In
1805 1620 2152 1706 praesentia
2190 1621 2389 1707 igitur
2418 1623 2755 1711 Episcopi,

443 1716 510 1780 in
541 1711 828 1799 capitulo
859 1706 1306 1784 Dunelmensi,
1335 1707 1532 1792 pleno
1563 1720 1715 1773 tunc
1744 1707 1989 1772 clericis
2032 1723 2101 1774 et
2129 1709 2325 1790 laicis,
2356 1711 2761 1777 renunciavit

445 1799 774 1890 processui
803 1819 943 1875 suo,
973 1796 1292 1861 confitens
1322 1817 1392 1859 se
1413 1793 1673 1879 publice
1715 1815 1932 1860 coram
1974 1796 2277 1862 omnibus
2306 1811 2536 1864 contra
2570 1797 2761 1864 Prio-

447 1911 588 1956 rem
635 1907 900 1964 errasse‚
947 1905 1068 1948 nec
1125 1905 1196 1948 se
1246 1877 1523 1967 probare
1562 1895 1753 1968 posse
1818 1889 1971 1967 qnae'
2016 1881 2078 1947 ei
2124 1884 2297 1949 mala
2323 1884 2759 1971 imposuerat3

447 1991 517 2044 et
567 1976 658 2041 sic
703 1971 1084 2038 submittens
1127 1991 1196 2034 se
1239 1969 1466 2056 gratiae
1502 1961 1746 2034 Prioris
1789 1981 1857 2034 et
1898 1983 2272 2050 conventus,
2304 1985 2375 2036 et
2402 1972 2764 2038 absolutio—

451 2087 603 2130 nem
654 2059 988 2126 humiliter
1033 2056 1456 2144 expostulans
1504 2077 1545 2120 a
1576 2055 1826 2135 Priore,
1872 2056 2205 2122 absolutus
2258 2057 2618 2126 admittitur
2670 2061 2764 2127 ad

451 2151 740 2218 osculum
792 2145 1010 2233 pacisz
1059 2158 1128 2212 et
1223 2143 1330 2208 uia
1372 2157 1645 2230 propter
1688 2157 2087 2229 quartanam,
2118 2167 2312 2232 quam
2352 2147 2603 2228 habuit,
2634 2169 2765 2236 pro

455 2254 606 2306 tunc
629 2233 1070 2324 poenitentiam
1113 2253 1188 2297 su
1237 2231 1329 2295 ire
1373 2251 1509 2296 non
1552 2233 1782 2317 potuit,
1816 2232 1881 2296 in
1914 2231 2322 2301 infirmitorio
2348 2237 2601 2322 positus
2628 2247 2762 2315 est,

453 2325 836 2392 servientem
889 2321 1132 2386 babens
1183 2317 1304 2384 sibi
1355 2317 1739 2404 deputatum
1798 2331 1867 2384 et
1923 2319 2267 2386 medicum.
2364 2321 2543 2389 Nulli
2600 2345 2767 2390 vero

454 2415 725 2480 fratrum
778 2409 1156 2497 permissum
1210 2420 1310 2472 est
1355 2405 1533 2492 loqui
1578 2405 1699 2471 sibi
1742 2405 1877 2470 sine
1913 2405 2151 2472 Prioris
2181 2407 2443 2474 licentia
2470 2410 2763 2498 speciali.

460 2494 580 2568 Sic
619 2499 816 2585 igitur
862 2495 1208 2581 languebat
1259 2491 1346 2558 de
1389 2504 1705 2580 quartana
1744 2515 1950 2581 usque
1978 2493 2369 2562 dominicam
2398 2497 2463 2562 in
2498 2498 2765 2576 Palmis,

455 2612 590 2676 quo
635 2587 742 2652 die
773 2584 1058 2670 sepultus
1087 2595 1206 2660 est,
1239 2601 1386 2645 vere
1415 2581 1596 2668 prius
1626 2580 1945 2667 poenitens
1990 2596 2057 2648 et
2078 2583 2432 2650 confessus.
2525 2585 2773 2650 Evenit

460 2676 560 2742 isti
583 2677 778 2763 juxta
805 2672 1078 2736 visiones
1107 2667 1190 2734 de
1221 2689 1304 2733 eo
1330 2666 1621 2744 habitas3
1666 2689 1813 2734 nam
1844 2667 2098 2734 cuidam
2129 2671 2445 2738 sacerdoti
2473 2673 2775 2738 saeculari

457 2764 752 2829 honestae
776 2758 928 2824 vitae
953 2757 1312 2832 videbatur,
1334 2776 1480 2820 cum
1505 2755 1835 2820 Johannes
1859 2768 2117 2842 pararet
2140 2779 2210 2822 se
2232 2780 2451 2825 versus
2476 2759 2771 2838 Curiam,

460 2849 638 2940 quod
684 2847 990 2912 reductus
1017 2861 1154 2911 erat
1181 2841 1511 2909 Johannes
1538 2841 1623 2908 de
1655 2842 1873 2922 Curia,
1904 2841 2093 2931 quasi-
2110 2860 2423 2926 mortum,
2456 2860 2526 2912 et
2552 2847 2777 2933 capud

461 2939 604 3025 ejus
633 2957 848 3001 rasum
879 2945 1040 3011 erat,
1073 2931 1240 2996 sicut
1283 2930 1606 2996 fatuorum
1659 2929 1871 3016 capita
1919 2931 2060 2996 radi
2104 2932 2332 3003 solent.
2428 2934 2590 3000 Post
2668 2955 2781 3000 ro-

463 3025 802 3092 fectionem
842 3024 982 3109 ejus
1028 3019 1114 3085 ad
1146 3018 1408 3084 Curiam
1459 3017 1803 3084 videbatur
1830 3016 2086 3083 cuidam
2118 3020 2437 3087 monacho
2464 3043 2550 3109 qu
2673 3043 2783 3088 re-

463 3115 683 3190 disset,
727 3122 795 3176 et
836 3109 919 3175 ad
964 3105 1242 3172 hostium
1286 3105 1574 3171 ecclesiae
1618 3117 1831 3184 staret,
1864 3105 2163 3171 letaniam
2194 3109 2508 3188 canendo,
2540 3111 2784 3176 Sancta

467 3203 720 3276 Maria,
743 3219 860 3264 ora
883 3218 1004 3279 pro
1029 3216 1142 3273 me,
1175 3206 1243 3259 et
1269 3193 1358 3258 sic
1387 3192 1471 3258 de
1501 3191 1639 3258 aliis
1666 3191 1936 3261 Sanctis.
2002 3193 2209 3270 Quasi
2236 3207 2531 3263 mortuus
2559 3197 2781 3277 rediit,

467 3289 623 3376 quia
665 3283 1102 3350 infirmitatem
1149 3280 1236 3346 de
1285 3302 1415 3366 qua
1457 3292 1749 3345 mortuus
1794 3298 1891 3345 est
1934 3303 2151 3345 secum
2182 3282 2369 3348 tulit:
2402 3285 2615 3371 capud
2639 3286 2785 3372 ejus

469 3373 821 3441 radebatur
851 3384 922 3435 ut
954 3366 1140 3445 fatui,
1171 3365 1326 3454 quia
1355 3366 1447 3430 illi
1481 3366 1868 3452 reputabant
1894 3389 2045 3434 eum
2074 3367 2418 3456 providum
2448 3386 2519 3438 et
2538 3373 2786 3440 discre-

473 3477 636 3537 tum,
667 3472 822 3524 tunc
852 3477 1002 3522 eum
1024 3467 1609 3541 praesumptuosum
1634 3466 1700 3519 et
1728 3454 1973 3520 fatuum
1992 3457 2382 3542 reputabant
2405 3481 2425 3535 3
2470 3459 2789 3525 letaniam

473 3546 798 3623 cantabat,
851 3542 1006 3631 quia
1057 3540 1446 3626 Episcopum
1495 3555 1563 3606 et
1613 3539 1775 3607 alios
1820 3563 1939 3643 pro
1989 3565 2059 3608 se
2105 3565 2295 3610 orare
2354 3547 2791 3632 supplicabat.

481 3636 619 3700 Ista
645 3630 892 3717 scripsi,
923 3651 1054 3694 non
1085 3640 1156 3693 ut
1188 3628 1494 3693 memoria
1524 3632 1661 3717 ejus
1704 3627 1787 3694 sit
1825 3651 1891 3692 m
1934 3631 2289 3716 obprobrio
2332 3633 2437 3698 vel
2482 3633 2795 3699 maledie-

475 3723 679 3800 tione,
709 3739 900 3808 quem
931 3719 1086 3794 sciO,
1115 3728 1430 3803 quantum
1462 3717 1660 3781 homo
1688 3729 1909 3803 potest
1935 3717 2118 3797 scire,
2143 3731 2362 3786 sancte
2390 3733 2459 3786 et
2486 3721 2795 3806 religiose

479 3811 712 3886 obisse,
743 3805 860 3872 sed
913 3804 997 3870 ad
1042 3802 1357 3868 cautelam
1387 3817 1456 3868 et
1487 3801 2013 3870 informacionem
2043 3819 2491 3891 posterorum3
2530 3809 2585 3874 si
2614 3809 2798 3874 enim

485 3897 673 3964 Prior
695 3892 1058 3960 inconsulte
1081 3891 1272 3956 talem
1292 3889 1613 3957 licentiam
1637 3913 1765 3956 non
1788 3892 2091 3971 ded-isset,
2116 3895 2489 3962 insolencias
2514 3908 2583 3962 et
2600 3916 2799 3962 ausus

481 3987 622 4072 ejus
653 3982 1020 4050 temerarios
1051 3979 1472 4057 refraenasset,
1505 3980 1596 4044 ita
1624 3979 1799 4066 qnod
1829 3980 2195 4046 absolutum
2217 3982 2301 4048 ab
2324 3983 2559 4062 officio,
2584 3983 2802 4050 famu-

483 4075 584 4138 los
612 4085 680 4138 et
706 4091 908 4158 equos
937 4066 1231 4144 retinere,
1257 4067 1447 4132 robas
1475 4066 1795 4148 conferre,
1822 4079 1891 4134 et
1914 4067 2024 4132 ubi
2048 4069 2243 4135 vellet
2270 4069 2633 4136 discurrere
2660 4093 2805 4136 non

487 4160 762 4235 sivisset,
792 4157 884 4222 sic
914 4155 999 4221 ad
1031 4157 1298 4221 Curiam
1329 4175 1459 4219 non
1491 4153 1844 4220 transisset.
1920 4155 2193 4222 Discunt
2220 4157 2415 4223 etiam
2438 4159 2566 4237 alii,
2592 4181 2805 4248 quan-

495 4261 889 4331 tumcunque
940 4241 1170 4327 graciis
1221 4242 1422 4328 gratis
1473 4241 1645 4307 datis
1698 4242 1925 4321 dotati,
1976 4265 2105 4308 non
2158 4259 2424 4331 prepter
2462 4245 2589 4313 hoc
2633 4267 2808 4333 proe-

493 4355 771 4410 sumere,
830 4329 946 4395 sed
1007 4329 1206 4415 magis
1267 4329 1511 4394 timere.
1653 4327 1792 4393 Nisi
1849 4329 2019 4394 enim
2090 4329 2211 4396 istc
2266 4333 2807 4421 praesumpsisset,

483 4421 853 4487 aii-illatenus
901 4417 988 4482 sic
1035 4431 1324 4483 errasset.
1422 4415 1693 4482 Discant
1738 4417 1932 4484 etiam
1961 4418 2069 4484 alii
2115 4441 2245 4486 non
2276 4423 2615 4490 attendere
2645 4421 2813 4512 quid
