<?xml version="1.0" encoding="UTF-8"?>
<!DOCTYPE html PUBLIC "-//W3C//DTD XHTML 1.0 Transitional//EN"
    "http://www.w3.org/TR/xhtml1/DTD/xhtml1-transitional.dtd">
<html xmlns="http://www.w3.org/1999/xhtml" xml:lang="en" lang="en">
 <head>
  <title>
</title>
<meta http-equiv="Content-Type" content="text/html;charset=utf-8" />
  <meta name='ocr-system' content='tesseract 3.04.00' />
  <meta name='ocr-capabilities' content='ocr_page ocr_carea ocr_par ocr_line ocrx_word'/>
</head>
<body>
  <div class='ocr_page' id='page_1' title='image "./historiaedunelm00raingoog_0364.png"; bbox 0 0 3000 5117; ppageno 0'>
   <div class='ocr_carea' id='block_1_1' title="bbox 489 385 2309 464">
    <p class='ocr_par' dir='ltr' id='par_1_1' title="bbox 489 385 2309 464">
     <span class='ocr_line' id='line_1_1' title="bbox 489 385 2309 464; baseline 0.001 -2"><span class='ocrx_word' id='word_1_1' title='bbox 489 385 697 462; x_wconf 81' lang='lat' dir='ltr'><strong>cxxiv</strong></span> <span class='ocrx_word' id='word_1_2' title='bbox 967 405 1170 460; x_wconf 72' lang='lat' dir='ltr'><strong>ms‘r.</strong></span> <span class='ocrx_word' id='word_1_3' title='bbox 1207 403 1561 462; x_wconf 66' lang='lat' dir='ltr'><strong>nunant.</strong></span> <span class='ocrx_word' id='word_1_4' title='bbox 1605 407 2060 462; x_wconf 71' lang='lat' dir='ltr'><strong>scama-cans</strong></span> <span class='ocrx_word' id='word_1_5' title='bbox 2088 409 2309 464; x_wconf 71' lang='lat' dir='ltr'><strong>raas,-</strong></span> 
     </span>
    </p>
   </div>
   <div class='ocr_carea' id='block_1_2' title="bbox 473 567 2871 4485">
    <p class='ocr_par' dir='ltr' id='par_1_2' title="bbox 476 567 2797 3610">
     <span class='ocr_line' id='line_1_2' title="bbox 491 567 2797 662; baseline 0.001 -24"><span class='ocrx_word' id='word_1_6' title='bbox 491 570 737 638; x_wconf 82' lang='lat' dir='ltr'><strong>rabiem</strong></span> <span class='ocrx_word' id='word_1_7' title='bbox 784 567 1222 655; x_wconf 85' lang='lat' dir='ltr'><strong>repellendam</strong></span> <span class='ocrx_word' id='word_1_8' title='bbox 1272 589 1419 634; x_wconf 89' lang='lat' dir='ltr'><strong>cum</strong></span> <span class='ocrx_word' id='word_1_9' title='bbox 1460 593 1579 636; x_wconf 88' lang='lat' dir='ltr'><strong>suo</strong></span> <span class='ocrx_word' id='word_1_10' title='bbox 1609 571 1897 637; x_wconf 85' lang='lat' dir='ltr'><strong>exercitu</strong></span> <span class='ocrx_word' id='word_1_11' title='bbox 1928 573 2013 636; x_wconf 87' lang='lat' dir='ltr'><strong>ad</strong></span> <span class='ocrx_word' id='word_1_12' title='bbox 2040 592 2258 659; x_wconf 88' lang='lat' dir='ltr'><strong>partes</strong></span> <span class='ocrx_word' id='word_1_13' title='bbox 2294 571 2541 640; x_wconf 83' lang='lat' dir='ltr'><strong>Scociae</strong></span> <span class='ocrx_word' id='word_1_14' title='bbox 2570 574 2797 662; x_wconf 76' lang='lat' dir='ltr'><strong>dirigit</strong></span> 
     </span>
     <span class='ocr_line' id='line_1_3' title="bbox 491 656 2795 748; baseline 0.003 -27"><span class='ocrx_word' id='word_1_15' title='bbox 491 677 744 744; x_wconf 76' lang='lat' dir='ltr'>gressus</span> <span class='ocrx_word' id='word_1_16' title='bbox 803 680 973 735; x_wconf 88' lang='lat' dir='ltr'><strong>suos,</strong></span> <span class='ocrx_word' id='word_1_17' title='bbox 1005 679 1088 722; x_wconf 89' lang='lat' dir='ltr'><strong>eo</strong></span> <span class='ocrx_word' id='word_1_18' title='bbox 1145 656 1553 744; x_wconf 90' lang='lat' dir='ltr'><strong>pronioribus</strong></span> <span class='ocrx_word' id='word_1_19' title='bbox 1612 659 1947 724; x_wconf 85' lang='lat' dir='ltr'><strong>affectibus</strong></span> <span class='ocrx_word' id='word_1_20' title='bbox 2006 681 2193 725; x_wconf 90' lang='lat' dir='ltr'><strong>orare</strong></span> <span class='ocrx_word' id='word_1_21' title='bbox 2252 663 2614 727; x_wconf 85' lang='lat' dir='ltr'><strong>censuimus</strong></span> <span class='ocrx_word' id='word_1_22' title='bbox 2668 685 2795 748; x_wconf 87' lang='lat' dir='ltr'><strong>pro</strong></span> 
     </span>
     <span class='ocr_line' id='line_1_4' title="bbox 489 743 2795 845; baseline 0.002 -35"><span class='ocrx_word' id='word_1_23' title='bbox 489 745 723 810; x_wconf 83' lang='lat' dir='ltr'><strong>eodem</strong></span> <span class='ocrx_word' id='word_1_24' title='bbox 768 767 900 831; x_wconf 89' lang='lat' dir='ltr'><strong>quo</strong></span> <span class='ocrx_word' id='word_1_25' title='bbox 943 743 1110 808; x_wconf 88' lang='lat' dir='ltr'><strong>tanti</strong></span> <span class='ocrx_word' id='word_1_26' title='bbox 1152 744 1454 831; x_wconf 88' lang='lat' dir='ltr'><strong>principis</strong></span> <span class='ocrx_word' id='word_1_27' title='bbox 1484 747 1767 810; x_wconf 90' lang='lat' dir='ltr'><strong>animum</strong></span> <span class='ocrx_word' id='word_1_28' title='bbox 1796 745 1957 845; x_wconf 83' lang='lat' dir='ltr'><strong>erigi</strong></span> <span class='ocrx_word' id='word_1_29' title='bbox 1987 747 2308 812; x_wconf 89' lang='lat' dir='ltr'><strong>cernimus</strong></span> <span class='ocrx_word' id='word_1_30' title='bbox 2336 748 2422 813; x_wconf 91' lang='lat' dir='ltr'><strong>ad</strong></span> <span class='ocrx_word' id='word_1_31' title='bbox 2452 771 2795 816; x_wconf 89' lang='lat' dir='ltr'><strong>occurren-</strong></span> 
     </span>
     <span class='ocr_line' id='line_1_5' title="bbox 491 830 2795 923; baseline 0.002 -27"><span class='ocrx_word' id='word_1_32' title='bbox 491 833 650 896; x_wconf 90' lang='lat' dir='ltr'><strong>dum</strong></span> <span class='ocrx_word' id='word_1_33' title='bbox 701 843 832 895; x_wconf 87' lang='lat' dir='ltr'><strong>tam</strong></span> <span class='ocrx_word' id='word_1_34' title='bbox 884 844 1145 896; x_wconf 85' lang='lat' dir='ltr'><strong>strenue</strong></span> <span class='ocrx_word' id='word_1_35' title='bbox 1193 830 1685 896; x_wconf 79' lang='lat' dir='ltr'>adversitatibus</span> <span class='ocrx_word' id='word_1_36' title='bbox 1736 832 2162 898; x_wconf 75' lang='lat' dir='ltr'><strong>subditorum.</strong></span> <span class='ocrx_word' id='word_1_37' title='bbox 2255 835 2425 900; x_wconf 89' lang='lat' dir='ltr'><strong>Cum</strong></span> <span class='ocrx_word' id='word_1_38' title='bbox 2463 833 2661 923; x_wconf 86' lang='lat' dir='ltr'><strong>igitur</strong></span> <span class='ocrx_word' id='word_1_39' title='bbox 2688 859 2795 900; x_wconf 88' lang='lat' dir='ltr'><strong>sa-</strong></span> 
     </span>
     <span class='ocr_line' id='line_1_6' title="bbox 490 917 2789 1010; baseline 0.001 -26"><span class='ocrx_word' id='word_1_40' title='bbox 490 937 745 984; x_wconf 84' lang='lat' dir='ltr'><strong>crarum</strong></span> <span class='ocrx_word' id='word_1_41' title='bbox 774 917 1148 983; x_wconf 88' lang='lat' dir='ltr'><strong>oracionum</strong></span> <span class='ocrx_word' id='word_1_42' title='bbox 1176 917 1478 1002; x_wconf 84' lang='lat' dir='ltr'><strong>suffragia</strong></span> <span class='ocrx_word' id='word_1_43' title='bbox 1496 919 1755 1005; x_wconf 90' lang='lat' dir='ltr'><strong>culpam</strong></span> <span class='ocrx_word' id='word_1_44' title='bbox 1779 934 2153 998; x_wconf 84' lang='lat' dir='ltr'><strong>extenuent,</strong></span> <span class='ocrx_word' id='word_1_45' title='bbox 2177 921 2458 1010; x_wconf 81' lang='lat' dir='ltr'><strong>graciam</strong></span> <span class='ocrx_word' id='word_1_46' title='bbox 2483 938 2789 1007; x_wconf 84' lang='lat' dir='ltr'><strong>augeant,</strong></span> 
     </span>
     <span class='ocr_line' id='line_1_7' title="bbox 489 1003 2785 1095; baseline 0.001 -25"><span class='ocrx_word' id='word_1_47' title='bbox 489 1018 560 1070; x_wconf 90' lang='lat' dir='ltr'><strong>et</strong></span> <span class='ocrx_word' id='word_1_48' title='bbox 609 1004 771 1070; x_wconf 88' lang='lat' dir='ltr'><strong>iram</strong></span> <span class='ocrx_word' id='word_1_49' title='bbox 821 1005 1138 1089; x_wconf 69' lang='lat' dir='ltr'><strong>mitigent</strong></span> <span class='ocrx_word' id='word_1_50' title='bbox 1169 1003 1516 1084; x_wconf 76' lang='lat' dir='ltr'><strong>CreatoriS,</strong></span> <span class='ocrx_word' id='word_1_51' title='bbox 1563 1005 1899 1071; x_wconf 85' lang='lat' dir='ltr'><strong>devocioni</strong></span> <span class='ocrx_word' id='word_1_52' title='bbox 1946 1021 2177 1071; x_wconf 87' lang='lat' dir='ltr'><strong>vestrae</strong></span> <span class='ocrx_word' id='word_1_53' title='bbox 2220 1009 2631 1095; x_wconf 84' lang='lat' dir='ltr'><strong>injungimus,</strong></span> <span class='ocrx_word' id='word_1_54' title='bbox 2666 1032 2785 1074; x_wconf 86' lang='lat' dir='ltr'><strong>vos</strong></span> 
     </span>
     <span class='ocr_line' id='line_1_8' title="bbox 494 1091 2795 1183; baseline 0.002 -27"><span class='ocrx_word' id='word_1_55' title='bbox 494 1091 807 1158; x_wconf 87' lang='lat' dir='ltr'><strong>attencius</strong></span> <span class='ocrx_word' id='word_1_56' title='bbox 859 1104 1252 1169; x_wconf 81' lang='lat' dir='ltr'><strong>exortantes,</strong></span> <span class='ocrx_word' id='word_1_57' title='bbox 1333 1091 1588 1157; x_wconf 88' lang='lat' dir='ltr'><strong>uatinus</strong></span> <span class='ocrx_word' id='word_1_58' title='bbox 1636 1091 1979 1158; x_wconf 89' lang='lat' dir='ltr'><strong>efficaciter</strong></span> <span class='ocrx_word' id='word_1_59' title='bbox 2025 1094 2325 1160; x_wconf 87' lang='lat' dir='ltr'><strong>ordinare</strong></span> <span class='ocrx_word' id='word_1_60' title='bbox 2360 1095 2567 1160; x_wconf 89' lang='lat' dir='ltr'><strong>velitis</strong></span> <span class='ocrx_word' id='word_1_61' title='bbox 2610 1095 2795 1183; x_wconf 92' lang='lat' dir='ltr'><strong>quod</strong></span> 
     </span>
     <span class='ocr_line' id='line_1_9' title="bbox 493 1114 2795 1270; baseline 0.003 -28"><span class='ocrx_word' id='word_1_62' title='bbox 493 1201 616 1266; x_wconf 89' lang='lat' dir='ltr'><strong>per</strong></span> <span class='ocrx_word' id='word_1_63' title='bbox 663 1193 940 1244; x_wconf 88' lang='lat' dir='ltr'><strong>vestram</strong></span> <span class='ocrx_word' id='word_1_64' title='bbox 999 1114 1457 1256; x_wconf 62' lang='lat' dir='ltr'><strong>cathedralem,</strong></span> <span class='ocrx_word' id='word_1_65' title='bbox 1512 1193 1582 1244; x_wconf 92' lang='lat' dir='ltr'><strong>et</strong></span> <span class='ocrx_word' id='word_1_66' title='bbox 1628 1179 1910 1270; x_wconf 86' lang='lat' dir='ltr'><strong>singulas</strong></span> <span class='ocrx_word' id='word_1_67' title='bbox 1962 1180 2263 1246; x_wconf 87' lang='lat' dir='ltr'><strong>ecclesias</strong></span> <span class='ocrx_word' id='word_1_68' title='bbox 2310 1181 2683 1267; x_wconf 88' lang='lat' dir='ltr'><strong>collegiatas</strong></span> <span class='ocrx_word' id='word_1_69' title='bbox 2724 1197 2795 1248; x_wconf 87' lang='lat' dir='ltr'><strong>et</strong></span> 
     </span>
     <span class='ocr_line' id='line_1_10' title="bbox 491 1266 2790 1352; baseline 0.002 -22"><span class='ocrx_word' id='word_1_70' title='bbox 491 1266 669 1344; x_wconf 86' lang='lat' dir='ltr'><strong>alias,</strong></span> <span class='ocrx_word' id='word_1_71' title='bbox 702 1277 1036 1351; x_wconf 85' lang='lat' dir='ltr'><strong>exemptas</strong></span> <span class='ocrx_word' id='word_1_72' title='bbox 1087 1278 1156 1329; x_wconf 90' lang='lat' dir='ltr'><strong>et</strong></span> <span class='ocrx_word' id='word_1_73' title='bbox 1205 1288 1336 1330; x_wconf 90' lang='lat' dir='ltr'><strong>non</strong></span> <span class='ocrx_word' id='word_1_74' title='bbox 1380 1281 1736 1352; x_wconf 86' lang='lat' dir='ltr'><strong>exemptas,</strong></span> <span class='ocrx_word' id='word_1_75' title='bbox 1768 1279 2001 1332; x_wconf 83' lang='lat' dir='ltr'><strong>vestrae</strong></span> <span class='ocrx_word' id='word_1_76' title='bbox 2031 1266 2302 1332; x_wconf 82' lang='lat' dir='ltr'><strong>civitatis</strong></span> <span class='ocrx_word' id='word_1_77' title='bbox 2333 1281 2401 1334; x_wconf 92' lang='lat' dir='ltr'><strong>et</strong></span> <span class='ocrx_word' id='word_1_78' title='bbox 2429 1269 2790 1349; x_wconf 86' lang='lat' dir='ltr'><strong>dioceseos,</strong></span> 
     </span>
     <span class='ocr_line' id='line_1_11' title="bbox 493 1351 2795 1441; baseline 0.002 -23"><span class='ocrx_word' id='word_1_79' title='bbox 493 1353 759 1437; x_wconf 87' lang='lat' dir='ltr'><strong>singulis</strong></span> <span class='ocrx_word' id='word_1_80' title='bbox 790 1351 988 1418; x_wconf 81' lang='lat' dir='ltr'><strong>sextis</strong></span> <span class='ocrx_word' id='word_1_81' title='bbox 1017 1351 1188 1416; x_wconf 85' lang='lat' dir='ltr'><strong>feriis</strong></span> <span class='ocrx_word' id='word_1_82' title='bbox 1217 1370 1337 1438; x_wconf 89' lang='lat' dir='ltr'><strong>pro</strong></span> <span class='ocrx_word' id='word_1_83' title='bbox 1365 1353 1598 1419; x_wconf 86' lang='lat' dir='ltr'><strong>eadem</strong></span> <span class='ocrx_word' id='word_1_84' title='bbox 1629 1353 1894 1419; x_wconf 90' lang='lat' dir='ltr'><strong>domino</strong></span> <span class='ocrx_word' id='word_1_85' title='bbox 1924 1366 2146 1418; x_wconf 89' lang='lat' dir='ltr'><strong>nostro</strong></span> <span class='ocrx_word' id='word_1_86' title='bbox 2182 1353 2389 1440; x_wconf 88' lang='lat' dir='ltr'><strong>Rege,</strong></span> <span class='ocrx_word' id='word_1_87' title='bbox 2422 1368 2489 1420; x_wconf 91' lang='lat' dir='ltr'><strong>et</strong></span> <span class='ocrx_word' id='word_1_88' title='bbox 2519 1379 2679 1441; x_wconf 89' lang='lat' dir='ltr'><strong>pace</strong></span> <span class='ocrx_word' id='word_1_89' title='bbox 2713 1380 2795 1422; x_wconf 88' lang='lat' dir='ltr'><strong>ae</strong></span> 
     </span>
     <span class='ocr_line' id='line_1_12' title="bbox 487 1437 2795 1526; baseline 0.002 -22"><span class='ocrx_word' id='word_1_90' title='bbox 487 1452 634 1504; x_wconf 91' lang='lat' dir='ltr'><strong>tran</strong></span> <span class='ocrx_word' id='word_1_91' title='bbox 683 1439 953 1514; x_wconf 84' lang='lat' dir='ltr'><strong>uillitate</strong></span> <span class='ocrx_word' id='word_1_92' title='bbox 983 1437 1079 1502; x_wconf 89' lang='lat' dir='ltr'><strong>sui</strong></span> <span class='ocrx_word' id='word_1_93' title='bbox 1110 1438 1312 1526; x_wconf 88' lang='lat' dir='ltr'><strong>regni,</strong></span> <span class='ocrx_word' id='word_1_94' title='bbox 1345 1440 1599 1505; x_wconf 80' lang='lat' dir='ltr'><strong>devotae</strong></span> <span class='ocrx_word' id='word_1_95' title='bbox 1628 1439 2064 1526; x_wconf 83' lang='lat' dir='ltr'><strong>processiones</strong></span> <span class='ocrx_word' id='word_1_96' title='bbox 2094 1441 2275 1520; x_wconf 90' lang='lat' dir='ltr'><strong>fiant,</strong></span> <span class='ocrx_word' id='word_1_97' title='bbox 2308 1463 2454 1507; x_wconf 89' lang='lat' dir='ltr'><strong>cum</strong></span> <span class='ocrx_word' id='word_1_98' title='bbox 2486 1443 2795 1509; x_wconf 88' lang='lat' dir='ltr'><strong>decanta-</strong></span> 
     </span>
     <span class='ocr_line' id='line_1_13' title="bbox 489 1526 2797 1616; baseline 0.002 -26"><span class='ocrx_word' id='word_1_99' title='bbox 489 1527 660 1590; x_wconf 90' lang='lat' dir='ltr'><strong>cioni</strong></span> <span class='ocrx_word' id='word_1_100' title='bbox 712 1549 782 1589; x_wconf 87' lang='lat' dir='ltr'><strong>us</strong></span> <span class='ocrx_word' id='word_1_101' title='bbox 828 1538 1076 1611; x_wconf 79' lang='lat' dir='ltr'><strong>septem</strong></span> <span class='ocrx_word' id='word_1_102' title='bbox 1108 1526 1496 1610; x_wconf 89' lang='lat' dir='ltr'><strong>psalmorum</strong></span> <span class='ocrx_word' id='word_1_103' title='bbox 1530 1527 2074 1612; x_wconf 90' lang='lat' dir='ltr'><strong>penitencialium,</strong></span> <span class='ocrx_word' id='word_1_104' title='bbox 2108 1544 2173 1592; x_wconf 90' lang='lat' dir='ltr'><strong>et</strong></span> <span class='ocrx_word' id='word_1_105' title='bbox 2202 1528 2480 1608; x_wconf 86' lang='lat' dir='ltr'><strong>letaniae,</strong></span> <span class='ocrx_word' id='word_1_106' title='bbox 2514 1545 2581 1595; x_wconf 92' lang='lat' dir='ltr'><strong>et</strong></span> <span class='ocrx_word' id='word_1_107' title='bbox 2610 1532 2797 1616; x_wconf 91' lang='lat' dir='ltr'><strong>quod</strong></span> 
     </span>
     <span class='ocr_line' id='line_1_14' title="bbox 489 1612 2793 1701; baseline 0.002 -25"><span class='ocrx_word' id='word_1_108' title='bbox 489 1612 744 1697; x_wconf 85' lang='lat' dir='ltr'><strong>singula</strong></span> <span class='ocrx_word' id='word_1_109' title='bbox 772 1612 1046 1700; x_wconf 84' lang='lat' dir='ltr'><strong>collegia</strong></span> <span class='ocrx_word' id='word_1_110' title='bbox 1073 1612 1254 1678; x_wconf 89' lang='lat' dir='ltr'><strong>vobis</strong></span> <span class='ocrx_word' id='word_1_111' title='bbox 1285 1615 1569 1700; x_wconf 89' lang='lat' dir='ltr'><strong>subjecta</strong></span> <span class='ocrx_word' id='word_1_112' title='bbox 1598 1627 1731 1679; x_wconf 89' lang='lat' dir='ltr'><strong>tam</strong></span> <span class='ocrx_word' id='word_1_113' title='bbox 1760 1614 2149 1679; x_wconf 86' lang='lat' dir='ltr'><strong>celebrando</strong></span> <span class='ocrx_word' id='word_1_114' title='bbox 2201 1615 2421 1680; x_wconf 88' lang='lat' dir='ltr'><strong>missas</strong></span> <span class='ocrx_word' id='word_1_115' title='bbox 2452 1616 2793 1701; x_wconf 81' lang='lat' dir='ltr'><strong>specialeS,</strong></span> 
     </span>
     <span class='ocr_line' id='line_1_15' title="bbox 489 1699 2796 1787; baseline 0.003 -25"><span class='ocrx_word' id='word_1_116' title='bbox 489 1721 684 1787; x_wconf 90' lang='lat' dir='ltr'><strong>quam</strong></span> <span class='ocrx_word' id='word_1_117' title='bbox 716 1699 1060 1783; x_wconf 68' lang='lat' dir='ltr'><strong>,psallendo</strong></span> <span class='ocrx_word' id='word_1_118' title='bbox 1089 1699 1413 1785; x_wconf 87' lang='lat' dir='ltr'><strong>psalteria,</strong></span> <span class='ocrx_word' id='word_1_119' title='bbox 1455 1699 1667 1778; x_wconf 92' lang='lat' dir='ltr'><strong>Illum,</strong></span> <span class='ocrx_word' id='word_1_120' title='bbox 1700 1701 1809 1787; x_wconf 89' lang='lat' dir='ltr'><strong>qui</strong></span> <span class='ocrx_word' id='word_1_121' title='bbox 1861 1723 1981 1786; x_wconf 92' lang='lat' dir='ltr'><strong>pro</strong></span> <span class='ocrx_word' id='word_1_122' title='bbox 2032 1699 2488 1787; x_wconf 83' lang='lat' dir='ltr'><strong>redempcione</strong></span> <span class='ocrx_word' id='word_1_123' title='bbox 2517 1702 2796 1768; x_wconf 89' lang='lat' dir='ltr'><strong>humani</strong></span> 
     </span>
     <span class='ocr_line' id='line_1_16' title="bbox 487 1785 2791 1874; baseline 0.001 -23"><span class='ocrx_word' id='word_1_124' title='bbox 487 1785 742 1871; x_wconf 87' lang='lat' dir='ltr'><strong>generis</strong></span> <span class='ocrx_word' id='word_1_125' title='bbox 795 1788 1002 1851; x_wconf 88' lang='lat' dir='ltr'><strong>vivam</strong></span> <span class='ocrx_word' id='word_1_126' title='bbox 1049 1785 1326 1850; x_wconf 88' lang='lat' dir='ltr'><strong>hostiam</strong></span> <span class='ocrx_word' id='word_1_127' title='bbox 1357 1787 1421 1850; x_wconf 88' lang='lat' dir='ltr'><strong>in</strong></span> <span class='ocrx_word' id='word_1_128' title='bbox 1469 1787 1656 1851; x_wconf 87' lang='lat' dir='ltr'><strong>altari</strong></span> <span class='ocrx_word' id='word_1_129' title='bbox 1684 1810 1753 1852; x_wconf 90' lang='lat' dir='ltr'><strong>se</strong></span> <span class='ocrx_word' id='word_1_130' title='bbox 1784 1789 2041 1873; x_wconf 87' lang='lat' dir='ltr'><strong>optulit,</strong></span> <span class='ocrx_word' id='word_1_131' title='bbox 2072 1786 2296 1852; x_wconf 87' lang='lat' dir='ltr'><strong>intime</strong></span> <span class='ocrx_word' id='word_1_132' title='bbox 2326 1789 2791 1874; x_wconf 86' lang='lat' dir='ltr'><strong>deprecentur,</strong></span> 
     </span>
     <span class='ocr_line' id='line_1_17' title="bbox 489 1873 2796 1962; baseline 0.002 -25"><span class='ocrx_word' id='word_1_133' title='bbox 489 1886 565 1937; x_wconf 93' lang='lat' dir='ltr'><strong>ut</strong></span> <span class='ocrx_word' id='word_1_134' title='bbox 596 1895 714 1958; x_wconf 90' lang='lat' dir='ltr'><strong>pro</strong></span> <span class='ocrx_word' id='word_1_135' title='bbox 743 1895 858 1938; x_wconf 86' lang='lat' dir='ltr'><strong>sua</strong></span> <span class='ocrx_word' id='word_1_136' title='bbox 887 1873 1342 1950; x_wconf 78' lang='lat' dir='ltr'><strong>misericordia,</strong></span> <span class='ocrx_word' id='word_1_137' title='bbox 1376 1896 1525 1959; x_wconf 83' lang='lat' dir='ltr'><strong>quoe</strong></span> <span class='ocrx_word' id='word_1_138' title='bbox 1548 1896 1806 1938; x_wconf 89' lang='lat' dir='ltr'><strong>omnem</strong></span> <span class='ocrx_word' id='word_1_139' title='bbox 1832 1874 2148 1939; x_wconf 88' lang='lat' dir='ltr'><strong>miseriam</strong></span> <span class='ocrx_word' id='word_1_140' title='bbox 2178 1891 2527 1961; x_wconf 83' lang='lat' dir='ltr'><strong>exsuperat</strong></span> <span class='ocrx_word' id='word_1_141' title='bbox 2558 1898 2796 1962; x_wconf 87' lang='lat' dir='ltr'><strong>pecca-</strong></span> 
     </span>
     <span class='ocr_line' id='line_1_18' title="bbox 489 1959 2794 2059; baseline 0.001 -34"><span class='ocrx_word' id='word_1_142' title='bbox 489 1973 728 2038; x_wconf 90' lang='lat' dir='ltr'><strong>torum,</strong></span> <span class='ocrx_word' id='word_1_143' title='bbox 760 1981 1014 2059; x_wconf 81' lang='lat' dir='ltr'><strong>gressus</strong></span> <span class='ocrx_word' id='word_1_144' title='bbox 1049 1960 1206 2023; x_wconf 90' lang='lat' dir='ltr'><strong>dicti</strong></span> <span class='ocrx_word' id='word_1_145' title='bbox 1236 1960 1480 2024; x_wconf 87' lang='lat' dir='ltr'><strong>domini</strong></span> <span class='ocrx_word' id='word_1_146' title='bbox 1505 1959 1705 2024; x_wconf 87' lang='lat' dir='ltr'><strong>nostri</strong></span> <span class='ocrx_word' id='word_1_147' title='bbox 1740 1961 1939 2046; x_wconf 85' lang='lat' dir='ltr'><strong>Regis</strong></span> <span class='ocrx_word' id='word_1_148' title='bbox 1970 1974 2037 2025; x_wconf 91' lang='lat' dir='ltr'><strong>et</strong></span> <span class='ocrx_word' id='word_1_149' title='bbox 2068 1974 2250 2026; x_wconf 89' lang='lat' dir='ltr'><strong>actus</strong></span> <span class='ocrx_word' id='word_1_150' title='bbox 2280 1962 2517 2047; x_wconf 89' lang='lat' dir='ltr'><strong>dirigat</strong></span> <span class='ocrx_word' id='word_1_151' title='bbox 2547 1985 2623 2028; x_wconf 85' lang='lat' dir='ltr'><strong>ac</strong></span> <span class='ocrx_word' id='word_1_152' title='bbox 2654 1964 2794 2028; x_wconf 90' lang='lat' dir='ltr'><strong>dis-</strong></span> 
     </span>
     <span class='ocr_line' id='line_1_19' title="bbox 486 2047 2797 2134; baseline 0.003 -23"><span class='ocrx_word' id='word_1_153' title='bbox 486 2059 690 2132; x_wconf 88' lang='lat' dir='ltr'><strong>ponat</strong></span> <span class='ocrx_word' id='word_1_154' title='bbox 714 2070 733 2124; x_wconf 69' lang='grc' dir='ltr'><strong>ς</strong></span> <span class='ocrx_word' id='word_1_155' title='bbox 766 2067 1102 2132; x_wconf 77' lang='lat' dir='ltr'><strong>ipsumque</strong></span> <span class='ocrx_word' id='word_1_156' title='bbox 1137 2047 1388 2134; x_wconf 84' lang='lat' dir='ltr'><strong>Regem</strong></span> <span class='ocrx_word' id='word_1_157' title='bbox 1417 2068 1565 2111; x_wconf 88' lang='lat' dir='ltr'><strong>cum</strong></span> <span class='ocrx_word' id='word_1_158' title='bbox 1598 2060 1718 2111; x_wconf 85' lang='lat' dir='ltr'><strong>suo</strong></span> <span class='ocrx_word' id='word_1_159' title='bbox 1747 2060 1887 2112; x_wconf 91' lang='lat' dir='ltr'><strong>toto</strong></span> <span class='ocrx_word' id='word_1_160' title='bbox 1916 2048 2199 2117; x_wconf 84' lang='lat' dir='ltr'><strong>exercitu</strong></span> <span class='ocrx_word' id='word_1_161' title='bbox 2225 2049 2307 2113; x_wconf 89' lang='lat' dir='ltr'><strong>ab</strong></span> <span class='ocrx_word' id='word_1_162' title='bbox 2327 2049 2611 2114; x_wconf 83' lang='lat' dir='ltr'><strong>adversis</strong></span> <span class='ocrx_word' id='word_1_163' title='bbox 2634 2068 2797 2134; x_wconf 88' lang='lat' dir='ltr'><strong>pro-</strong></span> 
     </span>
     <span class='ocr_line' id='line_1_20' title="bbox 487 2133 2793 2224; baseline 0.003 -26"><span class='ocrx_word' id='word_1_164' title='bbox 487 2149 670 2218; x_wconf 86' lang='lat' dir='ltr'><strong>tegat</strong></span> <span class='ocrx_word' id='word_1_165' title='bbox 712 2146 779 2198; x_wconf 91' lang='lat' dir='ltr'><strong>et</strong></span> <span class='ocrx_word' id='word_1_166' title='bbox 823 2133 1150 2212; x_wconf 83' lang='lat' dir='ltr'><strong>defendat,</strong></span> <span class='ocrx_word' id='word_1_167' title='bbox 1197 2155 1450 2197; x_wconf 89' lang='lat' dir='ltr'><strong>necnon</strong></span> <span class='ocrx_word' id='word_1_168' title='bbox 1481 2133 1657 2219; x_wconf 82' lang='lat' dir='ltr'><strong>pacis</strong></span> <span class='ocrx_word' id='word_1_169' title='bbox 1685 2148 1927 2218; x_wconf 84' lang='lat' dir='ltr'><strong>optatae</strong></span> <span class='ocrx_word' id='word_1_170' title='bbox 1956 2135 2503 2221; x_wconf 81' lang='lat' dir='ltr'><strong>tranquillitatem,</strong></span> <span class='ocrx_word' id='word_1_171' title='bbox 2536 2136 2793 2224; x_wconf 89' lang='lat' dir='ltr'><strong>sibique</strong></span> 
     </span>
     <span class='ocr_line' id='line_1_21' title="bbox 485 2219 2789 2308; baseline 0.002 -23"><span class='ocrx_word' id='word_1_172' title='bbox 485 2221 571 2286; x_wconf 89' lang='lat' dir='ltr'><strong>de</strong></span> <span class='ocrx_word' id='word_1_173' title='bbox 623 2219 890 2284; x_wconf 89' lang='lat' dir='ltr'><strong>inimicis</strong></span> <span class='ocrx_word' id='word_1_174' title='bbox 935 2219 1062 2284; x_wconf 88' lang='lat' dir='ltr'><strong>suis</strong></span> <span class='ocrx_word' id='word_1_175' title='bbox 1110 2219 1504 2304; x_wconf 84' lang='lat' dir='ltr'><strong>triumphum</strong></span> <span class='ocrx_word' id='word_1_176' title='bbox 1532 2220 1869 2298; x_wconf 87' lang='lat' dir='ltr'><strong>concedat,</strong></span> <span class='ocrx_word' id='word_1_177' title='bbox 1902 2234 1967 2286; x_wconf 90' lang='lat' dir='ltr'><strong>et</strong></span> <span class='ocrx_word' id='word_1_178' title='bbox 2020 2241 2325 2308; x_wconf 89' lang='lat' dir='ltr'><strong>prospero</strong></span> <span class='ocrx_word' id='word_1_179' title='bbox 2356 2245 2641 2308; x_wconf 88' lang='lat' dir='ltr'><strong>regressu</strong></span> <span class='ocrx_word' id='word_1_180' title='bbox 2676 2247 2789 2290; x_wconf 89' lang='lat' dir='ltr'><strong>re-</strong></span> 
     </span>
     <span class='ocr_line' id='line_1_22' title="bbox 484 2305 2793 2392; baseline 0.001 -19"><span class='ocrx_word' id='word_1_181' title='bbox 484 2309 701 2385; x_wconf 88' lang='lat' dir='ltr'><strong>ducat,</strong></span> <span class='ocrx_word' id='word_1_182' title='bbox 734 2309 819 2372; x_wconf 88' lang='lat' dir='ltr'><strong>ad</strong></span> <span class='ocrx_word' id='word_1_183' title='bbox 846 2305 1040 2392; x_wconf 88' lang='lat' dir='ltr'><strong>ipsius</strong></span> <span class='ocrx_word' id='word_1_184' title='bbox 1071 2306 1406 2384; x_wconf 87' lang='lat' dir='ltr'><strong>honorem,</strong></span> <span class='ocrx_word' id='word_1_185' title='bbox 1439 2307 1619 2392; x_wconf 86' lang='lat' dir='ltr'><strong>regni</strong></span> <span class='ocrx_word' id='word_1_186' title='bbox 1649 2307 2095 2386; x_wconf 84' lang='lat' dir='ltr'><strong>salvacionem,</strong></span> <span class='ocrx_word' id='word_1_187' title='bbox 2116 2322 2184 2374; x_wconf 91' lang='lat' dir='ltr'><strong>et</strong></span> <span class='ocrx_word' id='word_1_188' title='bbox 2207 2309 2411 2374; x_wconf 89' lang='lat' dir='ltr'><strong>tocius</strong></span> <span class='ocrx_word' id='word_1_189' title='bbox 2437 2310 2793 2376; x_wconf 81' lang='lat' dir='ltr'><strong>utilitatem</strong></span> 
     </span>
     <span class='ocr_line' id='line_1_23' title="bbox 487 2393 2788 2481; baseline 0 -20"><span class='ocrx_word' id='word_1_190' title='bbox 487 2393 777 2461; x_wconf 88' lang='lat' dir='ltr'><strong>ecclesiae</strong></span> <span class='ocrx_word' id='word_1_191' title='bbox 829 2393 1232 2479; x_wconf 79' lang='lat' dir='ltr'><strong>Anglicanae.</strong></span> <span class='ocrx_word' id='word_1_192' title='bbox 1324 2393 1412 2458; x_wconf 85' lang='lat' dir='ltr'><strong>Et</strong></span> <span class='ocrx_word' id='word_1_193' title='bbox 1465 2416 1581 2459; x_wconf 87' lang='lat' dir='ltr'><strong>nos</strong></span> <span class='ocrx_word' id='word_1_194' title='bbox 1629 2396 1713 2459; x_wconf 91' lang='lat' dir='ltr'><strong>de</strong></span> <span class='ocrx_word' id='word_1_195' title='bbox 1764 2394 1956 2480; x_wconf 89' lang='lat' dir='ltr'><strong>ipsius</strong></span> <span class='ocrx_word' id='word_1_196' title='bbox 2006 2395 2463 2481; x_wconf 85' lang='lat' dir='ltr'><strong>omnipotentis</strong></span> <span class='ocrx_word' id='word_1_197' title='bbox 2512 2397 2788 2464; x_wconf 89' lang='lat' dir='ltr'><strong>Domini</strong></span> 
     </span>
     <span class='ocr_line' id='line_1_24' title="bbox 483 2480 2790 2568; baseline 0.002 -22"><span class='ocrx_word' id='word_1_198' title='bbox 483 2481 940 2559; x_wconf 83' lang='lat' dir='ltr'><strong>misericordia,</strong></span> <span class='ocrx_word' id='word_1_199' title='bbox 993 2480 1293 2566; x_wconf 88' lang='lat' dir='ltr'><strong>gloriosae</strong></span> <span class='ocrx_word' id='word_1_200' title='bbox 1353 2480 1615 2568; x_wconf 87' lang='lat' dir='ltr'><strong>virginis</strong></span> <span class='ocrx_word' id='word_1_201' title='bbox 1671 2481 1903 2546; x_wconf 83' lang='lat' dir='ltr'><strong>Mariae</strong></span> <span class='ocrx_word' id='word_1_202' title='bbox 1954 2483 2175 2547; x_wconf 90' lang='lat' dir='ltr'><strong>matris</strong></span> <span class='ocrx_word' id='word_1_203' title='bbox 2228 2507 2383 2562; x_wconf 84' lang='lat' dir='ltr'><strong>suae,</strong></span> <span class='ocrx_word' id='word_1_204' title='bbox 2437 2484 2790 2550; x_wconf 88' lang='lat' dir='ltr'><strong>beatorum</strong></span> 
     </span>
     <span class='ocr_line' id='line_1_25' title="bbox 491 2566 2791 2654; baseline 0 -20"><span class='ocrx_word' id='word_1_205' title='bbox 491 2568 950 2654; x_wconf 88' lang='lat' dir='ltr'><strong>Apostolorum</strong></span> <span class='ocrx_word' id='word_1_206' title='bbox 1001 2568 1183 2632; x_wconf 85' lang='lat' dir='ltr'><strong>Petri</strong></span> <span class='ocrx_word' id='word_1_207' title='bbox 1242 2581 1310 2633; x_wconf 91' lang='lat' dir='ltr'><strong>et</strong></span> <span class='ocrx_word' id='word_1_208' title='bbox 1366 2566 1571 2645; x_wconf 91' lang='lat' dir='ltr'><strong>Pauli,</strong></span> <span class='ocrx_word' id='word_1_209' title='bbox 1626 2590 1746 2633; x_wconf 90' lang='lat' dir='ltr'><strong>nec</strong></span> <span class='ocrx_word' id='word_1_210' title='bbox 1792 2591 1925 2633; x_wconf 85' lang='lat' dir='ltr'><strong>non</strong></span> <span class='ocrx_word' id='word_1_211' title='bbox 1973 2569 2349 2636; x_wconf 88' lang='lat' dir='ltr'><strong>sanctissimi</strong></span> <span class='ocrx_word' id='word_1_212' title='bbox 2394 2571 2791 2636; x_wconf 83' lang='lat' dir='ltr'><strong>confessoris</strong></span> 
     </span>
     <span class='ocr_line' id='line_1_26' title="bbox 489 2655 2787 2742; baseline 0.002 -22"><span class='ocrx_word' id='word_1_213' title='bbox 489 2655 834 2733; x_wconf 91' lang='lat' dir='ltr'><strong>Willielmi,</strong></span> <span class='ocrx_word' id='word_1_214' title='bbox 861 2657 1274 2740; x_wconf 90' lang='lat' dir='ltr'><strong>omniumque</strong></span> <span class='ocrx_word' id='word_1_215' title='bbox 1295 2668 1661 2721; x_wconf 89' lang='lat' dir='ltr'><strong>sanctorum</strong></span> <span class='ocrx_word' id='word_1_216' title='bbox 1686 2655 1927 2720; x_wconf 88' lang='lat' dir='ltr'><strong>meritis</strong></span> <span class='ocrx_word' id='word_1_217' title='bbox 1950 2669 2020 2722; x_wconf 91' lang='lat' dir='ltr'><strong>et</strong></span> <span class='ocrx_word' id='word_1_218' title='bbox 2040 2657 2333 2742; x_wconf 88' lang='lat' dir='ltr'><strong>precibus</strong></span> <span class='ocrx_word' id='word_1_219' title='bbox 2354 2659 2787 2737; x_wconf 86' lang='lat' dir='ltr'><strong>confidentes,</strong></span> 
     </span>
     <span class='ocr_line' id='line_1_27' title="bbox 482 2741 2787 2831; baseline 0.002 -25"><span class='ocrx_word' id='word_1_220' title='bbox 482 2743 782 2807; x_wconf 90' lang='lat' dir='ltr'><strong>omnibus</strong></span> <span class='ocrx_word' id='word_1_221' title='bbox 829 2741 1233 2828; x_wconf 84' lang='lat' dir='ltr'><strong>parochianis</strong></span> <span class='ocrx_word' id='word_1_222' title='bbox 1283 2742 1539 2820; x_wconf 87' lang='lat' dir='ltr'><strong>nostris,</strong></span> <span class='ocrx_word' id='word_1_223' title='bbox 1594 2757 1663 2807; x_wconf 90' lang='lat' dir='ltr'><strong>et</strong></span> <span class='ocrx_word' id='word_1_224' title='bbox 1712 2743 1873 2820; x_wconf 85' lang='lat' dir='ltr'><strong>aliis,</strong></span> <span class='ocrx_word' id='word_1_225' title='bbox 1916 2766 2187 2831; x_wconf 90' lang='lat' dir='ltr'><strong>quorum</strong></span> <span class='ocrx_word' id='word_1_226' title='bbox 2240 2744 2567 2810; x_wconf 83' lang='lat' dir='ltr'><strong>diocesani</strong></span> <span class='ocrx_word' id='word_1_227' title='bbox 2613 2745 2787 2810; x_wconf 86' lang='lat' dir='ltr'><strong>hanc</strong></span> 
     </span>
     <span class='ocr_line' id='line_1_28' title="bbox 481 2827 2784 2918; baseline 0.001 -24"><span class='ocrx_word' id='word_1_228' title='bbox 481 2841 770 2916; x_wconf 79' lang='lat' dir='ltr'><strong>nostram</strong></span> <span class='ocrx_word' id='word_1_229' title='bbox 801 2827 1288 2918; x_wconf 84' lang='lat' dir='ltr'><strong>Indulgenciam</strong></span> <span class='ocrx_word' id='word_1_230' title='bbox 1318 2842 1525 2894; x_wconf 88' lang='lat' dir='ltr'><strong>ratam</strong></span> <span class='ocrx_word' id='word_1_231' title='bbox 1554 2829 1894 2895; x_wconf 82' lang='lat' dir='ltr'><strong>habuerint</strong></span> <span class='ocrx_word' id='word_1_232' title='bbox 1922 2844 1989 2895; x_wconf 89' lang='lat' dir='ltr'><strong>et</strong></span> <span class='ocrx_word' id='word_1_233' title='bbox 2016 2847 2365 2916; x_wconf 86' lang='lat' dir='ltr'><strong>acceptam,</strong></span> <span class='ocrx_word' id='word_1_234' title='bbox 2396 2833 2482 2896; x_wconf 88' lang='lat' dir='ltr'><strong>de</strong></span> <span class='ocrx_word' id='word_1_235' title='bbox 2501 2833 2784 2917; x_wconf 88' lang='lat' dir='ltr'><strong>peccatis</strong></span> 
     </span>
     <span class='ocr_line' id='line_1_29' title="bbox 477 2915 2789 3005; baseline 0 -23"><span class='ocrx_word' id='word_1_236' title='bbox 477 2917 608 2982; x_wconf 89' lang='lat' dir='ltr'><strong>suis</strong></span> <span class='ocrx_word' id='word_1_237' title='bbox 650 2939 803 2982; x_wconf 86' lang='lat' dir='ltr'><strong>vere</strong></span> <span class='ocrx_word' id='word_1_238' title='bbox 840 2915 1131 2982; x_wconf 85' lang='lat' dir='ltr'><strong>contritis</strong></span> <span class='ocrx_word' id='word_1_239' title='bbox 1161 2915 1617 3002; x_wconf 84' lang='lat' dir='ltr'><strong>poenitentibus</strong></span> <span class='ocrx_word' id='word_1_240' title='bbox 1646 2931 1715 2980; x_wconf 92' lang='lat' dir='ltr'><strong>et</strong></span> <span class='ocrx_word' id='word_1_241' title='bbox 1744 2915 2065 2996; x_wconf 78' lang='lat' dir='ltr'><strong>confessiS,</strong></span> <span class='ocrx_word' id='word_1_242' title='bbox 2098 2917 2208 3005; x_wconf 93' lang='lat' dir='ltr'><strong>qui</strong></span> <span class='ocrx_word' id='word_1_243' title='bbox 2238 2940 2357 3003; x_wconf 90' lang='lat' dir='ltr'><strong>pro</strong></span> <span class='ocrx_word' id='word_1_244' title='bbox 2387 2918 2632 2983; x_wconf 87' lang='lat' dir='ltr'><strong>eisdem</strong></span> <span class='ocrx_word' id='word_1_245' title='bbox 2664 2919 2789 2984; x_wconf 85' lang='lat' dir='ltr'><strong>do·</strong></span> 
     </span>
     <span class='ocr_line' id='line_1_30' title="bbox 481 3003 2779 3090; baseline 0.001 -22"><span class='ocrx_word' id='word_1_246' title='bbox 481 3003 658 3068; x_wconf 88' lang='lat' dir='ltr'><strong>mino</strong></span> <span class='ocrx_word' id='word_1_247' title='bbox 701 3017 924 3069; x_wconf 87' lang='lat' dir='ltr'><strong>nostro</strong></span> <span class='ocrx_word' id='word_1_248' title='bbox 974 3004 1178 3088; x_wconf 86' lang='lat' dir='ltr'><strong>Rege,</strong></span> <span class='ocrx_word' id='word_1_249' title='bbox 1223 3025 1468 3090; x_wconf 91' lang='lat' dir='ltr'><strong>suoque</strong></span> <span class='ocrx_word' id='word_1_250' title='bbox 1497 3005 1810 3082; x_wconf 88' lang='lat' dir='ltr'><strong>exercitu,</strong></span> <span class='ocrx_word' id='word_1_251' title='bbox 1850 3007 2194 3081; x_wconf 88' lang='lat' dir='ltr'><strong>oraverint,</strong></span> <span class='ocrx_word' id='word_1_252' title='bbox 2230 3018 2301 3068; x_wconf 90' lang='lat' dir='ltr'><strong>ut</strong></span> <span class='ocrx_word' id='word_1_253' title='bbox 2353 3022 2453 3070; x_wconf 90' lang='lat' dir='ltr'><strong>est</strong></span> <span class='ocrx_word' id='word_1_254' title='bbox 2504 3005 2779 3084; x_wconf 85' lang='lat' dir='ltr'><strong>dictum,</strong></span> 
     </span>
     <span class='ocr_line' id='line_1_31' title="bbox 481 3089 2785 3178; baseline 0 -22"><span class='ocrx_word' id='word_1_255' title='bbox 481 3092 908 3178; x_wconf 85' lang='lat' dir='ltr'><strong>quadraginta</strong></span> <span class='ocrx_word' id='word_1_256' title='bbox 953 3089 1089 3156; x_wconf 85' lang='lat' dir='ltr'><strong>dies</strong></span> <span class='ocrx_word' id='word_1_257' title='bbox 1140 3092 1224 3155; x_wconf 92' lang='lat' dir='ltr'><strong>de</strong></span> <span class='ocrx_word' id='word_1_258' title='bbox 1255 3091 1544 3176; x_wconf 87' lang='lat' dir='ltr'><strong>injuncta</strong></span> <span class='ocrx_word' id='word_1_259' title='bbox 1572 3089 1694 3155; x_wconf 90' lang='lat' dir='ltr'><strong>sibi</strong></span> <span class='ocrx_word' id='word_1_260' title='bbox 1722 3089 2125 3176; x_wconf 66' lang='lat' dir='ltr'><strong>paenitentia,</strong></span> <span class='ocrx_word' id='word_1_261' title='bbox 2163 3091 2450 3156; x_wconf 89' lang='lat' dir='ltr'><strong>Domino</strong></span> <span class='ocrx_word' id='word_1_262' title='bbox 2479 3094 2785 3177; x_wconf 87' lang='lat' dir='ltr'><strong>propicio</strong></span> 
     </span>
     <span class='ocr_line' id='line_1_32' title="bbox 476 3177 2781 3262; baseline -0 -19"><span class='ocrx_word' id='word_1_263' title='bbox 476 3178 975 3244; x_wconf 85' lang='lat' dir='ltr'><strong>misericorditer</strong></span> <span class='ocrx_word' id='word_1_264' title='bbox 1016 3177 1400 3245; x_wconf 81' lang='lat' dir='ltr'><strong>relaxamus,</strong></span> <span class='ocrx_word' id='word_1_265' title='bbox 1497 3179 1607 3242; x_wconf 86' lang='lat' dir='ltr'><strong>Ad</strong></span> <span class='ocrx_word' id='word_1_266' title='bbox 1650 3177 1939 3262; x_wconf 87' lang='lat' dir='ltr'><strong>regimen</strong></span> <span class='ocrx_word' id='word_1_267' title='bbox 1984 3192 2052 3243; x_wconf 89' lang='lat' dir='ltr'><strong>et</strong></span> <span class='ocrx_word' id='word_1_268' title='bbox 2084 3180 2384 3243; x_wconf 87' lang='lat' dir='ltr'><strong>decorem</strong></span> <span class='ocrx_word' id='word_1_269' title='bbox 2418 3179 2781 3243; x_wconf 65' lang='lat' dir='ltr'><strong>commissae</strong></span> 
     </span>
     <span class='ocr_line' id='line_1_33' title="bbox 483 3264 2783 3351; baseline 0.001 -21"><span class='ocrx_word' id='word_1_270' title='bbox 483 3265 667 3330; x_wconf 86' lang='lat' dir='ltr'><strong>vobis</strong></span> <span class='ocrx_word' id='word_1_271' title='bbox 710 3264 1019 3342; x_wconf 87' lang='lat' dir='ltr'><strong>ecclesiae‚</strong></span> <span class='ocrx_word' id='word_1_272' title='bbox 1066 3277 1260 3351; x_wconf 89' lang='lat' dir='ltr'><strong>atque</strong></span> <span class='ocrx_word' id='word_1_273' title='bbox 1307 3265 1544 3348; x_wconf 77' lang='lat' dir='ltr'><strong>gregiS,</strong></span> <span class='ocrx_word' id='word_1_274' title='bbox 1592 3277 1872 3329; x_wconf 89' lang='lat' dir='ltr'><strong>vestram</strong></span> <span class='ocrx_word' id='word_1_275' title='bbox 1922 3264 2387 3330; x_wconf 86' lang='lat' dir='ltr'><strong>fraternitatem</strong></span> <span class='ocrx_word' id='word_1_276' title='bbox 2436 3280 2783 3332; x_wconf 85' lang='lat' dir='ltr'><strong>conservet</strong></span> 
     </span>
     <span class='ocr_line' id='line_1_34' title="bbox 479 3351 2785 3452; baseline 0 -34"><span class='ocrx_word' id='word_1_277' title='bbox 479 3351 666 3418; x_wconf 89' lang='lat' dir='ltr'><strong>Deus</strong></span> <span class='ocrx_word' id='word_1_278' title='bbox 697 3373 1067 3437; x_wconf 87' lang='lat' dir='ltr'><strong>prosperam</strong></span> <span class='ocrx_word' id='word_1_279' title='bbox 1092 3365 1160 3415; x_wconf 89' lang='lat' dir='ltr'><strong>et</strong></span> <span class='ocrx_word' id='word_1_280' title='bbox 1179 3351 1553 3435; x_wconf 88' lang='lat' dir='ltr'><strong>jocundam.</strong></span> <span class='ocrx_word' id='word_1_281' title='bbox 1644 3351 1821 3416; x_wconf 87' lang='lat' dir='ltr'><strong>Data</strong></span> <span class='ocrx_word' id='word_1_282' title='bbox 1832 3352 2002 3435; x_wconf 88' lang='lat' dir='ltr'><strong>apud</strong></span> <span class='ocrx_word' id='word_1_283' title='bbox 2040 3351 2266 3436; x_wconf 87' lang='lat' dir='ltr'><strong>Thorp</strong></span> <span class='ocrx_word' id='word_1_284' title='bbox 2296 3374 2502 3452; x_wconf 88' lang='lat' dir='ltr'><strong>prope</strong></span> <span class='ocrx_word' id='word_1_285' title='bbox 2530 3352 2785 3418; x_wconf 88' lang='lat' dir='ltr'><strong>Ebora-</strong></span> 
     </span>
     <span class='ocr_line' id='line_1_35' title="bbox 481 3437 2781 3523; baseline 0.001 -20"><span class='ocrx_word' id='word_1_286' title='bbox 481 3459 650 3518; x_wconf 87' lang='lat' dir='ltr'><strong>cum,</strong></span> <span class='ocrx_word' id='word_1_287' title='bbox 705 3457 810 3502; x_wconf 89' lang='lat' dir='ltr'><strong>x11</strong></span> <span class='ocrx_word' id='word_1_288' title='bbox 870 3437 1176 3502; x_wconf 87' lang='lat' dir='ltr'><strong>kalendas</strong></span> <span class='ocrx_word' id='word_1_289' title='bbox 1217 3437 1517 3521; x_wconf 82' lang='lat' dir='ltr'><strong>Augusti,</strong></span> <span class='ocrx_word' id='word_1_290' title='bbox 1551 3459 1721 3502; x_wconf 89' lang='lat' dir='ltr'><strong>anno</strong></span> <span class='ocrx_word' id='word_1_291' title='bbox 1748 3439 1985 3523; x_wconf 83' lang='lat' dir='ltr'><strong>graciae</strong></span> <span class='ocrx_word' id='word_1_292' title='bbox 2012 3442 2263 3504; x_wconf 81' lang='lat' dir='ltr'><strong>M⁰ccc⁰</strong></span> <span class='ocrx_word' id='word_1_293' title='bbox 2294 3438 2547 3505; x_wconf 71' lang='lat' dir='ltr'><strong>decimo</strong></span> <span class='ocrx_word' id='word_1_294' title='bbox 2574 3461 2781 3518; x_wconf 86' lang='lat' dir='ltr'><strong>n0n0,</strong></span> 
     </span>
     <span class='ocr_line' id='line_1_36' title="bbox 477 3524 1552 3610; baseline -0.001 -20"><span class='ocrx_word' id='word_1_295' title='bbox 477 3538 548 3591; x_wconf 89' lang='lat' dir='ltr'><strong>et</strong></span> <span class='ocrx_word' id='word_1_296' title='bbox 575 3525 987 3610; x_wconf 89' lang='lat' dir='ltr'><strong>pontificatus</strong></span> <span class='ocrx_word' id='word_1_297' title='bbox 1017 3524 1220 3588; x_wconf 90' lang='lat' dir='ltr'><strong>nostri</strong></span> <span class='ocrx_word' id='word_1_298' title='bbox 1249 3526 1552 3589; x_wconf 78' lang='lat' dir='ltr'><strong>secundo·</strong></span> 
     </span>
    </p>

    <p class='ocr_par' dir='ltr' id='par_1_3' title="bbox 473 3610 2871 4485">
     <span class='ocr_line' id='line_1_37' title="bbox 577 3610 2779 3700; baseline 0 -23"><span class='ocrx_word' id='word_1_299' title='bbox 577 3611 902 3686; x_wconf 83' lang='lat' dir='ltr'><strong>Quocirca</strong></span> <span class='ocrx_word' id='word_1_300' title='bbox 952 3611 1134 3676; x_wconf 89' lang='lat' dir='ltr'><strong>vobis</strong></span> <span class='ocrx_word' id='word_1_301' title='bbox 1185 3611 1575 3695; x_wconf 85' lang='lat' dir='ltr'><strong>injungimus</strong></span> <span class='ocrx_word' id='word_1_302' title='bbox 1622 3610 1894 3678; x_wconf 90' lang='lat' dir='ltr'><strong>firmiter</strong></span> <span class='ocrx_word' id='word_1_303' title='bbox 1921 3624 1990 3677; x_wconf 94' lang='lat' dir='ltr'><strong>et</strong></span> <span class='ocrx_word' id='word_1_304' title='bbox 2020 3612 2419 3689; x_wconf 87' lang='lat' dir='ltr'><strong>mandamus,</strong></span> <span class='ocrx_word' id='word_1_305' title='bbox 2452 3612 2779 3700; x_wconf 67' lang='lat' dir='ltr'><strong>quatinuS,</strong></span> 
     </span>
     <span class='ocr_line' id='line_1_38' title="bbox 479 3698 2781 3785; baseline 0 -21"><span class='ocrx_word' id='word_1_306' title='bbox 479 3698 649 3764; x_wconf 90' lang='lat' dir='ltr'><strong>utin</strong></span> <span class='ocrx_word' id='word_1_307' title='bbox 677 3711 896 3763; x_wconf 86' lang='lat' dir='ltr'><strong>nostra</strong></span> <span class='ocrx_word' id='word_1_308' title='bbox 925 3698 1277 3764; x_wconf 89' lang='lat' dir='ltr'><strong>cathedrali</strong></span> <span class='ocrx_word' id='word_1_309' title='bbox 1300 3699 1571 3763; x_wconf 88' lang='lat' dir='ltr'><strong>ecclesia</strong></span> <span class='ocrx_word' id='word_1_310' title='bbox 1594 3698 2026 3764; x_wconf 89' lang='lat' dir='ltr'><strong>Dunolmensi</strong></span> <span class='ocrx_word' id='word_1_311' title='bbox 2050 3698 2491 3785; x_wconf 86' lang='lat' dir='ltr'><strong>processiones</strong></span> <span class='ocrx_word' id='word_1_312' title='bbox 2518 3699 2781 3764; x_wconf 79' lang='lat' dir='ltr'><strong>devotae</strong></span> 
     </span>
     <span class='ocr_line' id='line_1_39' title="bbox 479 3784 2785 3874; baseline 0 -22"><span class='ocrx_word' id='word_1_313' title='bbox 479 3787 664 3865; x_wconf 87' lang='lat' dir='ltr'><strong>fiant,</strong></span> <span class='ocrx_word' id='word_1_314' title='bbox 727 3787 1063 3874; x_wconf 83' lang='lat' dir='ltr'><strong>missaeque</strong></span> <span class='ocrx_word' id='word_1_315' title='bbox 1128 3784 1438 3872; x_wconf 86' lang='lat' dir='ltr'><strong>speciales</strong></span> <span class='ocrx_word' id='word_1_316' title='bbox 1484 3785 1913 3863; x_wconf 85' lang='lat' dir='ltr'><strong>celebrentur,</strong></span> <span class='ocrx_word' id='word_1_317' title='bbox 1961 3800 2029 3851; x_wconf 92' lang='lat' dir='ltr'><strong>et</strong></span> <span class='ocrx_word' id='word_1_318' title='bbox 2076 3784 2439 3870; x_wconf 56' lang='lat' dir='ltr'><strong>psallantur,</strong></span> <span class='ocrx_word' id='word_1_319' title='bbox 2472 3787 2785 3871; x_wconf 87' lang='lat' dir='ltr'><strong>psalteria</strong></span> 
     </span>
     <span class='ocr_line' id='line_1_40' title="bbox 480 3871 2783 3958; baseline -0 -19"><span class='ocrx_word' id='word_1_320' title='bbox 480 3873 680 3940; x_wconf 90' lang='lat' dir='ltr'><strong>modo</strong></span> <span class='ocrx_word' id='word_1_321' title='bbox 709 3886 778 3938; x_wconf 91' lang='lat' dir='ltr'><strong>et</strong></span> <span class='ocrx_word' id='word_1_322' title='bbox 807 3873 1016 3938; x_wconf 86' lang='lat' dir='ltr'><strong>forma</strong></span> <span class='ocrx_word' id='word_1_323' title='bbox 1040 3873 1108 3937; x_wconf 90' lang='lat' dir='ltr'><strong>in</strong></span> <span class='ocrx_word' id='word_1_324' title='bbox 1141 3873 1585 3958; x_wconf 84' lang='lat' dir='ltr'><strong>suprascriptis</strong></span> <span class='ocrx_word' id='word_1_325' title='bbox 1614 3872 1772 3938; x_wconf 88' lang='lat' dir='ltr'><strong>dicti</strong></span> <span class='ocrx_word' id='word_1_326' title='bbox 1791 3871 2037 3938; x_wconf 91' lang='lat' dir='ltr'><strong>domini</strong></span> <span class='ocrx_word' id='word_1_327' title='bbox 2060 3871 2553 3958; x_wconf 86' lang='lat' dir='ltr'><strong>Archiepiscopi</strong></span> <span class='ocrx_word' id='word_1_328' title='bbox 2576 3872 2783 3938; x_wconf 87' lang='lat' dir='ltr'><strong>literis</strong></span> 
     </span>
     <span class='ocr_line' id='line_1_41' title="bbox 477 3957 2871 4047; baseline 0 -22"><span class='ocrx_word' id='word_1_329' title='bbox 477 3961 732 4047; x_wconf 87' lang='lat' dir='ltr'><strong>plenius</strong></span> <span class='ocrx_word' id='word_1_330' title='bbox 775 3959 1266 4047; x_wconf 77' lang='lat' dir='ltr'><strong>comprehensis,</strong></span> <span class='ocrx_word' id='word_1_331' title='bbox 1299 3959 1391 4024; x_wconf 89' lang='lat' dir='ltr'><strong>sic</strong></span> <span class='ocrx_word' id='word_1_332' title='bbox 1443 3959 1569 4024; x_wconf 90' lang='lat' dir='ltr'><strong>rite</strong></span> <span class='ocrx_word' id='word_1_333' title='bbox 1620 3958 1711 4024; x_wconf 89' lang='lat' dir='ltr'><strong>sic</strong></span> <span class='ocrx_word' id='word_1_334' title='bbox 1761 3957 2037 4044; x_wconf 89' lang='lat' dir='ltr'><strong>provide</strong></span> <span class='ocrx_word' id='word_1_335' title='bbox 2090 3958 2423 4038; x_wconf 88' lang='lat' dir='ltr'><strong>ordinetis,</strong></span> <span class='ocrx_word' id='word_1_336' title='bbox 2456 3974 2524 4025; x_wconf 90' lang='lat' dir='ltr'><strong>et</strong></span> <span class='ocrx_word' id='word_1_337' title='bbox 2566 3961 2781 4026; x_wconf 86' lang='lat' dir='ltr'><strong>eciam</strong></span> <span class='ocrx_word' id='word_1_338' title='bbox 2854 3969 2871 3992; x_wconf 91' lang='lat'><strong><em>‘</em></strong></span> 
     </span>
     <span class='ocr_line' id='line_1_42' title="bbox 475 4045 2781 4135; baseline -0 -22"><span class='ocrx_word' id='word_1_339' title='bbox 475 4049 620 4114; x_wconf 87' lang='lat' dir='ltr'><strong>fieri</strong></span> <span class='ocrx_word' id='word_1_340' title='bbox 666 4047 933 4126; x_wconf 81' lang='lat' dir='ltr'><strong>faciatiS,</strong></span> <span class='ocrx_word' id='word_1_341' title='bbox 964 4048 1140 4135; x_wconf 92' lang='lat' dir='ltr'><strong>quod</strong></span> <span class='ocrx_word' id='word_1_342' title='bbox 1191 4060 1408 4112; x_wconf 88' lang='lat' dir='ltr'><strong>nostra</strong></span> <span class='ocrx_word' id='word_1_343' title='bbox 1437 4059 1506 4112; x_wconf 90' lang='lat' dir='ltr'><strong>et</strong></span> <span class='ocrx_word' id='word_1_344' title='bbox 1535 4059 1749 4110; x_wconf 87' lang='lat' dir='ltr'><strong>vestra</strong></span> <span class='ocrx_word' id='word_1_345' title='bbox 1783 4045 2025 4132; x_wconf 86' lang='lat' dir='ltr'><strong>pariter</strong></span> <span class='ocrx_word' id='word_1_346' title='bbox 2053 4045 2325 4110; x_wconf 83' lang='lat' dir='ltr'><strong>devocio</strong></span> <span class='ocrx_word' id='word_1_347' title='bbox 2376 4045 2443 4110; x_wconf 90' lang='lat' dir='ltr'><strong>in</strong></span> <span class='ocrx_word' id='word_1_348' title='bbox 2474 4069 2555 4111; x_wconf 88' lang='lat' dir='ltr'><strong>ea</strong></span> <span class='ocrx_word' id='word_1_349' title='bbox 2583 4061 2781 4133; x_wconf 87' lang='lat' dir='ltr'><strong>parte</strong></span> 
     </span>
     <span class='ocr_line' id='line_1_43' title="bbox 473 4133 2777 4220; baseline -0.001 -19"><span class='ocrx_word' id='word_1_350' title='bbox 473 4136 712 4205; x_wconf 82' lang='lat' dir='ltr'><strong>debeat</strong></span> <span class='ocrx_word' id='word_1_351' title='bbox 741 4134 975 4201; x_wconf 89' lang='lat' dir='ltr'><strong>merito</strong></span> <span class='ocrx_word' id='word_1_352' title='bbox 1003 4134 1458 4200; x_wconf 87' lang='lat' dir='ltr'><strong>commendari.</strong></span> <span class='ocrx_word' id='word_1_353' title='bbox 1516 4133 1867 4219; x_wconf 85' lang='lat' dir='ltr'><strong>Cupientes</strong></span> <span class='ocrx_word' id='word_1_354' title='bbox 1886 4133 2141 4218; x_wconf 87' lang='lat' dir='ltr'><strong>insuper</strong></span> <span class='ocrx_word' id='word_1_355' title='bbox 2163 4155 2277 4197; x_wconf 89' lang='lat' dir='ltr'><strong>vos</strong></span> <span class='ocrx_word' id='word_1_356' title='bbox 2300 4143 2369 4196; x_wconf 91' lang='lat' dir='ltr'><strong>et</strong></span> <span class='ocrx_word' id='word_1_357' title='bbox 2398 4133 2579 4211; x_wconf 72' lang='lat' dir='ltr'><strong>alioS,</strong></span> <span class='ocrx_word' id='word_1_358' title='bbox 2604 4156 2777 4220; x_wconf 87' lang='lat' dir='ltr'><strong>prae-</strong></span> 
     </span>
     <span class='ocr_line' id='line_1_44' title="bbox 478 4219 2780 4305; baseline -0.001 -17"><span class='ocrx_word' id='word_1_359' title='bbox 478 4222 699 4288; x_wconf 89' lang='lat' dir='ltr'><strong>sertim</strong></span> <span class='ocrx_word' id='word_1_360' title='bbox 753 4235 1002 4291; x_wconf 86' lang='lat' dir='ltr'><strong>nostros</strong></span> <span class='ocrx_word' id='word_1_361' title='bbox 1049 4220 1361 4300; x_wconf 89' lang='lat' dir='ltr'><strong>subditos,</strong></span> <span class='ocrx_word' id='word_1_362' title='bbox 1394 4221 1478 4287; x_wconf 88' lang='lat' dir='ltr'><strong>ad</strong></span> <span class='ocrx_word' id='word_1_363' title='bbox 1520 4223 1892 4286; x_wconf 89' lang='lat' dir='ltr'><strong>oracionum</strong></span> <span class='ocrx_word' id='word_1_364' title='bbox 1919 4219 2288 4305; x_wconf 87' lang='lat' dir='ltr'><strong>hujusmodi</strong></span> <span class='ocrx_word' id='word_1_365' title='bbox 2320 4220 2625 4304; x_wconf 80' lang='lat' dir='ltr'><strong>suffragia</strong></span> <span class='ocrx_word' id='word_1_366' title='bbox 2654 4223 2780 4285; x_wconf 89' lang='lat' dir='ltr'><strong>im-</strong></span> 
     </span>
     <span class='ocr_line' id='line_1_45' title="bbox 475 4305 2778 4397; baseline -0.001 -23"><span class='ocrx_word' id='word_1_367' title='bbox 475 4309 820 4397; x_wconf 89' lang='lat' dir='ltr'><strong>pendenda</strong></span> <span class='ocrx_word' id='word_1_368' title='bbox 840 4331 960 4396; x_wconf 89' lang='lat' dir='ltr'><strong>per</strong></span> <span class='ocrx_word' id='word_1_369' title='bbox 987 4307 1284 4374; x_wconf 87' lang='lat' dir='ltr'><strong>allectiva</strong></span> <span class='ocrx_word' id='word_1_370' title='bbox 1312 4307 1875 4393; x_wconf 86' lang='lat' dir='ltr'><strong>Indulgenciarum</strong></span> <span class='ocrx_word' id='word_1_371' title='bbox 1910 4329 2175 4372; x_wconf 90' lang='lat' dir='ltr'><strong>munera</strong></span> <span class='ocrx_word' id='word_1_372' title='bbox 2202 4305 2511 4384; x_wconf 87' lang='lat' dir='ltr'><strong>excitare,</strong></span> <span class='ocrx_word' id='word_1_373' title='bbox 2538 4307 2621 4372; x_wconf 92' lang='lat' dir='ltr'><strong>de</strong></span> <span class='ocrx_word' id='word_1_374' title='bbox 2643 4307 2778 4374; x_wconf 90' lang='lat' dir='ltr'><strong>Dei</strong></span> 
     </span>
     <span class='ocr_line' id='line_1_46' title="bbox 478 4393 2779 4485; baseline -0.001 -21"><span class='ocrx_word' id='word_1_375' title='bbox 478 4395 940 4485; x_wconf 85' lang='lat' dir='ltr'><strong>omnipotentis</strong></span> <span class='ocrx_word' id='word_1_376' title='bbox 983 4393 1436 4476; x_wconf 88' lang='lat' dir='ltr'><strong>misericordia,</strong></span> <span class='ocrx_word' id='word_1_377' title='bbox 1471 4409 1538 4462; x_wconf 91' lang='lat' dir='ltr'><strong>et</strong></span> <span class='ocrx_word' id='word_1_378' title='bbox 1584 4394 1884 4481; x_wconf 84' lang='lat' dir='ltr'><strong>gloriosae</strong></span> <span class='ocrx_word' id='word_1_379' title='bbox 1915 4393 2175 4482; x_wconf 85' lang='lat' dir='ltr'><strong>virginis</strong></span> <span class='ocrx_word' id='word_1_380' title='bbox 2206 4407 2270 4461; x_wconf 88' lang='lat' dir='ltr'><strong>et</strong></span> <span class='ocrx_word' id='word_1_381' title='bbox 2298 4395 2607 4480; x_wconf 85' lang='lat' dir='ltr'><strong>gentricis</strong></span> <span class='ocrx_word' id='word_1_382' title='bbox 2638 4417 2779 4462; x_wconf 83' lang='lat' dir='ltr'><strong>suae</strong></span> 
     </span>
    </p>
   </div>
   <div class='ocr_carea' id='block_1_3' title="bbox 2968 0 2971 1156">
    <p class='ocr_par' dir='ltr' id='par_1_4' title="bbox 2968 0 2971 1156">
     <span class='ocr_line' id='line_1_47' title="bbox 2968 0 2971 1156; baseline 0 0"><span class='ocrx_word' id='word_1_383' title='bbox 2968 0 2971 1156; x_wconf 95' lang='lat' dir='ltr'><strong> </strong></span> 
     </span>
    </p>
   </div>
  </div>
 </body>
</html>
