3000 5117
489 469 704 543 cxxvi
982 493 1186 546 ffls'r.
1227 490 1585 546 nou-sua.
1627 491 2092 547 semri-onus
2128 496 2343 550 ram.

487 675 695 741 vasto,
719 656 1150 736 vendictione,
1171 667 1240 722 et
1259 655 1706 722 destruccione
1733 655 2074 727 domorum
2102 671 2171 724 et
2190 657 2558 739 hoscorum,
2584 679 2661 726 ac
2690 681 2818 726 ex-

491 749 607 816 ilio
652 746 984 813 hominum
1029 744 1272 809 ibidem
1313 743 1634 822 faciendo,
1665 766 1708 808 a
1734 745 1929 830 xxjm
1956 745 2065 810 die
2092 747 2135 812 J
2140 745 2295 826 unii,
2327 769 2501 814 anno
2532 749 2815 814 Domini

493 833 838 902 millesimo
886 837 1072 897 ccc¹¹⁰
1115 830 1324 917 xxij⁰.,
1379 851 1581 918 usque
1630 827 1717 896 ad
1763 831 2111 897 terminum
2153 831 2441 921 quinque
2484 857 2811 900 annorum

491 923 788 1010 proxime
829 917 1267 1007 sequencium,
1312 916 1601 1003 plenarie
1642 919 2135 1017 completorum,
2168 921 2254 984 de
2282 921 2580 1007 predicto
2612 923 2815 1008 Epis-

491 1031 662 1110 copo
705 1021 773 1074 et
815 1005 1282 1072 successoribus
1325 1003 1494 1069 suis:
1538 1001 1729 1070 salvis
1760 1005 1965 1070 eidem
1996 1006 2265 1071 domino
2302 1007 2627 1094 Episcopo
2654 1029 2810 1094 pro-

490 1097 644 1184 priis
687 1093 894 1162 bladis
939 1092 1068 1158 suis
1095 1092 1202 1158 die
1231 1089 1661 1156 confeccionis
1690 1091 2096 1176 presencium
2124 1093 2209 1158 ad
2240 1115 2402 1195 opus
2430 1117 2621 1159 sunm
2650 1117 2809 1182 pro-

537 1183 702 1247 rium
747 1182 812 1246 in
842 1179 1146 1268 predictis
1179 1176 1472 1244 maneriis
1501 1178 1869 1244 seminatis:
1916 1179 2251 1246 reddendo
2278 1182 2432 1248 mde
2460 1183 2805 1250 annuatim

489 1205 672 1337 {icto
701 1270 967 1335 domino
1001 1267 1324 1353 Episcopo
1351 1278 1417 1332 et
1437 1264 1907 1331 successoribus
1934 1267 2065 1332 suis
2095 1287 2295 1332 unum
2321 1268 2683 1348 denarium,
2714 1271 2809 1336 ad

489 1358 776 1424 natalem
819 1353 1110 1432 Domini,
1139 1375 1264 1440 pro
1291 1353 1591 1417 omnibus
1618 1353 1902 1417 serviciis
1930 1354 2399 1433 exactionibus,
2432 1369 2503 1422 et
2530 1357 2809 1422 deman-

489 1445 608 1513 dis.
705 1444 796 1509 Et
837 1441 1012 1529 quod
1059 1440 1386 1526 predictus
1437 1439 1797 1526 Episcopus
1840 1438 2080 1506 habeat
2123 1443 2190 1506 in
2236 1442 2543 1527 predictis
2576 1465 2809 1510 mane-

488 1533 599 1595 riis
656 1544 988 1594 returnum
1038 1527 1328 1592 brevium
1388 1524 1638 1591 domini
1693 1525 1918 1616 Regis,
1980 1540 2050 1592 et
2102 1530 2409 1615 quasdam
2460 1529 2803 1598 libertates

489 1617 725 1702 regias,
786 1637 944 1766 fluas
1002 1613 1287 1700 prefatus
1347 1612 1707 1700 Episcopus
1766 1626 1834 1679 et
1878 1635 2274 1680 successores
2326 1618 2422 1680 sui
2474 1638 2595 1701 per
2646 1639 2804 1704 pro-

486 1705 662 1791 prios
704 1702 790 1766 ba
838 1701 974 1766 ivos
1018 1712 1085 1766 et
1127 1699 1446 1778 ministros
1489 1722 1642 1765 suos
1688 1721 2065 1767 conservare
2095 1713 2163 1766 et
2191 1702 2541 1769 defendere
2572 1717 2805 1770 tenen·

490 1804 618 1868 tur,
679 1788 1143 1853 concordatum
1193 1799 1294 1852 est
1341 1785 1515 1852 inter
1558 1801 1771 1873 partes
1818 1787 2160 1872 proedictas
2202 1789 2379 1877 quod
2433 1787 2654 1855 ballivi
2708 1793 2801 1858 ad

485 1875 855 1963 hujusmodi
907 1874 1184 1940 officium
1236 1872 1603 1938 faciendum
1668 1887 1734 1939 et
1788 1873 2121 1940 libertates
2178 1876 2521 1962 praedictas
2574 1895 2801 1944 custo-

483 1964 754 2030 diendas
783 1983 896 2048 per
945 1961 1155 2048 ipsum
1213 1959 1603 2047 Episcopum
1648 1973 1718 2026 et
1760 1982 2158 2027 successores
2200 1985 2349 2038 suos,
2394 1963 2477 2029 de
2520 1987 2800 2032 assensu

489 2051 808 2116 dictorum
851 2061 1300 2126 mercatorum,
1345 2059 1458 2112 aut
1511 2046 1697 2112 unius
1744 2070 1997 2127 eorum,
2049 2064 2421 2134 ponantur3
2482 2051 2614 2152 qui,
2672 2075 2799 2138 per

475 2139 918 2225 juramentum
947 2133 1134 2201 dictis
1162 2134 1426 2200 domino
1458 2133 1786 2221 Episcopo
1816 2148 1882 2200 et
1906 2136 2365 2202 mercatoribus
2392 2137 2795 2216 faciendum,

486 2227 572 2292 de
631 2223 910 2290 exitibus
991 2235 1057 2288 et
1132 2220 1434 2308 proficuis
1491 2219 1644 2286 inde
1698 2221 2239 2306 provenientibus,
2300 2247 2449 2312 quoe
2505 2227 2797 2311 praefato

485 2313 816 2399 Episcopo
861 2322 931 2375 et
979 2307 1448 2374 successoribus
1493 2307 1621 2371 suis
1664 2307 1989 2393 pertinere
2016 2307 2276 2389 debent,
2308 2311 2593 2396 praesatis
2624 2335 2802 2378 mer-

485 2398 831 2477 catoribus,
857 2409 969 2461 aut
991 2395 1102 2460 uni
1131 2417 1378 2474 eorum,
1400 2415 1519 2481 per
1544 2393 1999 2460 racionabilem
2016 2409 2389 2482 compotum
2412 2398 2699 2464 fideliter
2728 2415 2798 2466 et

483 2489 739 2572 integre
763 2482 1194 2568 respondeant
1216 2504 1234 2559 3
1281 2494 1349 2548 et
1373 2479 1698 2568 stipendia
1724 2503 1843 2546 sua
1862 2482 1947 2547 de
1964 2483 2290 2567 praedictis
2316 2487 2794 2552 mercatoribus

485 2573 762 2660 capient.
853 2571 945 2635 Et
995 2569 1048 2632 si
1099 2569 1388 2634 defectus
1439 2568 1506 2632 in
1557 2567 1676 2633 hiis
1727 2567 1975 2633 ballivis
2005 2570 2365 2636 inveniatur
2392 2571 2457 2636 in
2488 2573 2794 2658 predicto

484 2659 717 2737 officio,
746 2657 854 2724 vel
884 2656 952 2722 in
979 2655 1157 2721 dicta
1182 2655 1597 2742 responsione
1626 2653 1951 2740 praedictis
1980 2659 2441 2723 mercatoribus
2462 2659 2788 2740 facienda,

485 2747 596 2811 alii
650 2745 799 2810 loco
856 2764 1081 2810 eorum
1139 2755 1484 2829 ponantur,
1546 2741 1711 2807 sicut
1800 2741 2140 2808 raedictum
2170 2756 2291 2810 est.
2381 2743 2469 2809 Et
2499 2747 2786 2832 predicti

483 2833 830 2910 Johannes,
881 2829 1260 2915 Bonseign',
1314 2828 1578 2907 Girard,
1628 2827 1747 2894 Phi
1778 2829 1981 2915 ippus,
2022 2831 2137 2896 Ste
2181 2830 2406 2910 banus,
2437 2847 2505 2897 et
2537 2855 2790 2900 merca-

484 2935 657 2986 tores
688 2917 1003 3006 praedicti,
1035 2937 1112 2982 ac
1141 2916 1413 3004 quilibet
1437 2937 1687 2994 eorum,
1710 2915 1939 2980 domos
1968 2929 2036 2981 et
2174 2917 2342 2983 ificia
2362 2917 2428 2982 in
2450 2921 2790 3004 praedictis

481 3006 780 3074 maneriis
826 3017 1205 3084 constructa,
1261 3024 1498 3079 muros,
1550 3001 1771 3088 bayas,
1804 3001 2149 3082 clausuras,
2184 3019 2251 3070 et
2280 3005 2515 3070 fossata
2544 3029 2791 3072 eorun-

479 3095 651 3172 dem,
683 3115 886 3182 usque
911 3091 997 3158 ad
1026 3092 1219 3157 finem
1243 3089 1494 3157 termini
1522 3087 1819 3174 praedicti
1846 3091 2300 3157 sustentabunt
2316 3093 2383 3156 in
2414 3094 2580 3158 adeo
2601 3094 2789 3160 bono

485 3195 656 3247 statu
687 3182 855 3246 sicut
883 3202 962 3246 ea
990 3189 1394 3266 receperunt,
1427 3199 1541 3242 seu
1574 3174 1846 3254 meliori,
1878 3174 1998 3240 nisi
2022 3199 2137 3262 per
2163 3199 2483 3263 guerram,
2516 3202 2629 3245 seu
2662 3203 2790 3267 per

481 3281 839 3357 magnates,
865 3266 1094 3354 quibus
1117 3264 1237 3352 ipsi
1261 3276 1645 3330 mercatores
1662 3263 1963 3327 resistere
1980 3285 2112 3328 non
2132 3277 2460 3350 poterunt,
2486 3267 2789 3352 predicta

480 3355 711 3420 domus
741 3368 809 3420 et
838 3351 1113 3417 aedifleia
1139 3351 1573 3428 destruantur,
1594 3362 1707 3415 aut
1728 3349 1957 3414 domus
1980 3349 2083 3415 vel
2106 3351 2381 3418 aedificia
2401 3354 2467 3417 in
2492 3356 2787 3422 manerio

529 3441 660 3506 uod
705 3453 974 3504 vocatur
1023 3438 1086 3502 le
1139 3435 1474 3503 Welehall
1524 3458 1641 3522 per
1693 3435 2182 3502 inundacionem
2228 3459 2416 3526 aquae
2464 3439 2550 3505 de
2600 3440 2787 3508 Ouse

481 3463 822 3592 diruantur
871 3523 971 3590 vel
1020 3535 1468 3610 asportentnr3
1512 3523 1701 3588 salvis
1732 3524 1989 3608 insuper
2017 3522 2257 3590 eisdem
2288 3527 2781 3608 mercatoribus,

481 3627 552 3679 et
597 3611 860 3678 cuilibet
887 3631 1132 3688 eorum,
1181 3623 1249 3675 et
1293 3609 1627 3710 assignatis
1657 3607 1807 3688 suis,
1858 3608 2064 3676 bladis
2102 3611 2231 3676 suis
2288 3611 2562 3697 propriis
2610 3615 2785 3682 infra

481 3699 777 3787 predicta
825 3695 1121 3762 maneria
1161 3696 1486 3761 seminatis
1545 3698 1613 3760 in
1672 3696 1866 3760 finem
1908 3697 2163 3762 termini
2208 3699 2504 3785 praedicti
2536 3699 2783 3768 ibidem

483 3783 917 3852 crescentibus
959 3805 1085 3870 pro
1135 3783 1472 3849 voluntate
1520 3805 1640 3848 sua
1686 3781 2004 3848 cariandis
2062 3797 2132 3848 et
2176 3785 2609 3870 asportandis,
2642 3809 2781 3889 quo

475 3875 819 3952 voluerint,
874 3868 1058 3936 simul
1107 3892 1254 3936 cum
1283 3870 1421 3935 aliis
1447 3868 1635 3933 bonis
1674 3882 1743 3933 et
1786 3869 2031 3934 catallis
2060 3871 2190 3935 suis
2222 3883 2379 3936 tunc
2408 3871 2647 3938 ibidem
2682 3897 2785 3938 m·-

475 3961 688 4028 ventis
717 3975 784 4025 et
809 3958 1253 4036 existentibus,
1285 3957 1420 4023 sine
1448 3954 1913 4041 impedimento
1942 3956 2162 4043 aliquo
2178 3957 2449 4042 predicti
2472 3959 2781 4047 Episcopi

479 4061 547 4115 et
574 4067 1014 4113 successorum
1045 4064 1304 4110 suorum
1335 4065 1450 4130 per
1479 4043 1611 4106 vias
1630 4054 1695 4106 et
1723 4043 1979 4107 semitas
2007 4063 2127 4127 per
2154 4057 2391 4109 terram
2420 4057 2489 4111 et
2518 4068 2779 4134 aquam.

481 4135 572 4202 Et
599 4133 943 4220 pra-,dictus
1001 4129 1355 4218 Episcopus
1398 4127 1713 4195 concessit
1746 4151 1862 4214 pro
1907 4149 1977 4194 se
2028 4143 2097 4195 et
2124 4131 2595 4197 successoribus
2644 4135 2781 4199 suis

525 4222 657 4287 uod
687 4219 805 4307 ipsi
847 4217 1086 4284 faciant
1120 4220 1334 4284 levare
1363 4216 1579 4282 omnia
1606 4215 1831 4281 debita
1870 4237 2021 4302 quae
2065 4215 2129 4280 in
2159 4218 2291 4282 fine
2320 4218 2581 4283 termini
2610 4242 2783 4306 proe-

479 4243 637 4373 dicti
687 4327 806 4392 per
849 4326 1286 4392 quoscumque
1340 4315 1634 4369 tenentes
1686 4301 1755 4366 in
1813 4301 2099 4387 praesatis
2142 4303 2443 4370 manerIis
2486 4307 2778 4392 praefatis

478 4393 764 4460 Johanni
817 4391 1189 4479 Bonseign‘‚
1245 4389 1551 4468 Girardo,
1604 4387 1927 4474 Philippo,
1964 4389 2318 4476 Stephano,
2352 4413 2428 4456 ac
2456 4407 2779 4461 mercato-

480 4482 656 4548 ribus
676 4479 1029 4568 praedictis,
1061 4490 1173 4544 aut
1219 4477 1331 4544 uni
1361 4497 1609 4556 eorum,
1643 4473 1988 4559 contigerit
2016 4489 2234 4543 aretro
2262 4499 2420 4557 esse,
2451 4493 2779 4566 quatenus
