3000 5117
561 481 660 545 50
1019 490 1226 542 rus'r.
1281 487 1643 540 nummu.
1686 485 2149 537 scmrroans
2186 485 2398 538 raas.

469 650 511 746 [
567 653 752 721 vobis
805 651 1211 720 exhibuimus
1239 647 1685 726 reverentiam,
1746 669 1939 736 quam
1998 647 2187 714 alteri
2244 647 2667 717 faceremus.”
2762 647 2879 712 Ad

567 743 712 807 haec
745 742 1126 827 Episcopus,
1177 748 1223 780 “
1249 737 1505 802 Falsum
1550 749 1670 814 est,
1726 735 2025 822 quoniam
2071 757 2184 800 vos
2214 735 2518 800 tenemini
2578 735 2883 822 profiteri

565 851 783 893 coram
817 850 939 905 me,
971 841 1040 892 et
1082 825 1450 912 frequenter
1481 845 1591 888 vos
1622 823 1861 900 monui,
1894 845 2011 908 per
2068 824 2289 888 literas
2334 835 2401 888 et
2446 822 2692 888 medias
2722 843 2885 906 per-

567 937 776 994 sonas,
807 929 882 980 ut
909 915 1034 980 hoc
1063 913 1374 989 faceretis,
1405 909 1521 976 sed
1550 932 1802 996 semper
1832 909 2277 976 inobedientes
2304 907 2531 988 fuistis,
2562 924 2629 975 et
2658 909 2885 975 adhuc

571 1003 720 1068 estis
745 1026 763 1078 3
810 1001 1066 1068 creditis
1099 1023 1214 1066 vos
1237 998 1475 1064 habere
1514 997 1801 1062 Priorem
1831 997 1915 1062 de
1944 996 2261 1062 monacho
2292 1018 2421 1060 non
2453 996 2743 1082 professo
2761 997 2885 1074 ἶν’]

577 1090 944 1176 Respondit
985 1086 1247 1152 sacrista
1285 1108 1354 1151 se
1385 1107 1751 1172 nuncquam
1776 1083 2191 1149 monitionem
2222 1083 2502 1171 aliquam
2530 1082 2889 1148 audivisse.

581 1177 669 1242 Et
711 1176 882 1242 facta
938 1172 1350 1240 altercatione
1395 1171 1564 1236 inter
1606 1170 1873 1236 clericos
1906 1170 2212 1256 Episcopi
2257 1187 2325 1236 et
2368 1172 2716 1248 sacristam,
2752 1169 2891 1233 illis

573 1262 1004 1348 allegantibus
1033 1261 1158 1326 hoc
1187 1260 1323 1325 fieri
1355 1259 1421 1324 in
1451 1259 1751 1324 omnibus
1776 1259 2057 1324 ecclesiis
2082 1257 2572 1324 cathedralibus
2592 1257 2889 1342 Angliae,

577 1351 690 1416 ubi
741 1350 992 1415 Priores
1035 1349 1306 1414 subsunt
1356 1345 1709 1431 Episcopi&
1744 1345 1884 1431 ipso
1912 1369 1951 1410 e
1982 1367 2292 1410 converso
2320 1345 2643 1430 allegante
2672 1345 2895 1410 eccle-

578 1438 738 1504 siam
773 1435 1274 1501 Dunolmensem
1327 1434 1410 1500 ad
1455 1432 1581 1498 hoc
1615 1455 1745 1498 non
1794 1432 2021 1510 teneri,
2068 1455 2148 1496 eo
2192 1432 2367 1519 quod
2402 1431 2591 1496 Prior
2622 1431 2893 1497 Dunol-

577 1527 834 1602 mensis,
881 1543 967 1589 ex
1011 1521 1196 1608 privil
1285 1519 1370 1599 io,
1414 1520 1568 1604 jura
1620 1520 1893 1584 Abbatis
1944 1519 2245 1594 habebat,
2348 1520 2590 1584 uamvis
2632 1541 2894 1584 nomen

583 1609 844 1688 Priori&
891 1627 961 1674 et
1003 1608 1098 1673 ad-
1135 1609 1240 1674 Ab
1287 1621 1423 1672 ates
1481 1609 1761 1693 pertinet
1801 1606 2231 1693 professiones
2362 1605 2612 1672 mittere
2658 1629 2896 1670 mona-

579 1699 850 1763 chorum
877 1718 910 1773 3-
942 1696 1008 1760 in
1046 1695 1344 1772 crastino,
1374 1715 1552 1771 vero,
1586 1717 1791 1772 mane,
1836 1693 2005 1758 misit
2038 1691 2397 1779 Episcopus
2426 1693 2599 1778 apud
2632 1693 2891 1759 Dunel-

579 1808 758 1850 mum
787 1783 1047 1850 fratrem
1079 1787 1144 1849 A
1167 1782 1249 1847 de
1271 1781 1350 1847 Cl
1397 1781 1562 1860 fton,
1584 1781 1925 1866 magistros
1948 1781 2389 1846 Alexandrum
2420 1781 2503 1846 de
2524 1781 2897 1846 Alvertone

583 1887 651 1938 et
687 1871 1036 1936 Ricardum
1080 1869 1164 1934 de
1198 1869 1328 1934 Bra
1377 1869 1537 1947 well,
1584 1883 1651 1934 et
1678 1869 2010 1934 dominum
2044 1867 2367 1933 Thomam
2397 1867 2482 1934 de
2512 1868 2843 1933 Leusham
2872 1891 2897 1944 ς

583 1961 718 2047 qui,
767 1957 1135 2024 convocatis
1177 1955 1498 2032 fratribus,
1540 1969 1984 2043 exposuerunt
2014 1955 2107 2020 eis
2140 1955 2538 2020 voluntatem
2572 1955 2899 2041 Episcopi

583 2069 777 2134 super
805 2044 1180 2132 praemissi83
1227 2056 1567 2108 monentes
1604 2067 1741 2118 eos,
1772 2057 1841 2108 et
1868 2056 2193 2128 rogantes,
2226 2057 2301 2109 nt
2342 2042 2408 2106 in
2440 2042 2565 2108 boc
2593 2041 2901 2108 difficiles

583 2158 655 2201 se
703 2157 838 2199 non
889 2133 1282 2207 redderent3
1330 2139 1508 2214 {cum
1553 2131 1677 2196 hoc
1708 2131 2023 2196 deberent
2050 2131 2263 2195 faeere
2294 2142 2425 2195 tam
2474 2130 2561 2196 de
2610 2152 2901 2195 consue-

589 2222 814 2287 tudine
861 2234 1160 2306 optenta,
1206 2233 1496 2304 tempore
1550 2218 1899 2283 multorum
1950 2218 2495 2304 praedecessornm
2557 2216 2901 2302 Episcopi,

583 2331 778 2397 quam
824 2329 938 2394 per
981 2308 1044 2372 le
1095 2308 1484 2383 CouvsmT,
1538 2306 1706 2371 inter
1758 2305 2149 2391 Episcopum
2194 2320 2263 2370 et
2319 2303 2716 2390 Capitulum,
2766 2327 2900 2370 nec

585 2419 706 2485 per
727 2396 851 2461 hoc
881 2395 1278 2460 decresceret
1299 2394 1390 2458 eis
1423 2415 1543 2458 nec
1572 2405 1957 2458 accresseret
2005 2392 2351 2479 Episcop0,
2386 2408 2453 2456 et
2482 2393 2537 2456 si
2560 2391 2683 2456 hoc
2712 2393 2898 2457 face-

585 2497 754 2562 rent,
815 2481 1174 2548 invenirent
1221 2503 1368 2546 eum
1425 2479 1492 2543 in
1552 2483 1803 2546 caeteris
1861 2479 2279 2565 graciosum.}
2370 2478 2617 2544 Habito
2688 2478 2903 2570 igitur

586 2583 886 2649 tractatu,
918 2568 1091 2656 prius
1121 2567 1591 2654 responderunt
1619 2569 2012 2652 Conventus,
2038 2567 2215 2654 quod
2232 2568 2441 2653 parati
2465 2580 2649 2632 erant
2670 2567 2898 2634 facere

586 2657 892 2746 quicquid
938 2656 1284 2722 debebant.
1382 2654 1467 2719 Et
1515 2655 1668 2742 quia
1714 2656 1777 2718 in
1828 2655 1887 2720 le
1935 2656 2324 2733 Convam'r,
2374 2653 2899 2738 [continebatur]

637 2746 776 2810 uod·
819 2743 1138 2822 monachi,
1199 2741 1372 2808 facta
1423 2742 1597 2827 prius
1644 2741 2035 2828 professione
2084 2763 2300 2807 coram
2362 2741 2613 2821 Priore,
2661 2759 2897 2828 postea

589 2769 908 2900 deberent
950 2832 1220 2897 eandem
1256 2851 1473 2896 eoram
1508 2828 1830 2914 Episcopo
1867 2829 2218 2919 [recitare]‘‚
2250 2841 2316 2893 et
2362 2829 2447 2893 ab
2490 2853 2576 2894 eo
2614 2831 2897 2916 solemp-

590 2943 744 2986 nem
788 2919 1308 2986 benedictionem
1351 2919 1668 3003 accipere,
1714 2916 2023 2982 dixerunt
2050 2917 2227 3004 quod
2271 2915 2549 2981 libenter
2576 2917 2895 2998 facerent,

595 3007 952 3073 dummodo
981 3006 1254 3072 formam
1296 3004 1366 3069 in
1395 3005 1635 3090 scripto
1666 3003 1963 3070 traditam
1996 3027 2127 3069 non
2158 3003 2569 3082 excederent,
2600 3026 2721 3072 nec
2752 3030 2898 3072 mu-

593 3109 848 3162 tarent:
881 3109 950 3160 et
971 3095 1096 3160 hoc
1118 3093 1178 3158 ei
1201 3115 1325 3177 per
1343 3115 1492 3158 suos
1514 3093 1768 3157 mittere
1790 3093 2153 3158 voluerunt.
2224 3090 2494 3156 Nunciis
2515 3114 2676 3176 ergo
2702 3093 2901 3180 Epis*

594 3183 742 3269 copi
785 3182 870 3248 ad
901 3182 1110 3268 ipsum
1164 3203 1309 3245 cum
1355 3179 1595 3264 gaudio
1624 3194 1887 3264 propter
1926 3201 2029 3244 res
2076 3177 2409 3244 onsionem
2446 3178 2895 3260 redeuntibuS,

593 3273 770 3336 missi
797 3285 948 3334 sunt
977 3269 1060 3334 ad
1106 3274 1288 3348 [eum
1326 3266 1408 3336 R.
1441 3266 1527 3332 de
1559 3265 1871 3354 Medeley
1922 3281 1989 3332 et
2108 3317 2125 3335 .
2176 3266 2259 3331 de
2315 3265 2740 3348 Horncaster‚
2797 3268 2901 3336 W.

595 3358 682 3422 de
740 3356 1058 3423 Gretham
1109 3369 1178 3419 et
1226 3355 1531 3438 magister
1581 3357 1641 3420 A
1670 3353 1753 3418 de
1784 3353 2253 3438 Derl’rngtone]
2285 3374 2305 3430 3
2348 3353 2461 3441 qui
2488 3353 2546 3420 ei
2577 3353 2899 3436 dicerent,

596 3444 774 3531 quod
812 3445 1182 3509 Conventus
1225 3455 1482 3526 paratus
1512 3457 1653 3505 erat
1682 3439 2141 3526 professionem
2194 3463 2370 3506 suam
2418 3463 2635 3508 coram
2664 3465 2749 3509 eo
2794 3467 2907 3509 re-

597 3531 834 3617 cipere,
889 3544 956 3594 et
995 3528 1519 3593 benedictionem
1560 3529 1952 3612 solempnem
1984 3528 2277 3617 accipere
2303 3552 2338 3609 3
2356 3529 2473 3596 sed
2502 3529 2773 3596 chorum
2804 3532 2905 3596 in-

597 3617 782 3721 gredi
814 3639 943 3681 non
974 3615 1299 3694 cucullati,
1329 3627 1396 3680 et
1427 3615 1517 3680 ibi
1544 3616 1629 3679 ab
1660 3639 1739 3680 eo
1768 3615 1968 3694 indui,
2002 3629 2069 3682 et
2097 3616 2189 3680 sic
2218 3639 2337 3703 per
2366 3617 2653 3684 triduum
2684 3619 2905 3686 velata

597 3707 764 3771 lucie
795 3703 1117 3781 incedere,
1142 3703 1324 3790 quasi
1354 3703 1531 3767 nulla
1558 3715 1729 3767 esset
1760 3702 1862 3768 vel
1879 3703 2083 3768 inanis
2103 3704 2413 3789 professio
2428 3727 2655 3770 eorum
2676 3728 2907 3774 coram

607 3793 832 3858 Priore
861 3791 1052 3868 facta,
1085 3790 1370 3878 quamvis
1400 3791 1607 3877 ipsum
1642 3789 1769 3855 hoc
1801 3791 1964 3856 velle
1988 3792 2348 3870 crederent,
2396 3792 2461 3856 id
2494 3793 2673 3858 nullo
2696 3797 2904 3862 modo

599 3881 820 3948 facere
851 3879 1210 3945 voluerunt.
1283 3878 1667 3963 [Rogabant
1698 3876 1915 3958 etiam,
1992 3879 2121 3943 uod
2150 3878 2316 3944 sicat
2346 3879 2465 3965 ipsi
2488 3880 2695 3965 parati
2716 3899 2910 3952 erant

600 3969 908 4036 articulos
950 3967 1015 4031 in
1059 3967 1120 4032 le
1157 3967 1525 4031 Convnm'r
1554 3983 1893 4030 contentos
1924 3901 2282 4042 otivservare,
2312 3966 2447 4053 ipse
2476 3967 2781 4034 articulos
2812 3995 2905 4037 ex

601 4075 786 4144 parte.
831 4077 948 4121 sua
993 4054 1258 4120 omissos
1309 4054 1676 4138 corrigeret,
1726 4067 1794 4117 et
1841 4053 1925 4119 de
1976 4069 2216 4119 caetero
2258 4054 2499 4120 faceret
2542 4056 2903 4127 observari.

603 4145 755 4209 Istis
802 4141 1063 4220 auditis,
1109 4141 1366 4206 subrisit
1423 4141 1801 4228 EpiscopuS,
1834 4141 2077 4220 dicenS,
2130 4151 2173 4184 “
2194 4142 2248 4206 si
2276 4155 2710 4228 apponeretur
2738 4147 2905 4217 mihi

603 4231 916 4296 ferculum
963 4229 1334 4308 delicatum,
1382 4229 1625 4316 absque
1673 4228 2105 4307 condimen10‚
2138 4251 2270 4294 non
2300 4230 2709 4296 obmitterem
2738 4235 2907 4319 quin

603 4318 1008 4384 comederem
1035 4341 1054 4393 3
1079 4315 1278 4402 magis
1309 4317 1591 4402 placeret
1611 4315 1665 4379 si
1686 4316 2165 4382 condimentum
2190 4315 2481 4383 haberet.
2544 4319 2681 4383 Vos
2706 4321 2910 4389 vultis

603 4406 846 4471 habere
868 4405 1180 4470 ferculum
1205 4403 1342 4468 sine
1365 4404 1799 4483 condiment0‚
1826 4420 1915 4483 et,
1940 4427 2026 4469 ex
2046 4428 2179 4492 qno
2203 4405 2384 4471 vobis
2409 4405 2641 4490 placet,
2666 4409 2911 4477 sufficit

603 4492 818 4560 mihi?
913 4493 989 4561 In
1035 4491 1309 4560 crastino
1350 4513 1525 4574 vere,
1572 4491 1637 4558 in
1680 4513 1931 4572 aurora,
1967 4492 2207 4560 vocatis
2238 4493 2487 4561 nunciis
2518 4517 2737 4561 coram
2768 4497 2905 4566 cle-
