3000 5117
547 415 692 490 lxiv
977 437 1184 488 msr.
1226 436 1586 489 nnnsmu.
1627 435 2093 490 scau’roans
2130 435 2347 488 runs,-

543 614 757 667 tamen
783 597 1092 664 karissimi
1139 598 1203 662 in
1241 597 1505 665 Christo
1548 597 1665 663 filii
1696 599 1920 678 nostri,
1960 597 2223 664 Ricardi
2259 598 2617 685 Anglorum
2648 598 2845 682 regis,

541 709 734 776 quem
787 685 960 752 inter
1008 701 1276 752 coeteros
1328 685 1501 750 orbis
1552 687 1875 772 principes
1920 683 2186 751 sincerae
2236 685 2520 752 caritatis
2566 686 2846 752 brachiis

540 775 1000 859 amplexamur,
1031 773 1329 861 quaedam
1361 772 1478 838 tibi
1508 772 1867 858 specialiter
1893 771 2195 838 duximus
2224 773 2633 859 injungenda,
2654 795 2841 859 quae,

541 874 716 926 statu
743 861 1076 926 orientalis
1122 874 1312 925 terrae
1349 859 1783 938 considerato,
1830 859 2225 945 temporibus
2270 862 2429 938 istis,
2460 859 2651 926 alicui
2672 883 2845 925 sano

539 963 609 1014 et
627 949 795 1014 bene
819 947 1053 1014 valenti
1071 967 1202 1012 non
1220 947 1476 1013 fueram
1506 947 1591 1012 de
1616 944 1787 1012 sacili
1812 947 2256 1024 concedenda3
2305 949 2469 1013 lude
2494 961 2610 1025 est,
2636 948 2839 1035 quod,

542 1057 691 1100 cum
720 1035 895 1101 idem
919 1033 1179 1100 illustris
1210 1033 1377 1112 Rex,
1409 1045 1606 1120 prout
1636 1033 1876 1120 scripto
1906 1033 2090 1099 nobis
2120 1048 2187 1101 et
2216 1035 2462 1100 nunciis
2493 1034 2839 1112 intimavit,

531 1145 658 1224 pro
703 1121 888 1208 regni
933 1122 1031 1186 sui
1082 1121 1378 1187 custodia
1429 1134 1494 1186 te
1555 1119 1635 1186 ad
1668 1143 1929 1207 presens
1958 1121 2221 1186 duxerit
2252 1146 2291 1186 a
2317 1121 2845 1187 Jerosolimitano

535 1210 768 1275 itinere
798 1208 1231 1287 retinendum,
1277 1223 1350 1273 et
1397 1230 1517 1272 nos
1546 1207 1667 1292 ipsi
1711 1230 1912 1297 regno
1959 1231 2077 1272 sno
2134 1207 2442 1295 expedire
2474 1209 2839 1288 credamne,

537 1297 734 1383 ipsius
775 1296 970 1380 Regis
1000 1296 1292 1382 precibus
1321 1296 1676 1381 provocati,
1710 1309 1778 1361 et
1808 1295 2218 1361 ecclesiarum
2244 1295 2521 1360 utilitate
2546 1311 2839 1382 pensata,

535 1382 922 1450 staternitati
969 1396 1102 1448 tuae
1167 1382 1553 1448 auctoritate
1606 1382 2003 1468 presencium
2048 1381 2337 1448 districte
2401 1383 2839 1470 proecipimns,

537 1471 837 1560 quatinus
867 1491 1070 1558 nsque
1115 1470 1201 1534 ad
1246 1470 1529 1535 reditum
1551 1469 1745 1556 ipsius
1781 1468 2002 1555 Regis,
2031 1491 2224 1556 quem
2254 1493 2655 1557 prosperum,

535 1561 714 1624 mino
771 1559 962 1637 duce,
1022 1556 1477 1635 desideramus,
1532 1579 1575 1620 a
1622 1557 1957 1643 proposito
2008 1579 2141 1621 non
2198 1570 2549 1644 postponas
2600 1558 2841 1625 itinere

537 1667 909 1722 remanere3
955 1667 1068 1710 eos
1119 1665 1278 1708 vero
1322 1644 1434 1731 qui
1479 1644 1817 1710 occasione
1878 1658 1991 1710 tua
2034 1666 2289 1709 crucem
2329 1661 2837 1731 assumpserant,

535 1755 697 1822 quos
742 1731 860 1798 tibi
903 1730 1291 1797 necessarios
1323 1730 1578 1808 videris,
1610 1731 1907 1796 volumus
1938 1743 2009 1797 ut
2036 1731 2159 1796 tibi
2188 1731 2378 1797 liceat
2404 1733 2490 1798 ad
2522 1748 2705 1798 tuum
2738 1734 2843 1796 in-

533 1820 720 1886 terim
751 1819 1079 1886 servitium
1099 1818 1396 1886 retinere.
1493 1817 1652 1884 Post
1666 1818 1947 1884 reditum
1975 1832 2193 1884 autem
2224 1820 2497 1905 predicti
2535 1819 2735 1909 Regis
2768 1821 2841 1884 in

531 1910 800 1994 optione
847 1919 962 1973 tua
1005 1905 1300 1991 ponimus
1348 1919 1562 1971 utrum
1592 1918 1829 1971 terram
1852 1919 2136 1972 sanctam
2166 1907 2233 1971 in
2265 1928 2538 1993 persona
2565 1909 2841 1994 propria

536 1995 642 2060 vel
670 1996 862 2060 rebus
893 1992 1165 2058 volneris
1195 1991 1480 2060 visitare.
1576 1991 1843 2058 Interim
1874 2006 2113 2072 tamen,
2146 1993 2298 2082 qnia
2318 2016 2437 2060 nec
2469 2008 2584 2059 tuo
2613 1995 2837 2062 officio

533 2105 622 2148 ex
753 2084 826 2160 it,
859 2103 982 2146 nec
1023 2079 1282 2145 videtur
1324 2102 1705 2168 congruum,
1730 2079 1939 2144 crucis
1984 2081 2167 2170 signa
2198 2081 2463 2146 Domini
2508 2082 2829 2167 bajulare,

533 2191 618 2234 vo
647 2191 828 2236 umus
861 2181 932 2232 ut
962 2189 1217 2232 crucem
1247 2167 1557 2253 deponas,
1652 2167 1723 2232 Si
1752 2189 1908 2232 vero
1930 2167 2197 2233 interim
2220 2169 2495 2269 aliquem
2527 2191 2615 2234 ex
2645 2171 2837 2236 vobis

529 2257 700 2324 viam
748 2255 1064 2320 universae
1113 2255 1322 2320 carnis
1364 2252 1437 2319 in
1483 2255 1657 2320 bona
1712 2254 2109 2321 confessione
2166 2257 2508 2340 contigerit
2556 2255 2833 2341 ingredi,

529 2343 697 2411 illius
744 2341 1133 2408 remissionis
1181 2343 1270 2408 de
1299 2341 1676 2428 apostolicae
1705 2341 1873 2406 sedis
1916 2342 2327 2428 indulgencia
2367 2345 2686 2431 particeps
2715 2345 2837 2411 ha-

537 2435 768 2500 beatur
811 2453 958 2518 quoe
999 2425 1068 2493 in
1112 2451 1388 2514 persona
1430 2430 1693 2514 propria
1720 2429 2159 2495 laborantibus
2189 2443 2288 2495 est
2317 2431 2585 2498 indulta.
2652 2431 2837 2500 Data

536 2519 838 2590 Lateran’
874 2539 949 2588 11.
971 2517 1156 2583 nonis
1189 2516 1587 2594 Decembris,
1619 2515 2034 2604 pontificatus
2064 2518 2267 2582 nostri
2294 2541 2467 2584 anno
2498 2519 2812 2587 secunde.

885 2887 1037 2932 XLV.
1081 2885 1307 2930 cnam
1335 2885 1651 2930 nUGoms
1684 2887 1997 2934 muscum
2032 2891 2119 2934 Dr.
2152 2891 2357 2936 VILLA
2386 2893 2477 2936 DE

1435 2973 1926 3023 rnocnssrmz‘r.

1396 3091 1553 3162 [neg.
1582 3094 1631 3146 1.
1652 3093 1741 3148 fol.
1772 3093 1868 3147 142
1890 3097 1969 3162 a]

618 3215 719 3282 H.
785 3211 892 3277 dei
949 3209 1168 3296 gracia
1240 3207 1697 3276 Dunelmensis
1774 3212 2152 3302 Episcopus,
2224 3219 2521 3284 omnibus
2586 3233 2835 3289 sanctae

525 3302 744 3370 matris
773 3299 1064 3366 ecclesiae
1096 3295 1261 3373 filiis,
1294 3295 1590 3367 salutem.
1690 3299 1921 3367 Sciatis
1950 3325 2087 3380 nos,
2117 3305 2521 3386 concessisse,
2553 3308 2829 3389 dedisse,

529 3407 600 3458 et
631 3391 752 3456 hac
798 3382 1104 3473 praesenti
1157 3395 1375 3447 nostra
1426 3399 1605 3450 carta
1655 3389 2088 3469 confirmasse,
2134 3393 2374 3458 dilecto
2416 3393 2557 3459 filio
2600 3413 2831 3462 nostro

529 3476 825 3546 Henrico
870 3474 954 3538 de
987 3471 1297 3546 PuteacO,
1323 3481 1392 3533 et
1421 3469 1768 3538 heredibus
1798 3476 1947 3556 suis,
1980 3499 2099 3563 pro
2128 3479 2432 3565 homagio
2461 3495 2529 3547 et
2556 3483 2831 3551 servicio

527 3587 669 3643 sno,
722 3561 938 3626 villam
982 3556 1066 3622 de
1101 3555 1510 3657 Ybockcflen
1544 3582 1689 3624 cum
1721 3565 2014 3630 omnibus
2044 3565 2128 3631 ad
2158 3590 2302 3632 eam
2332 3569 2828 3654 pertinentibus,

525 3654 595 3719 in
638 3649 836 3716 feodo
865 3660 932 3712 et
960 3643 1344 3722 hereditate,
1377 3647 1719 3713 tenendam
1750 3649 1832 3716 de
1862 3653 2048 3718 nobis
2078 3665 2148 3718 et
2175 3657 2649 3723 successoribus
2680 3683 2835 3724 nos-

521 3739 639 3806 tris
681 3737 904 3814 libere,
937 3734 1178 3834 quiete,
1211 3729 1483 3832 integre,
1516 3748 1583 3800 et
1610 3735 1987 3806 honorifice.
2072 3739 2439 3809 Reddendo
2469 3743 2621 3810 inde
2642 3747 2831 3813 nobis

523 3841 597 3896 et
645 3822 1112 3891 successoribus
1157 3833 1388 3884 nostrus
1434 3823 1762 3889 annuatim
1816 3842 2094 3915 quatuor
2134 3851 2381 3896 marcas
2420 3834 2698 3917 argenti,
2746 3837 2831 3901 ad

521 3927 801 4006 quatuor
852 3907 1156 3975 terminos
1202 3907 1271 3971 in
1338 3907 1831 3978 Houedenschir
1876 3927 2150 3983 statutos
2194 3931 2444 3984 tantum
2488 3941 2613 4004 pro
2644 3924 2831 3988 omni

523 4000 812 4070 servicio.
909 3997 1132 4072 Quare
1150 3993 1443 4061 volumus
1472 3998 1648 4085 qnod
1679 4001 2030 4085 praedietus
2068 4005 2411 4084 Henricus,
2443 3998 2513 4070 'et
2544 4007 2827 4075 heredes

523 4091 622 4156 sni
674 4099 821 4175 post
872 4106 1042 4162 eum,
1089 4082 1368 4148 habeant
1413 4098 1480 4149 et
1523 4099 1785 4153 teneant
1824 4089 1992 4156 bene
2038 4105 2105 4156 et
2142 4092 2207 4157 in
2238 4113 2397 4178 pace
2426 4093 2509 4159 de
2537 4095 2731 4162 nobis
2762 4112 2829 4162 et

519 4173 989 4245 successoribus
1021 4169 1251 4235 nostris
1275 4171 1647 4256 praedictam
1673 4175 1887 4242 villam
1911 4177 1995 4244 de
2030 4179 2480 4260 Yhockeflete,
2512 4203 2661 4246 curn
2686 4205 2828 4249 om-

525 4265 714 4332 nibns
767 4260 851 4326 ad
895 4281 1040 4325 eam
1087 4258 1577 4344 pertinentibnS,
1613 4261 1677 4326 in
1708 4263 1871 4328 lofto
1901 4279 1970 4330 et
2001 4267 2218 4352 plano,
2250 4269 2315 4332 in
2347 4269 2648 4354 planis-et
2678 4295 2828 4373 pas-

523 4351 681 4430 cuis,
714 4351 778 4414 in
808 4348 922 4411 viis
960 4359 1028 4411 et
1057 4345 1320 4425 semitis,
1358 4345 1420 4412 in
1453 4347 1635 4436 aquis
1666 4353 1860 4415 moris
1892 4368 1958 4419 et
1992 4355 2297 4434 mariscis»,
2322 4357 2385 4418 in
2408 4357 2822 4436 molend1ni5‚

521 4455 588 4506 et
633 4435 928 4504 omnibus
971 4432 1110 4499 aliis
1147 4435 1532 4517 asiamentiS,
1567 4437 1649 4502 ad
1680 4439 2037 4526 predictam
2069 4442 2285 4512 villam
2318 4443 2399 4509 de
2436 4443 2825 4514 Yhockeflet
