3000 5117
565 447 692 517 Ixx
1047 466 1248 519 mss.
1288 463 1641 519 uenatu.
1682 465 2139 520 scmrroars
2176 465 2389 520 rans.

574 625 761 693 nobis
807 626 1122 714 imposito·
1150 631 1535 698 submittens
1576 630 1891 695 humeros·
1908 629 1993 696 ad
2020 630 2443 716 portandum,
2485 627 2666 694 omni
2695 650 2903 694 occa-

578 714 778 780 sione·
803 738 879 781 ac
922 717 1348 785 exscusacione
1391 730 1705 796 cessante,
1738 717 1875 782 sine
1918 739 2119 783 morae
2163 715 2505 804 dispendio
2530 716 2615 782 ad
2650 715 2893 782 Eccle-

577 801 742 865 siam
780 803 1062 868 accedas·
1091 805 1384 884 eandem,
1417 820 1677 872 aemrus
1707 805 2057 870 secundum
2104 805 2328 870 datam
2368 803 2487 869 tibi
2517 827 2567 869 a
2588 803 2895 869 Domino

575 889 849 972 gratiam
878 911 1099 954 curam
1129 891 1314 976 ejus3.
1347 893 1562 958 taliter
1590 905 1807 956 autem
1836 891 2254 976 beneplacitis
2281 890 2515 956 nostris
2534 890 2890 978 obsequiet

567 975 958 1064 jussionibus
987 979 1250 1044 studeas
1278 980 1543 1046 obedire
1572 978 1750 1067 quod
1779 977 2235 1045 inobedientiae
2279 981 2486 1044 vitato
2514 992 2697 1043 reatu
2728 979 2895 1043 obe·

577 1062 844 1129 dientiae
872 1064 1173 1130 meritum
1203 1067 1605 1132 voluntarius
1622 1065 1915 1151 proberis
1930 1066 2253 1152 amplecti,
2272 1088 2517 1153 nosque
2540 1065 2657 1130 tibi
2682 1085 2890 1152 prop-

575 1161 676 1215 ter
721 1153 846 1216 hoc
889 1152 1122 1219 reddas
1164 1153 1550 1220 favorabiles
1576 1167 1643 1220 et
1672 1152 1981 1238 benignos
2006 1177 2035 1230 3-
2070 1153 2341 1220 sciturus
2371 1152 2569 1241 quod,
2602 1153 2656 1216 si
2684 1152 2889 1230 adeo,

575 1238 755 1324 quod
797 1260 928 1304 non
973 1241 1312 1320 credimus,
1345 1257 1475 1309 tuae
1522 1242 1725 1306 velles·
1758 1240 2095 1330 indulgere
2136 1241 2366 1330 quieti,
2392 1252 2461 1305 ut
2494 1262 2658 1305 onus
2702 1239 2889 1326 quod

571 1323 756 1389 nobis
787 1325 1162 1394 incumbens
1193 1328 1310 1394 tibi
1354 1329 1747 1394 destinamus
1776 1327 2239 1415 imponendum
2270 1326 2597 1413 suscipere
2620 1326 2892 1392 detrec-

572 1423 712 1476 tare
755 1425 964 1497 potes,
997 1437 1125 1480 non
1172 1415 1490 1481 immerito
1534 1413 1882 1481 formidare
1924 1438 2007 1481 ne
2050 1441 2091 1482 a
2119 1431 2183 1482 te
2214 1415 2612 1505 requiramus
2642 1416 2711 1478 in
2767 1436 2890 1479 ex-

574 1513 785 1563 tremo
815 1501 1108 1566 examine
1137 1525 1352 1568 coram
1399 1502 1689 1567 districto
1708 1501 1929 1586 judice
1971 1504 2306 1571 rationem.
2394 1502 2575 1569 Data
2606 1501 2895 1588 Spoleti,

579 1605 637 1650 u
672 1586 824 1651 Idus
860 1586 1046 1668 Maii,
1080 1589 1497 1674 pontificatus
1528 1591 1730 1654 nostri
1760 1611 1928 1654 anno
1958 1591 2271 1656 secundo.

751 1954 904 2003 mn.
955 1953 1376 2000 coMPosrrro
1411 1955 1571 2007 QUAE:
1616 1953 1941 2001 vocamen
1974 1955 2059 2000 Lr.
2095 1955 2449 2001 couvnmr
2480 1955 2707 2002 m'rms

743 2042 1134 2087 tuscorum
1197 2043 1570 2088 RICARDUM
1632 2043 2023 2090 SECUNDUM„
2077 2043 2165 2088 BT
2224 2043 2548 2090 Pmoun!
2610 2045 2702 2089 BT

745 2129 1178 2174 coNVEerM
1210 2129 1769 2180 nux-ELMRNSEM.

1337 2249 1470 2315 ξ-Ει.
1491 2249 1638 2318 Orig-
1660 2251 1727 2301 A.
1750 2251 1792 2299 1.
1815 2252 1865 2300 2.
1894 2247 2120 2316 Pontlfl}

661 2363 1254 2431 Omnibus=sanctae
1289 2363 1517 2429 matris
1546 2361 1834 2430 ecelesiae
1879 2365 2048 2442 filiis,
2074 2363 2157 2428 ad
2188 2385 2348 2450 quos
2366 2385 2651 2450 praesens
2676 2364 2893 2453 scrip-
2987 2411 2989 2428 ἱ

563 2463 703 2517 ωτι]
735 2451 1116 2538 pervenerit,
1159 2449 1478 2516 Ricardus-
1504 2449 1639 2515 Dei-
1660 2451 1864 2538 gratia
1898 2450 2352 2516 Dunelmensis
2388 2450 2743 2538 Episcopus
2776 2477 2886 2518 sa-
2986 2533 2989 2538 1

563 2539 781 2605 lutem·
810 2541 876 2603 in
927 2538 1230 2602 Domino.
1323 2538 1492 2602 Cum
1540 2559 1659 2622 per
1701 2538 2075 2602 “laudatum
2120 2539 2497 2603 sanctissimi
2541 2543 2745 2625 patris
2786 2541 2880 2606 G.

565 2649 756 2713 papae
787 2625 960 2704 noni,
999 2623 1456 2690 Dunelmensis
1486 2625 1779 2690 eeclesiae
1819 2627 2109 2710 regimen
2150 2627 2663 2711 suscepissemuS,
2700 2629 2880 2712 ejus-

563 2714 714 2778 dem
744 2712 1131 2798 reparationi
1161 2735 1237 2777 ac
1267 2711 1733 2789 reformationi,
1758 2712 1909 2798 paci·
1934 2727 2002 2777 et
2020 2713 2481 2801 tranquillitati,
2504 2716 2885 2799 prospicere
2987 2717 2989 2784 ζ

561 2801 879 2865 volumus,
973 2799 1182 2885 Igitur
1225 2821 1380 2864 cum·
1403 2800 1809 2884 temporibus
1860 2800 2181 2886 Hugonis,
2241 2801 2585 2887 Philipppi,
2620 2802 2882 2887 episco-
2986 2853 2989 2860 .

563 2909 797 2973 porum
846 2886 1405 2964 Dunelmensium,
1438 2886 1985 2972 praedecessorum
2028 2901 2417 2966 nostrorum,
2449 2903 2521 2952 et
2544 2889 2879 2975 praecipue
2987 2949 2989 2952 .

563 2989 856 3060 tempor-e
912 2972 1173 3039 Ricardi
1224 2974 1308 3039 de
1358 2973 1649 3040 Marisco
1704 2973 1987 3062 episcopi
2020 2974 2477 3040 Dunelmensis
2504 2977 2880 3062 praedeces-

559 3063 720 3127 soris
749 3062 978 3140 nostri,
1002 3061 1234 3126 multas
1264 3061 1738 3126 controversias·
1752 3074 1818 3126 et
1846 3083 2073 3150 graves
2096 3061 2391 3149 querelas
2412 3063 2581 3128 inter
2600 3063 2877 3128 eosdem

565 3149 924 3236 Episcopos
969 3163 1036 3214 et
1068 3149 1356 3214 Priorem
1403 3167 1472 3214 et
1506 3149 1921 3213 conventum
1950 3150 2457 3215 Dunelmensem
2498 3150 2877 3238 frequenter

559 3250 819 3302 exortas
866 3235 1424 3321 cognovissemus;
1498 3235 1831 3320 cupientes
1882 3257 2079 3322 super
2124 3237 2367 3302 eisdem
2420 3237 2873 3302 controversiis

559 3338 629 3389 et
673 3323 950 3411 querelis
994 3337 1238 3386 certam
1282 3335 1350 3386 et
1379 3322 1675 3386 stabilem
1704 3345 1781 3388 ac
1808 3323 2147 3388 honestam
2177 3325 2349 3410 pacis
2381 3324 2653 3390 formam
2696 3324 2875 3390 inter

559 3431 680 3475 nos
709 3425 778 3475 et
805 3430 1200 3474 successores
1234 3421 1480 3473 nostros
1512 3422 1579 3472 et
1608 3423 1995 3475 memoratos
2031 3411 2319 3476 Priorem
2348 3426 2417 3477 et
2451 3412 2875 3477 Conventum

557 3495 790 3562 futuris
819 3495 1214 3580 temporibus
1244 3495 1641 3573 duraturam,
1661 3497 2027 3582 providere,
2048 3498 2313 3563 tandem
2342 3498 2569 3563 habito
2586 3513 2872 3564 tractatu

561 3605 710 3648 euin
755 3581 916 3645 viris
951 3581 1261 3660 discretis,
1295 3583 1378 3647 de
1407 3604 1722 3648 consensu
1767 3597 1835 3649 et
1866 3585 2201 3650 voluntate
2238 3585 2566 3671 Radulphi
2602 3586 2867 3666 Primis,

561 3684 632 3736 et
664 3669 946 3754 Capituli
977 3669 1190 3732 nostri
1213 3670 1688 3750 Dunelmensis,
1722 3671 1807 3736 ad
1850 3671 2163 3737 honorem
2208 3672 2365 3751 Dei,
2392 3673 2579 3737 dictis
2608 3687 2869 3738 contro-

560 3757 781 3824 vei-siis
811 3771 879 3822 et
905 3756 1188 3844 querelis
1211 3756 1274 3820 in
1304 3757 1513 3821 forma
1540 3758 1897 3843 subscripta
1924 3759 2119 3825 finem
2165 3759 2603 3846 imposuimu3‚
2636 3783 2713 3825 ac
2742 3761 2864 3825 sub

560 3844 1010 3910 eisdem-inter
1033 3866 1150 3907 nos
1180 3865 1267 3908 ex
1297 3845 1425 3908 una
1455 3859 1640 3930 parte
1670 3860 1873 3931 parte,
1908 3859 1975 3910 et
2004 3847 2211 3912 dictos
2243 3844 2535 3912 Priorem
2566 3861 2633 3912 et
2666 3848 2864 3932 Capi-

559 3931 772 3997 tulum
813 3953 904 3996 ex
952 3931 1172 4010 altera,
1209 3933 1626 3997 convenit.in
1670 3933 1842 3998 hunc
1882 3933 2169 4002 modum.
2266 3933 2528 3998 Scilicet
2548 3935 2727 4021 quod
2752 3957 2869 3999 vo-

489 4047 496 4056 ’
559 4020 770 4085 lumus
818 4031 886 4084 et
937 4019 1359 4084 concedimus
1399 4019 1581 4106 quod·
1618 4019 1727 4105 jus
1780 4021 2217 4106 praesentandi
2261 4021 2347 4086 ad
2402 4021 2727 4087 Ecclesias
2780 4022 2865 4087 de

563 4106 920 4184 Houederb
970 4105 1331 4184 Welleton‚
1369 4105 1813 4185 Brentinham,
1852 4108 2304 4192 VValkingtom
2363 4108 2730 4193 Siggeston‚
2764 4132 2868 4174 re-

559 4205 821 4259 maneat
867 4194 1361 4278 inperpetuum
1407 4195 1734 4260 monachis
1768 4194 2313 4260 Dunelmensibus
2340 4194 2477 4258 sine
2506 4195 2868 4262 contradic-

561 4283 742 4346 tione
789 4281 1007 4345 nostra
1056 4279 1172 4345 vel·
1203 4302 1635 4346 successorum
1686 4294 2073 4351 nostrorum.
2222 4282 2541 4348 Custodia
2589 4305 2747 4348 vero
2798 4299 2863 4349 et

559 4381 890 4456 sequestra
934 4365 1159 4432 omnia
1197 4367 1629 4433 Ecclesiarum
1674 4391 1821 4456 quae
1862 4383 2011 4434 sunt
2040 4369 2134 4435 de'
2154 4369 2513 4436 donacione
2542 4369 2866 4437 dictorum

561 4454 1020 4522 monachorum
1049 4453 1122 4519 in
1150 4455 1545 4543 Episcopatu
1576 4455 2025 4538 Dunelmensi,
2054 4479 2201 4524 cum
2234 4457 2625 4537 vacaverint,
2678 4457 2871 4524 nobis
