3000 5117
676 507 1106 558 monem-us
1143 506 1260 580 nt:-
1283 503 1798 556 onus‘rmns.
2256 495 2397 576 107

137 668 208 731 de
239 667 374 732 Lek
425 668 874 754 appropriavit
917 690 1156 734 mensae
1191 665 1519 756 Episcopi,
1562 679 1885 732 reservata
1926 665 2047 731 sibi
2092 668 2401 752 pensione

139 775 339 831 annua,
392 765 460 818 et
519 755 830 841 Capitulo
863 755 1260 821 Ebot-acensi
1306 753 1449 832 alia,
1530 752 1623 817 ita
1664 765 1739 816 ut
1780 751 2050 819 cedente
2082 755 2181 818 vel
2214 754 2401 822 dece-

137 841 306 905 dente
331 855 589 906 rectore
629 842 742 929 qui
785 855 942 906 tunc
997 854 1156 920 erat,
1202 841 1425 906 liceret
1518 841 1785 925 piscopo
1813 839 2147 906 ecclesiam
2175 839 2267 906 sic
2292 863 2409 928 ap-

141 927 504 1012 propriatam
565 928 820 1014 ingredi
871 941 938 994 et
980 929 1253 1005 tenere],
1286 940 1352 992 et
1403 926 1492 990 sic
1545 926 1814 991 cessavit
1862 939 2209 1013 tempestas
2269 928 2400 995 illa.

145 1015 340 1092 [Anno
369 1037 528 1078 vero
556 1015 790 1102 gratim
833 1019 1297 1094 mcccxxv111,]
1329 1027 1555 1078 contra
1585 1012 2126 1078 Archidiaconum
2158 1015 2401 1080 North·

145 1099 396 1176 umbriae,
431 1100 764 1167 Thomam
793 1101 1033 1167 scilicet
1056 1102 1144 1167 de
1165 1100 1541 1177 Char-leton,
1572 1098 1888 1164 nitentem
1912 1100 2177 1166 visitare
2207 1103 2409 1168 eccle-

145 1187 244 1249 sias
269 1187 474 1251 Priori
495 1203 568 1252 et
599 1189 882 1274 capitulo
913 1187 1354 1274 appropriatas
1399 1187 1464 1250 in
1497 1185 1983 1265 Nerthumbria,
2016 1188 2408 1272 appellatum

145 1288 218 1336 est
231 1294 338 1356 per
360 1273 662 1338 Priorem
686 1288 753 1340 et
775 1275 1146 1360 capitulum,
1161 1286 1256 1362 [et
1278 1273 1663 1358 rescriptum
1686 1285 1787 1340 est
1806 1273 1891 1338 ad
1914 1273 2409 1360 appellationem

145 1381 240 1443 per
267 1359 688 1446 Episcopum,
743 1377 811 1428 et
850 1361 1188 1426 inhibitum
1232 1359 1749 1436 Archidiacon03
1794 1359 1904 1446 qui
1956 1362 2147 1426 etiam
2180 1360 2409 1428 inhibi-

141 1446 278 1510 n'oni
325 1447 538 1530 paruit
597 1461 666 1512 et
709 1449 1049 1534 rescripsit,
1103 1462 1171 1514 et
1215 1469 1438 1512 coram
1485 1445 1922 1510 commissario
1976 1446 2283 1534 Episcopi
2340 1449 2410 1515 in

151 1530 395 1599 Galilaea
451 1535 892 1602 Dunelmensi
946 1558 1066 1622 per
1137 1547 1622 1618 procuratorem
1682 1532 2081 1617 comparuit3
2154 1535 2269 1599 ubi
2326 1557 2412 1602 ex

143 1633 300 1701 parte
331 1619 578 1685 Prioris
621 1623 1022 1708 allegabatur
1063 1625 1273 1708 ipsum
1319 1641 1406 1686 ex
1449 1617 1783 1704 privilegio
1811 1641 1947 1684 esse
1994 1620 2414 1688 Archidiaco·

147 1725 274 1768 num
325 1707 390 1770 in
462 1708 770 1774 omnibus
844 1708 1122 1776 ecelesiis
1193 1707 1316 1772 sibi
1388 1705 1812 1792 appropriatis
1899 1706 1967 1772 in
2038 1707 2413 1794 episcopatu

95 1860 102 1870 ,
150 1791 564 1871 Dunelmensi,
618 1809 686 1861 et
731 1819 854 1881 per
899 1817 1298 1882 consequens
1357 1793 1421 1857 in
1469 1792 1977 1886 Northumbria3
2024 1809 2091 1860 et
2144 1793 2329 1874 alius,
2372 1819 2413 1862 e

150 1892 359 1956 contra,
399 1881 574 1944 dixit
625 1882 1130 1949 Archidiaconos
1187 1879 1699 1958 Northusnbriae,
1732 1882 1815 1946 ab
1862 1878 2074 1961 inicio,
2111 1881 2413 1968 jurisdic-

149 1965 359 2030 tionem
411 1967 878 2034 Archidiaconi
920 1971 994 2035 in
1042 1968 1166 2035 illis
1203 1967 1513 2045 ecclesiis,
1544 1965 1709 2032 sicut
1751 1968 1818 2031 in
1860 1967 1998 2032 aliis
2030 1969 2409 2040 exercuisse.

153 2049 415 2118 Tandem
465 2055 907 2123 mediantibus
935 2056 1172 2135 amicis,
1222 2067 1621 2120 recesserunt
1660 2052 1725 2117 in
1755 2077 1869 2140 spe
1900 2055 2073 2140 pacis
2118 2056 2255 2122 sine
2284 2056 2414 2123 die.

154 2137 261 2202 Sed
301 2162 472 2206 anno
515 2141 786 2210 Domini
809 2165 1184 2221 mcccxxxt,
1223 2143 1408 2208 Prior
1435 2143 1577 2206 illas
1606 2141 1903 2206 ecclesias
1935 2141 2257 2220 visitavit3
2288 2166 2419 2232 qua

151 2225 490 2292 visitacione
543 2227 723 2296 facta
785 2246 852 2296 et
897 2255 1032 2297 non
1078 2230 1432 2308 revocatm]
1496 2227 1684 2293 Prior
1741 2251 1885 2294 cum
1942 2229 2417 2296 Archidiacono

151 2311 224 2374 sic
249 2314 604 2402 composuit
626 2340 647 2394 3
691 2319 866 2405 quod
901 2317 1404 2383 Archidiaconus
1433 2327 1574 2382 tota
1601 2315 1734 2380 vita
1760 2337 1876 2380 sua
1902 2315 2415 2401 jurisdictionem

149 2398 204 2460 in
229 2400 476 2465 ecclesis
523 2401 652 2468 illis
697 2405 860 2471 sicut
900 2405 966 2468 in
995 2405 1134 2472 aliis
1165 2403 1450 2490 plenarie
1480 2416 1813 2470 exerceret
1838 2425 1857 2478 ;
1902 2402 2016 2468 sed
2051 2400 2241 2469 Prior
2266 2427 2420 2490 pro-

147 2486 480 2553 curationes
525 2490 880 2558 visitationi
925 2491 1176 2558 debitas
1217 2488 1478 2558 alternis
1522 2487 1764 2554 vicibus
1808 2489 2123 2575 reciperet
2152 2491 2271 2571 [de
2302 2491 2423 2556 eis-

154 2573 298 2638 dem.
387 2577 612 2642 Causa
652 2580 960 2646 inducens
1039 2578 1330 2643 Priorem
1375 2576 1459 2641 ad
1502 2576 2015 2662 componendum
2048 2591 2208 2657 erat,
2238 2580 2419 2666 quod

153 2675 349 2726 contra
417 2663 860 2731 visitacionem
930 2665 1168 2730 Prioris
1244 2663 1749 2730 Archidiaconus
1814 2663 2275 2749 appellaverat,
2352 2679 2419 2731 et

155 2748 380 2814 tuitorie
430 2752 518 2817 ad
574 2755 816 2818 curiam
869 2753 1338 2818 Eboracensem
1364 2775 1383 2828 ;
1431 2751 1583 2838 quia
1610 2773 1768 2836 ergo
1802 2751 1989 2818 Prior
2016 2753 2182 2817 solas
2212 2765 2419 2818 cartas

155 2833 370 2916 habuit,
419 2853 580 2906 ante
634 2842 1072 2908 visitacionem
1125 2839 1299 2905 illam
1343 2862 1382 2903 a
1424 2840 1823 2922 possessione
1856 2860 2105 2918 vacuas,
2138 2861 2257 2906 nec
2286 2839 2419 2907 ulla

155 2925 598 3007 compositione
642 2926 1094 2995 Archidiaconi
1141 2927 1496 3004 roboratas,
1530 2947 1613 2988 ne
1646 2924 1905 2990 tuitorie
1940 2925 2219 2991 visitacio
2250 2927 2422 2994 sacta

143 3008 264 3091 jam
289 3033 400 3096 per
431 3014 731 3080 Priorem
763 3013 1222 3092 adnullaretur,
1255 3026 1324 3078 et
1365 3034 1489 3097 pro
1538 3011 1717 3076 nullo
1746 3011 2300 3098 pronunciaretur‚
2332 3017 2426 3080 sic

159 3099 510 3184 composuit.
603 3103 934 3169 Dixerunt
983 3115 1198 3167 tamen
1249 3101 1470 3186 aliqui,
1526 3098 1701 3185 quod
1748 3119 1833 3162 ex
1862 3120 1993 3184 quo
2020 3098 2425 3183 privilegium

159 3181 262 3247 suit
299 3209 494 3251 unum
543 3187 632 3252 de
664 3188 1108 3275 jurisdictione
1155 3186 1729 3254 Archidiaconatus
1772 3207 2147 3250 concessum
2193 3185 2421 3266 Priori,

155 3291 258 3370 per
275 3277 848 3359 apprehensionem
880 3275 1296 3362 possessionis
1319 3274 1502 3338 unius
1525 3273 1749 3359 partis,
1782 3287 1919 3340 erat
1950 3271 2145 3338 totius
2174 3295 2428 3360 posses-

153 3381 239 3424 sio
262 3364 666 3451 perquisita]
