3000 5117
813 472 1230 527 Arrsnmx.
1259 474 1446 523 Anu.
1488 473 1997 527 mccccmtvn.
2368 460 2547 533 cccli

175 652 182 661 “
235 638 428 703 iidem
451 634 644 704 Prior
662 649 730 701 et
753 634 1123 721 Capitulum
1149 633 1519 720 apostolicae
1538 634 1707 699 sedis
1728 636 2077 701 remedium
2108 636 2548 724 implorarunt.

236 726 558 804 Quocirca
611 722 996 789 fraternitati
1045 736 1276 787 vestrae
1305 743 1424 806 per
1467 722 1825 809 apostolica
1868 726 2106 810 scripta
2152 730 2547 807 mandamus,

233 815 536 901 quatinus
567 832 798 875 omnes
845 809 1216 895 hujusmodi
1263 808 1551 873 occultos
1602 810 1969 877 detentores
2014 813 2341 893 arborum,
2374 817 2550 882 deci-

233 922 506 977 marum,
537 918 873 975 censuum,
919 897 1244 963 fructuum
1291 909 1357 960 et
1409 895 1677 961 aliorum
1724 896 2039 963 bonorum
2070 901 2545 985 praedictorunb

236 1010 322 1051 ex
367 1000 552 1072 parte
605 1000 826 1049 nostra
876 984 1132 1070 publice
1181 983 1244 1047 in
1293 982 1575 1048 ecclesiis
1606 1006 1819 1049 coram
1852 986 2113 1072 populo,
2140 1010 2259 1073 per
2300 1013 2413 1055 vos
2444 992 2549 1057 vel

236 1075 428 1139 alium
459 1098 576 1139 seu
625 1072 808 1149 alios,
859 1070 1170 1137 moneatis
1189 1093 1210 1148 3
1285 1084 1359 1134 ut
1419 1068 1587 1135 infra
1640 1087 2115 1157 competentem
2172 1076 2543 1155 terminum,

238 1184 427 1249 quem
460 1162 552 1226 eis
581 1158 990 1246 prefixeritis‚
1049 1178 1128 1221 ea
1155 1157 1439 1243 praefatis
1477 1157 1683 1222 Priori
1714 1172 1781 1223 et
1830 1160 2133 1246 Capitulo
2164 1184 2203 1226 a
2230 1186 2301 1228 se
2330 1165 2553 1231 debita

237 1249 580 1313 restituant
609 1262 676 1311 et
705 1246 996 1311 revelent
1022 1268 1040 1322 3
1087 1266 1164 1310 ac
1195 1244 1452 1331 deipsis
1481 1258 1549 1309 et
1578 1244 1871 1331 dampnis
1904 1247 2265 1332 hujusmodi
2294 1252 2550 1337 plenam

239 1350 306 1400 et
323 1335 612 1400 debitam
645 1333 1154 1399 satisfaccionem
1194 1331 1587 1417 impendant,
1620 1346 1687 1397 et
1717 1333 1771 1397 si
1804 1333 1869 1396 id
1900 1357 2030 1399 non
2061 1335 2550 1424 adimpleverint

237 1422 404 1487 infra
433 1422 628 1486 alium
659 1434 1134 1506 competentem
1167 1419 1531 1496 terminum,
1556 1441 1747 1506 quem
1772 1419 1865 1485 eis
1892 1422 1975 1487 ad
2010 1421 2133 1486 hoc
2164 1426 2551 1510 peremtorie

239 1508 550 1574 duxeritis
580 1507 1052 1594 prefigendum‚
1087 1519 1326 1571 extunc
1357 1508 1422 1570 in
1468 1506 1567 1571 >eis
1617 1508 1985 1591 generalem
2036 1514 2553 1579 excommunica·

237 1597 440 1661 cionis
469 1596 852 1661 sententiam
878 1592 1237 1679 proferatis,
1281 1606 1346 1656 et
1393 1614 1539 1657 eam
1584 1593 1849 1673 faciatis,
1900 1596 2010 1660 ubi
2040 1612 2109 1662 et
2148 1601 2409 1687 quando
2438 1624 2553 1665 ex-

236 1684 464 1769 pedire
499 1682 800 1759 videritis,
849 1704 1051 1768 usque
1097 1680 1178 1744 ad
1211 1679 1717 1745 satisfaccionem
1767 1682 2157 1769 condignam
2204 1687 2555 1753 solenniter

173 1772 182 1779 '
242 1770 573 1855 publicari.
627 1768 822 1843 Quod
853 1771 906 1831 si
939 1790 1068 1831 non
1099 1767 1292 1831 ambo
1322 1767 1443 1831 hiis
1465 1767 1822 1855 exquendis
1850 1773 2189 1856 potueritis
2219 1774 2551 1853 iuteresse,

240 1860 404 1921 alter
457 1872 736 1921 vestrum
783 1878 862 1920 ea
908 1854 1360 1920 nichilominus
1419 1869 1790 1941 exequatur.
1882 1858 2061 1923 Data
2096 1860 2347 1940 Romae,
2380 1865 2557 1951 apud

247 1944 562 2009 Sanctum
623 1943 940 2019 Marcum,
971 1964 1148 2007 anno
1197 1942 1659 2007 incarnacionis
1682 1944 2047 2009 Dominicae
2086 1951 2273 2029 1466,
2306 1951 2551 2017 duode-

238 2031 411 2095 cimo
441 2031 746 2097 kalendas
788 2031 830 2096 J
835 2029 970 2109 ulii,
1017 2029 1430 2115 pontificatus
1459 2028 1663 2093 nostri
1692 2051 1863 2095 anno
1888 2034 2199 2104 secundo.
2402 2048 2407 2057 ’

617 2444 852 2492 ὓῦιΧἿ.
908 2442 1204 2488 LITTERA
1233 2446 1434 2492 mssa
1467 2445 1737 2489 emnam
1773 2448 2197 2495 coanA'rm.

1048 2584 1208 2655 [neg.
1233 2585 1346 2638 111.
1373 2584 1529 2639 rm.
1550 2585 1585 2637 t:
1615 2587 1757 2653 iss]

341 2727 601 2793 Dilecte
630 2726 967 2802 confrater,
993 2724 1207 2789 votiva
1235 2726 1633 2793 salutacione
1661 2728 2007 2812 proemissa,
2040 2731 2296 2798 auribus
2324 2736 2555 2802 nostris

241 2816 632 2891 audivimus,
667 2827 735 2877 et
767 2827 980 2877 mente
1011 2814 1362 2892 turbamur,
1387 2814 1587 2901 quod,
1613 2818 1905 2901 quamvis
1928 2816 2247 2903 religionis
2264 2821 2557 2889 habitum

237 2923 523 2987 corpore
563 2898 854 2989 gesseriS,
889 2913 956 2963 tu
978 2914 1193 2964 tamen
1229 2901 1587 2985 regularem
1621 2901 1816 2965 vitam
1842 2916 1906 2971 et
1928 2926 2177 2973 morum
2198 2909 2557 2975 condecen-

243 2990 416 3055 ciam
471 2987 808 3051 observare
865 2986 1198 3051 manifeste
1242 2986 1666 3074 contempnis,
1720 3010 1866 3054 cum
1928 3006 2157 3057 contra
2212 3011 2557 3082 assumptae

245 3077 450 3141 dictae
481 3073 804 3158 religionis
837 3094 1146 3149 normam,
1179 3087 1545 3162 statumque
1574 3089 1640 3139 et
1672 3075 1984 3141 honorem
2018 3078 2113 3143 tui
2142 3081 2359 3164 ipsiuS,
2394 3102 2559 3149 tem·

247 3162 516 3263 poribus
555 3160 872 3247 congruis,
963 3160 1144 3224 uibus
1176 3162 1300 3226 tuis
1331 3161 1661 3227 codicibus
1692 3162 2217 3252 celeberimisque
2248 3166 2555 3235 doctrinis

245 3250 546 3314 insistere
577 3247 865 3324 deberes,
898 3182 984 3311 ‹il›
1014 3246 1188 3333 quod
1218 3271 1304 3313 ex
1334 3248 1591 3334 speciali
1621 3248 1837 3333 gracia
1866 3264 1933 3315 et
1964 3251 2183 3317 favore
2214 3254 2296 3319 ad
2320 3257 2557 3324 almam

247 3336 730 3401 universitatem
755 3332 1036 3399 Oxoniae
1055 3338 1458 3399 transmissus
1476 3333 1670 3414 fuisti,
1691 3336 1864 3401 vicos
1888 3351 1953 3403 et
1978 3340 2252 3405 venellas
2268 3343 2559 3429 ejusdem

251 3424 448 3501 villae,
482 3423 686 3486 invito
716 3436 830 3486 tuo
849 3420 1137 3498 custode,
1163 3422 1246 3486 ad
1272 3422 1519 3487 libitum
1540 3425 1818 3508 propriae
1846 3426 2189 3491 voluntatis
2210 3428 2559 3497 insolenter

247 3510 596 3584 discurris;
641 3522 712 3572 et
753 3508 989 3572 nedum
1021 3510 1411 3573 mansionem
1437 3509 1769 3595 cujusdam
1798 3513 2155 3578 communis
2186 3518 2557 3599 meretricis,

249 3620 402 3661 cum
434 3619 564 3684 qua
591 3594 878 3659 redderis
909 3594 1346 3678 multipliciter
1373 3609 1729 3681 suspectus,
1765 3619 1984 3663 verum
2016 3602 2221 3666 eciam
2246 3602 2560 3672 laicorum

247 3684 486 3748 domos
535 3698 602 3748 et
654 3681 798 3745 loca
847 3696 1145 3766 suspecta
1198 3683 1607 3768 frequentare
1656 3706 1787 3749 non
1841 3687 2093 3765 vereris,
2142 3687 2313 3755 bona
2356 3694 2558 3757 nostri

257 3769 534 3858 collegii
555 3783 620 3833 et
641 3768 841 3833 eciam
861 3767 1090 3846 aliena,
1113 3780 1438 3854 tamquam
1461 3772 1765 3855 prodigus
1784 3775 2077 3859 nequiter
2092 3779 2561 3851 consumendo.

250 3857 348 3921 ita
395 3857 592 3943 quod,
649 3869 721 3919 ut
766 3855 1088 3932 asseritur,
1147 3856 1258 3918 vix
1309 3856 1426 3920 tibi
1455 3870 1743 3942 superest
1772 3858 2241 3941 operimentum
2274 3865 2561 3948 corporis

251 3958 372 4009 aut
419 3944 670 4028 grabati
697 3964 716 4017 ;
763 3955 982 4028 tuque,
1037 3941 1442 4007 causantibus
1497 3945 1621 4007 tuis
1672 3944 2021 4021 demeritis,
2054 3959 2256 4011 tantoe
2286 3953 2559 4033 egestati

247 4030 546 4114 subjaces
572 4031 637 4092 in
664 4027 982 4113 praesenti,
995 4028 1168 4114 quod
1193 4050 1276 4092 ex
1302 4029 1645 4109 verisimili,
1658 4030 1900 4116 absque
1924 4032 2276 4098 amicorum
2300 4046 2560 4102 tuorum

248 4116 568 4193 subsidio,
614 4136 940 4201 nunquam
989 4115 1223 4179 adicies
1277 4128 1350 4179 ut
1395 4138 1709 4202 resurgas,
1757 4117 1838 4181 ad
1872 4137 2163 4202 personae
2194 4133 2325 4186 tuae
2357 4126 2561 4187 mani-

249 4204 488 4267 festam
536 4201 884 4278 infamiam,
933 4204 1342 4289 susceptique
1387 4203 1627 4267 ordinis
1672 4215 1739 4269 et
1768 4204 2079 4287 regularis
2110 4205 2261 4273 vitae
2290 4208 2561 4295 vilipen·

247 4292 460 4367 dium,
511 4302 576 4354 et
629 4290 1022 4353 confratrum
1069 4302 1322 4353 tuorum
1367 4288 1795 4375 perniciosum
1842 4291 1906 4353 in
1938 4294 2327 4379 exemplum.
2424 4297 2562 4362 Nos

249 4400 438 4452 vero,
495 4380 686 4441 tantis
733 4373 860 4439 tuis
909 4376 1270 4440 insolenciis
1309 4390 1374 4441 et
1427 4376 2032 4456 exorbitacionibuS,
2067 4394 2293 4447 contra
2323 4396 2562 4448 statum

245 4464 460 4529 nostri
507 4461 772 4528 Ordinis
817 4475 885 4528 et
931 4464 1288 4550 regularem
1315 4464 1797 4529 observanciam
1828 4465 2270 4549 militantibus,
2304 4472 2564 4535 obviare
