3000 5117
799 557 1204 622 sonemus
1248 559 1344 620 us
1382 557 1899 619 onsrs‘rAN‘Es‘.
2398 549 2507 630 99·

222 721 649 806 Eboracensis,
711 751 829 815 per
888 746 1161 795 mortem
1204 730 1320 794 W.
1380 730 1464 794 de
1497 729 1836 806 Grenfeld,
1896 728 2119 794 habuit
2150 729 2491 796 consilium

221 815 630 898 transferendi
689 839 760 880 se
804 817 890 881 ad
933 817 1198 880 curiam.
1315 815 1463 880 Fuit
1491 814 1666 881 enim
1706 815 1881 900 Papa
1924 816 2009 880 de
2040 837 2211 880 novo
2240 829 2508 882 creatus·

215 899 526 966 «lohannes
559 902 894 967 vicesimus
915 902 1252 980 secundus,
1286 916 1354 967 et
1375 903 1781 980 credebatur,
1801 901 2009 989 quod,⁸
2032 924 2159 968 non
2189 903 2503 968 obstanti-

217 987 322 1052 bus
354 987 554 1072 Regis
599 988 920 1074 precibus,
961 989 1140 1075 apud
1180 1011 1328 1054 eum
1357 989 1645 1054 favorem
1676 995 1775 1069 [et
1805 989 2118 1072 gratiam]
2160 989 2499 1056 inveniret.

222 1073 358 1152 Sed,
389 1075 542 1160 quia
587 1097 718 1140 non
764 1077 980 1161 potuit
1027 1075 1148 1139 nisi
1176 1097 1260 1140 ex
1308 1075 1598 1162 legitima
1624 1097 1819 1141 causa
1847 1075 2053 1138 forum
2089 1075 2497 1141 Eboracense

218 1160 540 1241 declinare,
585 1175 654 1228 et
683 1163 766 1226 ad
818 1161 1058 1228 curiam
1101 1185 1172 1227 se
1213 1162 1577 1238 transferre,
1612 1161 1981 1226 ordinatum
2034 1176 2176 1226 erat
2220 1167 2351 1244 [et]
2386 1185 2499 1248 per

219 1249 562 1321 consilium,
619 1249 794 1336 quod
855 1249 1150 1314 sacerdos
1180 1248 1461 1334 quidam,
1523 1248 1851 1314 Robertus
1906 1247 2165 1333 Layker
2218 1250 2495 1327 nomine,

219 1334 504 1398 oriundus
551 1335 647 1400 de
689 1333 982 1412 Nessum,
1015 1352 1242 1400 contra
1269 1335 1549 1400 electum
1579 1349 1647 1400 et
1678 1334 2057 1399 electionem
2090 1334 2495 1420 [appellaret,

219 1433 373 1484 etue
402 1434 638 1486 munus
687 1423 1196 1486 confirmacionis
1229 1421 1328 1486 vel
1361 1421 1854 1486 consecrationis
1882 1419 1944 1484 ei
1976 1419 2501 1505 impenderetur]

217 1521 602 1590 provocaret.
693 1509 849 1582 Quo
893 1508 1064 1573 facto
1093 1508 1332 1572 electus
1363 1529 1511 1572 cum
1542 1507 1745 1572 tribus
1777 1506 1962 1572 sociis
1992 1506 2075 1570 ad
2126 1509 2365 1572 curiam
2398 1523 2497 1572 est

219 1593 548 1676 profectus.
649 1595 780 1669 Sed
805 1607 1148 1680 antequam
1175 1595 1443 1673 veniret,
1477 1595 1561 1658 ad
1584 1609 1879 1679 rogatum
1916 1594 2169 1678 Regum
2192 1607 2261 1658 et
2298 1593 2496 1678 Regi-

219 1701 424 1745 uarum
481 1681 780 1745 Franciae
827 1695 896 1746 et
950 1681 1228 1766 Angliae,
1282 1680 1553 1746 dederat
1598 1680 1779 1766 Papa
1806 1681 2239 1764 episcopatum
2275 1680 2496 1746 Ludo-

222 1765 470 1832 wicode
529 1767 720 1832 Bello
755 1767 1010 1835 Monte.
1107 1767 1414 1852 Imposita
1445 1781 1659 1832 tamen
1712 1769 1775 1832 ei
1822 1765 1943 1832 fuit
1992 1780 2171 1833 tanta
2218 1769 2493 1853 pecunia

221 1853 502 1920 solvenda
533 1853 756 1932 curiae,
803 1854 980 1941 quod
1041 1875 1155 1939 per
1184 1855 1667 1941 quatuordecim
1714 1875 1921 1919 annos
1960 1870 2296 1940 sequentes
2325 1855 2507 1919 solu-·

221 1937 440 2004 tionem
487 1943 601 2005 vix
655 1941 1024 2026 complevit.
1115 1941 1551 2021 [Praesentato
1599 1941 1806 2006 electo
1862 1941 2079 2026 Papae,
2134 1953 2202 2006 et
2253 1941 2503 2006 dicenti·

217 2045 520 2112 nunquam
581 2027 706 2090 sibi
763 2027 1159 2114 displicuisse
1217 2028 1394 2115 quod
1451 2047 1571 2114 pro
1623 2027 1989 2112 episcopatu
2048 2027 2329 2111 providit
2410 2028 2496 2093 de·

218 2111 424 2190 altero,
449 2113 604 2212 quia
627 2136 882 2200 semper
899 2137 968 2179 se
987 2115 1193 2179 minus
1216 2113 1635 2180 sufficientem
1657 2113 1982 2200 reputavit
2010 2135 2128 2198 pro
2158 2113 2269 2178 tali
2299 2127 2491 2192 statu,

217 2201 524 2284 respondit
563 2201 766 2300 Papa,
803 2211 846 2243 ‘⁶
870 2201 1010 2278 Fili,
1067 2224 1192 2265 non
1223 2202 1446 2266 eredas
1489 2201 1667 2288 quod
1710 2200 1865 2265 odio
1893 2222 2185 2285 personoe
2228 2213 2361 2264 tuoe
2392 2203 2495 2266 vel

217 2283 456 2351 defectu
487 2287 574 2351 de
603 2287 736 2351 alio
763 2287 1176 2373 providimus,
1209 2287 1322 2353 sed
1369 2287 1456 2352 ad
1499 2309 1798 2371 magnam
1829 2286 2205 2352 instanciam
2242 2288 2497 2376 Regum

217 2385 276 2454 et
297 2373 752 2457 Reginarum,”
782 2375 1178 2460 addiditque,
1217 2385 1262 2417 ‘⁸
1285 2373 1505 2440 Facias
1530 2388 1595 2439 te
1614 2375 1889 2438 amicum
1930 2373 2092 2459 Regi
2124 2385 2259 2451 t'uo,
2292 2387 2359 2438 et
2392 2397 2498 2438 or-

217 2456 558 2524 dinabimus
591 2475 712 2544 pro
736 2464 862 2526 te.''
953 2461 1040 2526 Et
1059 2462 1239 2540 alins,
1277 2471 1320 2503 “
1345 2461 1542 2526 Pater
1570 2473 1806 2539 sancte,
1840 2461 1905 2524 in
1936 2460 2115 2525 nullo
2144 2460 2361 2525 recolo
2389 2483 2502 2526 me

223 2543 448 2628 Regem
497 2541 908 2616 offendisse.’'
1001 2547 1088 2612 Et
1122 2549 1322 2632 Papa,
1376 2557 1420 2590 “
1451 2545 1605 2612 Non
1652 2549 1741 2613 ita
1786 2546 2140 2633 scripsisset
2168 2558 2395 2612 contra
2426 2562 2492 2612 te

217 2633 326 2694 nisi
353 2633 788 2698 offendisses?
883 2634 1175 2700 Contulit
1197 2637 1256 2699 ei
1290 2651 1426 2699 tum
1455 2635 1667 2720 Papa]
1707 2634 1973 2720 primam
2010 2648 2376 2699 vacaturam
2408 2635 2493 2700 ad

217 2717 614 2784 collationem
647 2720 888 2785 Prioris
919 2736 986 2785 et
1015 2721 1276 2804 capituli
1295 2735 1714 2806 spectantem,
1735 2721 1985 2785 etiamsi
2014 2742 2131 2805 per
2160 2722 2495 2786 saeculares

215 2805 336 2888 regi
363 2819 812 2872 consueverat.
903 2808 1034 2872 Sed
1081 2807 1218 2894 ipse
1270 2831 1357 2873 ex
1401 2808 1525 2873 ista
1552 2807 1759 2891 gratia
1802 2806 1997 2870 nichil
2026 2821 2125 2871 est
2152 2823 2499 2872 assecutus.

225 2889 318 2953 Sic
340 2914 516 2977 ergo,
548 2893 768 2958 multis
790 2893 1002 2978 effusis
1033 2895 1098 2957 in
1128 2894 1356 2960 itinere
1388 2909 1454 2959 et
1476 2896 1672 2970 curia,
1706 2893 1897 2957 rediit
1926 2915 2159 2958 vacuus
2184 2917 2203 2970 3
2234 2908 2303 2959 et
2323 2895 2497 2979 apud

219 2977 424 3042 cellam
449 2979 532 3044 de
569 2980 873 3044 Stanford
905 2997 1102 3068 usque
1131 2981 1212 3046 ad
1246 3000 1430 3045 suum
1461 2981 1711 3045 obitum
1742 2995 1837 3043 est
1870 2995 2171 3043 moratus.
2218 2979 2492 3058 [Tantae

219 3065 694 3146 pacienciaefuit
713 3067 956 3130 electus
987 3068 1106 3132 iste
1137 3080 1202 3131 et
1233 3065 1649 3143 fortitudiniS,
1671 3066 1846 3153 quod
1874 3085 2195 3151 nunquam
2228 3067 2507 3130 verbum·

217 3153 536 3217 murmuris
564 3154 666 3217 vel
685 3152 1100 3238 displicentia:
1123 3153 1205 3219 de
1229 3154 1374 3232 hoc,
1399 3154 1577 3240 quod
1607 3152 1783 3238 Papa
1804 3152 1887 3215 de
1909 3151 2037 3214 alio
2068 3151 2367 3236 providit,
2401 3167 2499 3216 est

219 3237 486 3302 auditum
529 3240 616 3305 de
635 3261 748 3304 ore
777 3241 936 3324 ejuS.
1023 3241 1359 3306 socundus
1383 3253 1450 3305 et
1476 3239 1692 3303 hilaris
1740 3239 1803 3301 in
1838 3259 2074 3315 mensa,
2110 3237 2195 3301 de
2225 3237 2495 3322 simplici

218 3322 548 3390 refectione
597 3325 864 3390 fratrum
917 3327 1091 3412 apud
1133 3341 1424 3392 sanctum
1459 3325 1877 3391 Leonard'um
1922 3325 2013 3388 ita
2039 3338 2381 3389 contentus
2426 3339 2497 3388 et

217 3409 522 3490 societate,
571 3434 646 3475 ac
669 3412 723 3476 si
767 3413 1230 3499 episcopalibus
1260 3413 1462 3498 epulis
1493 3426 1560 3477 et
1588 3411 1829 3476 familia
1857 3412 2223 3495 potiretur.]
2318 3409 2513 3474 Mor-·

217 3507 348 3560 tuus
364 3511 460 3562 est
483 3510 703 3563 autem
732 3499 794 3562 in
815 3499 979 3564 festo
1007 3499 1209 3564 sancti
1239 3499 1561 3584 Gregorii,
1584 3521 1757 3564 anno
1786 3515 2089 3576 mcccxx,
2119 3511 2188 3562 et
2210 3498 2495 3582 sepultus

217 3595 304 3645 est
339 3585 402 3647 in
454 3585 664 3649 choro
711 3587 916 3650 sancti
946 3585 1272 3651 Leonardi
1301 3607 1519 3652 coram
1564 3597 1801 3668 magno
1830 3584 2037 3649 altari.
2130 3584 2287 3650 Post
2314 3585 2511 3668 cujus·

218 3667 454 3734 obitum
475 3671 615 3734 visa
643 3685 743 3737 est
769 3672 884 3736 lux
911 3671 1142 3737 emissa
1159 3673 1430 3751 coelituS,
1462 3673 1527 3735 in
1548 3671 1807 3736 modum
1840 3670 2062 3735 solaris
2090 3671 2275 3746 radii,
2306 3689 2499 3754 super

217 3757 592 3839 sepulturam
625 3761 760 3844 ejus
793 3759 904 3846 [de
931 3773 1121 3823 nocte
1151 3760 1563 3836 descendere,
1585 3771 1653 3824 et
1675 3759 1761 3822 de
1788 3757 1896 3821 illo
1920 3757 2065 3821 loco
2088 3756 2173 3822 ad
2200 3756 2327 3820 alia
2353 3756 2505 3819 loca·

219 3842 486 3908 ecclesiae
553 3845 736 3930 quasi
800 3859 1228 3910 transcurrere
1261 3869 1280 3922 3
1327 3847 1390 3908 in
1444 3849 1698 3930 signum
1744 3845 2037 3908 salutaris
2088 3841 2367 3926 exempli
2425 3849 2497 3906 et'

218 3929 421 3992 auxilii
453 3952 572 4014 per
597 3931 802 4016 ipsum
832 3933 897 3994 in
927 3932 1083 3996 alios
1115 3932 1619 4000 transfundendi.
1740 3930 2061 3994 Viderunt
2090 3929 2215 3991 hoe
2256 3926 2506 4011 plures,

219 4027 282 4077 et
305 4015 696 4095 innocentes,
729 4018 848 4081 sed
875 4018 1116 4083 visione
1145 4018 1348 4082 territi
1379 4019 1446 4082 in
1477 4031 1713 4082 terram
1754 4017 2188 4091 corruerunt.]
2284 4009 2495 4078 Natus

221 4097 330 4165 suit
347 4102 462 4166 iste
482 4102 551 4166 in
571 4103 676 4167 die
699 4104 900 4168 sancti
937 4103 1282 4182 Leonardi,
1315 4119 1382 4169 et
1407 4103 1472 4168 in
1492 4104 1597 4169 die
1617 4104 1754 4188 ejus
1774 4103 2033 4178 electus,
2056 4099 2205 4165 etin
2224 4099 2493 4166 ecclesia

221 4188 405 4252 sancti
428 4189 754 4254 Leonardi
773 4191 1078 4275 sepultus,
1107 4201 1225 4276 [et,
1251 4191 1575 4275 adjutorio
1596 4189 1797 4254 sancti
1818 4187 2169 4268 Leonardi,
2190 4186 2254 4252 in
2278 4188 2509 4254 coelen-

221 4271 396 4353 tibus,
424 4288 496 4339 ut
527 4276 952 4343 verisimiliter
972 4278 1274 4355 creditur,
1307 4277 1703 4352 coronatus]

1285 4531 1416 4588 <32
