3000 5117
527 444 801 519 cxxxvi
1035 466 1242 519 lustr.
1282 465 1647 517 nunnus.
1688 466 2151 521 scuu‘rousss
2186 468 2409 523 runs.

707 912 918 959 cxvn.
965 911 1448 958 courxnusclo
1493 882 1849 957 Jon'smus
1894 912 1985 959 m:
2025 912 2247 961 Bbvu'r
2277 915 2473 966 QUOD
2506 917 2661 965 ROB

1063 998 1396 1045 ronm’on
1427 997 1505 1043 11³
1541 998 1781 1043 assium
1811 996 1949 1043 Nnc
1980 1000 2293 1047 sunaus·

1417 1138 1577 1207 [neg.
1606 1136 1681 1193 ιι.
1698 1138 1791 1191 foi.
1819 1141 1957 1209 ιη]

623 1254 938 1322 Omnibus
989 1251 1230 1319 Christi
1271 1250 1579 1317 fidelibus
1617 1264 1965 1337 praesentes
2008 1252 2226 1318 literas
2272 1254 2675 1341 inspecturis,
2722 1258 2844 1323 Jo-

525 1342 771 1409 hames
818 1340 1010 1405 Prior
1049 1337 1338 1405 eeclesiae
1373 1338 1849 1416 Dunelmensis,
1878 1352 1949 1403 et
1978 1340 2261 1424 ejusdem
2296 1340 2425 1407 loci
2452 1345 2847 1409 Conventus

525 1430 798 1495 salutem
843 1428 908 1491 in
951 1426 1240 1490 omnium
1287 1425 1647 1491 Salvatore.
1742 1425 2069 1490 Noveritis
2098 1448 2217 1490 nos
2246 1426 2463 1492 literas
2494 1432 2844 1496 reverendi

522 1518 594 1581 in
643 1514 907 1581 Christo
955 1510 1156 1597 patris
1201 1524 1272 1575 et
1315 1510 1557 1575 domini
1604 1510 1903 1588 Thomae,
1955 1512 2081 1577 Dei
2124 1516 2345 1595 gracia
2374 1516 2846 1582 Dunelmensis

532 1599 860 1687 Episcopi,
922 1599 1041 1662 sub
1101 1610 1324 1663 tenore
1375 1596 1486 1746 qni
1538 1596 1825 1683 sequitur
1870 1597 2246 1683 inspexisse.
2342 1601 2643 1668 Thomas
2698 1604 2839 1668 Dei

523 1686 744 1776 gracia
793 1686 1149 1770 Episcopus
1197 1684 1392 1748 Dune
1421 1682 1675 1760 mensis,
1722 1683 2019 1748 omnibus
2049 1698 2117 1750 et
2146 1686 2413 1768 singulis
2431 1689 2839 1773 justiciariis,

524 1770 1031 1848 vicecomitibus,
1079 1768 1348 1846 ballivis,
1397 1784 1464 1835 et
1495 1768 1815 1849 ministris,
1846 1792 1925 1835 ac
1954 1770 2093 1837 aliis
2123 1772 2635 1863 quibuscumque
2666 1778 2843 1842 fide-

523 1860 692 1925 libus
735 1857 884 1936 suiS,
930 1856 1220 1924 salutem.
1318 1855 1547 1922 Sciatis
1590 1856 1791 1943 quod,
1838 1856 1923 1920 de
1952 1860 2170 1941 gracia
2198 1874 2417 1924 nostra
2444 1862 2735 1946 speciali,
2772 1878 2839 1929 et

573 1968 649 2010 ro
693 1946 870 2010 bono
899 1956 968 2009 et
1011 1944 1295 2032 gratuito
1339 1942 1609 2007 servicio
1640 1942 1817 2029 quod
1846 1943 2118 2009 dilectus
2162 1946 2349 2010 nobis
2379 1947 2717 2013 Johannes
2750 1951 2844 2015 de

593 2034 726 2096 lvet
769 2031 1034 2095 clericus
1080 2029 1268 2093 nobis
1313 2041 1384 2093 et
1427 2028 1715 2094 ecclesiae
1767 2042 2009 2094 nostrae
2050 2031 2483 2096 Dunelmensi
2516 2034 2845 2100 hactenus

524 2116 844 2205 impendit
873 2130 942 2181 et
970 2116 1296 2201 impendet
1340 2115 1408 2179 in
1437 2115 1744 2194 futurum,
1776 2118 2203 2181 concessimus
2232 2138 2353 2203 pro
2384 2119 2565 2183 nobis
2596 2135 2664 2186 et
2686 2144 2845 2186 suc-

526 2205 885 2271 cessoribus
937 2201 1187 2279 nostris,
1238 2214 1549 2289 quantum
1592 2201 1659 2265 in
1698 2202 1885 2267 nobis
1914 2215 2035 2279 est,
2068 2204 2278 2269 eidem
2308 2205 2613 2284 Johanni,
2694 2210 2843 2273 uod

521 2292 663 2379 ipse
709 2290 796 2357 ad
842 2302 1040 2354 totam
1093 2288 1352 2377 [vitam]
1393 2310 1580 2353 suam
1624 2290 1790 2353 hanc
1834 2289 2069 2355 habeat
2096 2290 2487 2369 libertatem,
2520 2292 2669 2358 vide
2698 2298 2841 2360 icet

523 2378 704 2467 quod
747 2398 877 2442 non
923 2390 1198 2461 ponatur
1234 2375 1301 2437 in
1331 2376 1561 2452 assisis,
1584 2374 1841 2461 juratis,
1874 2398 1987 2441 seu
2016 2376 2569 2477 recognicionibus
2598 2380 2843 2467 aliqui-

519 2466 667 2543 bus,
715 2474 941 2531 contra
983 2460 1375 2526 voluntatem
1421 2482 1624 2526 suam.
1716 2461 1805 2527 Et
1850 2461 2008 2525 ideo
2036 2463 2214 2526 vobis
2245 2464 2621 2531 mandamus
2652 2470 2843 2555 quod

523 2554 733 2638 ipsum
772 2550 1136 2615 Johannem
1167 2560 1390 2612 contra
1417 2546 1584 2611 hanc
1614 2548 2084 2613 concessionem
2116 2564 2403 2617 nostram
2438 2574 2569 2615 non
2600 2554 2844 2619 moles-

521 2638 671 2705 tetis
701 2638 768 2701 in
795 2634 1033 2723 aliquo,
1065 2656 1178 2698 seu
1205 2632 1502 2721 gravetis.
1565 2634 1642 2697 In
1672 2635 1853 2720 cujus
1881 2635 1977 2698 rei
2006 2634 2443 2700 testimouium
2474 2636 2587 2703 has
2614 2638 2847 2705 literas

519 2739 782 2791 nostras
841 2720 984 2787 fieri
1041 2720 1305 2785 fecimus
1363 2732 1681 2805 patentes.
1802 2722 2001 2785 Datae
2060 2722 2369 2787 Dunelmi
2426 2744 2545 2808 per
2600 2746 2843 2791 manus

527 2808 932 2880 Willeimide
961 2806 1194 2871 Westle
1218 2807 1444 2871 decani
1467 2806 1551 2871 de
1574 2804 1941 2885 Aukeland,
1956 2806 2329 2887 ,cancellarii
2346 2810 2569 2889 nostri,
2594 2812 2841 2911 quinto

523 2899 632 2965 die
676 2896 832 2965 Julii
875 2916 1047 2961 anno
1091 2893 1505 2979 pontificatus
1546 2891 1749 2957 nostri
1794 2914 1991 2958 nono.
2080 2894 2263 2970 Quas
2291 2895 2553 2982 quidem
2584 2897 2839 2978 literas,

520 3008 663 3063 noS,
713 2984 904 3049 Prior
952 2995 1019 3046 et
1065 2984 1438 3049 Conventus
1484 2979 1842 3059 memorati,
1896 2993 2067 3046 ratas
2108 2981 2419 3047 habentes
2462 2983 2711 3069 pariter
2766 2998 2837 3051 et

520 3084 838 3156 acceptas,
885 3090 995 3134 eas
1039 3084 1350 3155 quantum
1395 3066 1462 3131 in
1506 3066 1695 3132 nobis
1736 3080 1855 3145 est,
1896 3088 2015 3153 pro
2046 3068 2225 3132 nobis
2257 3082 2325 3133 et
2352 3070 2835 3137 successoribus

517 3157 755 3224 nostris
797 3156 1206 3232 ratificamuS,
1253 3156 1707 3241 approbamus,
1750 3167 1818 3218 et
1862 3166 2091 3218 tenore
2136 3155 2557 3241 praesencium
2588 3160 2837 3223 confir-

517 3266 787 3310 mamus.
880 3244 959 3307 Iu
1010 3245 1188 3307 cu‘us
1233 3242 1328 3306 rei
1369 3240 1813 3306 testimonium
1857 3240 2133 3325 sigillum
2178 3262 2515 3307 commune
2552 3266 2627 3309 ca
2680 3245 2830 3310 ituli

517 3330 720 3399 nostri
775 3330 1082 3419 praesenti
1131 3350 1203 3392 us
1255 3340 1352 3392 est
1403 3349 1776 3413 appensum.
1884 3328 2065 3392 Data
2114 3328 2446 3407 Dunelmi,
2500 3329 2568 3393 in
2668 3356 2839 3398 omo

517 3431 740 3483 nostra
774 3414 1128 3500 capitulari,
1161 3413 1292 3501 xvij
1323 3414 1428 3478 die
1459 3415 1691 3479 mensis
1726 3412 2079 3493 Februarii,
2111 3436 2283 3481 anno
2316 3416 2583 3483 Domini
2613 3418 2828 3488 mille*

516 3504 681 3569 simo
710 3510 890 3568 eccm
921 3499 1449 3591 quinquagesimo
1477 3501 1777 3587 septimo.

691 3864 926 3910 exvul-
973 3858 1454 3908 conmmmtcxo
1497 3860 1767 3906 THOMAE
1802 3862 1893 3906 DE
1925 3864 2239 3908 ANESLEY
2266 3864 2357 3910 m:
2391 3866 2647 3913 Bonus·-

1086 3946 1296 3993 'mma
1326 3946 1415 3990 DE
1450 3946 1735 3992 RANTON
1769 3948 1919 3993 CUM
1949 3950 2249 3997 lamnas.

1403 4062 1564 4133 [neg.
1604 4064 1684 4115 11.
1712 4065 1824 4122 171.
1848 4064 1931 4131 h.)

601 4183 940 4251 Universis
991 4182 1234 4249 Christi
1271 4179 1589 4257 fidelibus,
1620 4191 1971 4264 praesentes
1998 4180 2219 4245 literas
2262 4181 2671 4269 inspecturis,
2704 4185 2825 4250 Jo-

513 4274 754 4339 hannes
791 4272 980 4335 Prior
1007 4268 1294 4335 eeclesiae
1327 4265 1803 4345 Dunelmensia
1850 4280 1919 4331 et
1950 4267 2239 4352 ejusdem
2268 4268 2399 4332 loci
2432 4270 2817 4335 Conventus

513 4360 789 4425 salutem
835 4358 901 4421 in
952 4357 1240 4421 Domino
1292 4353 1773 4440 sempiternam.
1867 4352 2195 4419 Noveritis
2247 4376 2382 4418 non
2426 4358 2816 4423 concessisse

514 4447 754 4511 dilecto
797 4443 986 4511 nobis
1032 4442 1099 4508 in
1158 4440 1422 4507 Christo
1475 4440 1753 4507 Thomae
1806 4441 2093 4529 Anesley
2128 4439 2408 4507 officium
2458 4442 2817 4510 forestarioe
