3000 5117
583 464 710 535 Ixx
1064 483 1265 536 ms‘r.
1305 481 1659 536 nussum.
1698 481 2160 536 semri-cass
2193 481 2404 536 runs.

591 642 790 711 nobis·
825 644 1139 732 imposito·
1167 648 1552 715 submittens
1595 645 2011 712 humen-ond
2039 645 2459 732 portandum,
2502 643 2683 710 omni
2714 665 2917 710 occa·

594 731 796 797 sione·
820 755 898 798 ac
941 733 1364 801 excusacione
1408 747 1722 812 cessante,
1756 732 1893 798 siue
1936 755 2138 799 morae
2180 730 2523 818 dispendio
2547 732 2634 797 ad
2668 731 2907 797 Eccle-

595 818 760 884 siam
798 820 1080 885 accedas
1109 822 1401 900 eandem,
1433 837 1695 888 acturus
1725 821 2077 886 secuudum
2121 821 2347 886 datam-
2386 819 2506 884 tibi
2533 842 2583 884 a
2606 818 2909 884 Domino

592 906 869 990 gratiam
897 928 1118 972 curam
1147 908 1318 993 ejus;
1366 909 1581 975 taliter
1608 921 1827 973 autem
1854 907 2273 993 beneplacitis
2298 905 2533 972 nostris
2552 905 2904 994 obsequiet

585 994 976 1081 jussionibus
1006 994 1268 1062 studeas
1295 997 1562 1062 obedire
1591 995 1767 1082 quod
1798 993 2253 1062 inobedientiae
2296 996 2504 1060 vitato
2532 1007 2715 1060 reatu
2746 994 2911 1058 obe·

594 1080 863 1147 dientiae
892 1081 1191 1147 meritum
1221 1082 1623 1150 voluntarius
1640 1081 1933 1168 proberis
1950 1082 2271 1168 amplecti«,
2290 1103 2535 1169 nosque
2557 1080 2678 1146 tibi
2700 1102 2905 1167 prop-

593 1179 696 1232 ter
739 1169 864 1232 hoc
908 1169 1142 1235 reddas
1183 1170 1568 1236 favorabiles-
1594 1182 1661 1235 et
1690 1168 2045 1254 benignos;
2088 1169 2360 1236 sciturus
2389 1168 2588 1256 quod,
2620 1167 2675 1232 si
2703 1167 2903 1245 adeo,

592 1255 772 1342 quod
817 1278 946 1321 non
992 1257 1329 1335 credimus,
1362 1273 1493 1325 tuae
1540 1257 1745 1322 velles·
1778 1255 2114 1346 indulgere
2155 1257 2385 1345 quieti,
2410 1269 2481 1321 ut
2512 1277 2677 1320 onus
2721 1255 2905 1342 quod

589 1342 776 1407 uobis
805 1343 1182 1410 incumbens
1211 1345 1328 1410 tibi
1372 1345 1765 1411 destinamus
1796 1342 2259 1430 imponendum
2290 1343 2615 1428 suscipere
2640 1342 2907 1407 detrec-

590 1441 731 1494 tare
774 1442 983 1516 potes,
1015 1453 1146 1496 non
1191 1431 1509 1498 immerito
1552 1429 1902 1496 formidare
1944 1453 2028 1497 ue
2071 1455 2112 1497 a
2140 1446 2205 1497 te
2232 1431 2629 1520 requiramus
2660 1431 2731 1493 in
2788 1451 2907 1493 ex-

592 1531 804 1581 tremo
834 1519 1127 1584 examine
1155 1541 1370 1586 coram
1416 1519 1709 1584 districto
1728 1517 1949 1602 judice
1991 1519 2325 1586 rationem.
2414 1517 2594 1584 Data
2624 1515 2915 1603 Spoleti,

597 1622 654 1667 u
691 1602 844 1669 Idus
879 1605 1066 1685 Maii,
1099 1605 1517 1692 pontificatus
1548 1605 1751 1671 nostri
1780 1626 1949 1671 anuo
1977 1605 2291 1671 secundo.

771 1972 923 2020 mn.
975 1969 1397 2017 comosrrro
1431 1973 1591 2024 QUAE
1635 1971 1960 2019 vocA'run
1993 1971 2079 2016 m:
2114 1969 2468 2017 commun·
2498 1970 2729 2017 m'rmr

763 2058 1154 2104 Bmscol’uu
1217 2059 1589 2104 RchnDUM
1652 2059 2042 2106 SECUNDUM
2095 2060 2183 2105 ΒΤ
2244 2059 2569 2105 Pmoun
2630 2060 2724 2104 ΒΤ

766 2146 1198 2191 convnwruu
1229 2145 1789 2196 DUNELMBNSEM.

1357 2264 1489 2332 εει.
1513 2265 1658 2335 otig-
1681 2265 1749 2316 A.
1770 2266 1813 2314 1.
1836 2268 1885 2316 2.
1915 2263 2137 2332 Penus]

681 2379 1272 2448 Omnibus=sanctae
1308 2380 1539 2446 matris
1567 2376 1855 2445 ecciesiae
1900 2379 2068 2458 filiis,
2094 2379 2175 2446 ad
2206 2402 2368 2468 quos
2386 2401 2675 2466 praesens
2700 2380 2915 2468 scrip-

585 2468 1136 2555 tum-pervenerit,
1179 2467 1490 2533 Ricardus
1525 2467 1651 2533 Dei
1680 2466 1885 2556 gratia
1919 2466 2372 2532 Dunelmensis
2407 2467 2769 2554 Episcopus
2802 2491 2909 2532 sa-

584 2557 802 2622 lutem·
831 2559 896 2620 in
948 2554 1250 2621 Domino.
1344 2556 1513 2621 Cam
1561 2577 1679 2640 per
1722 2553 2094 2619 mandatum
2140 2554 2517 2619 sanctissimi
2562 2558 2771 2641 patris
2810 2557 2903 2622 G.

584 2667 778 2731 papae
809 2643 981 2721 noni,
1021 2642 1476 2708 Duneknensis
1508 2641 1799 2708 eeclesiae
1840 2643 2131 2727 regimen
2170 2645 2687 2727 suscepissemuS,
2720 2645 2903 2728 ejus-

584 2733 734 2796 dem
765 2730 1153 2816 reparationi
1183 2752 1259 2796 ac
1287 2728 1754 2807 reformationi,
1779 2728 1923 2815 paci
1954 2744 2021 2793 et
2040 2729 2501 2816 tranquillitati,
2523 2733 2908 2816 prospicere

581 2820 900 2884 volumus·
993 2817 1203 2904 Igitur
1245 2839 1391 2882 cum
1426 2817 1829 2902 temporibus·
1880 2816 2202 2902 Ragonio,
2263 2816 2605 2902 Philipppi,
2639 2819 2905 2903 episco-

583 2928 818 2992 porum
868 2904 1426 2982 Dunelmensium,
1460 2903 2005 2988 praedecessorum
2049 2919 2437 2982 nostrorum,
2470 2918 2543 2968 et
2565 2904 2901 2990 praecipue

583 3008 878 3080 tempore
933 2992 1195 3057 Ricardi
1245 2990 1328 3057 de
1379 2991 1671 3058 Marisco
1724 2991 2007 3078 episcopi
2042 2991 2498 3057 Dunelmensis
2526 2992 2903 3077 praedeces-

579 3081 741 3146 soris
771 3082 999 3158 nostri,
1022 3079 1255 3144 multas
1286 3078 1759 3144 controversias·
1772 3091 1839 3143 et
1868 3101 2094 3167 graves
2116 3077 2411 3166 quere-las
2434 3079 2601 3144 inter
2622 3079 2901 3144 eosdem

585 3167 944 3255 Episcopos
990 3180 1058 3232 et
1089 3167 1377 3232 Priorem
1423 3184 1492 3231 et
1529 3166 1943 3230 conventum
1971 3164 2477 3231 Dunelmeusem
2518 3165 2903 3254 frequenter

579 3269 840 3321 exortas
887 3253 1447 3340 cognovissemus3
1521 3252 1853 3337 cupientes
1903 3274 2099 3338 super
2146 3252 2389 3318 eisdem
2440 3253 2899 3318 controversiis

581 3357 650 3408 et
696 3341 972 3429 querelis
1016 3354 1257 3405 certam
1304 3353 1372 3405 et
1400 3340 1697 3404 stabilem
1726 3361 1802 3404 ac
1830 3338 2168 3404 honestam
2199 3339 2371 3425 pacis
2400 3340 2676 3405 formam
2720 3340 2900 3407 inter

580 3450 702 3493 nos
731 3444 800 3494 et
827 3449 1222 3492 successores
1255 3439 1502 3491 nostros
1534 3439 1602 3491 et
1630 3439 2017 3491 memoratos
2052 3425 2342 3492 Priorem
2372 3441 2439 3492 et
2472 3428 2899 3493 conventum

579 3513 812 3580 futuris
842 3514 1236 3598 temporibus
1265 3513 1662 3590 duraturam,
1683 3513 2047 3599 providere,
2070 3515 2335 3579 tandem
2364 3513 2590 3579 habito
2609 3529 2899 3580 tractatu

583 3623 731 3667 eum
777 3601 938 3664 viris
971 3600 1283 3678 discretis,
1317 3600 1400 3666 de
1429 3621 1743 3664 consensu
1788 3616 1856 3665 et
1886 3601 2224 3667 voluntate
2260 3600 2589 3686 Radulphi
2623 3602 2897 3681 PrioriS,

583 3703 653 3755 et
685 3688 968 3774 Capituli
997 3687 1212 3751 nostri·
1235 3687 1708 3766 Dunelmensis,
1743 3687 1829 3752 ad
1872 3686 2185 3753 honorem
2230 3689 2385 3767 Dei,
2414 3687 2601 3752 dictis
2630 3704 2899 3754 contro·

581 3776 802 3842 vei-siis
833 3791 900 3842 et
927 3773 1210 3863 querelis
1233 3773 1296 3838 in
1326 3774 1535 3838 forma
1562 3774 1918 3859 subscripta
1946 3775 2142 3841 finem
2188 3775 2625 3862 imposuimus,
2659 3798 2737 3840 ac
2768 3778 2893 3842 sub

582 3863 832 3930 eisdem
858 3863 1032 3928 inter-
1054 3883 1172 3926 nos
1201 3883 1289 3926 ex
1319 3862 1449 3926 una
1477 3877 1661 3947 parte
1692 3876 1895 3948 parte,
1930 3875 1999 3926 et
2026 3862 2234 3928 dictos
2266 3862 2557 3928 Priorem
2588 3875 2655 3928 et
2689 3863 2894 3949 Capi-

581 3950 795 4016 tulum
835 3973 924 4016 ex
973 3949 1195 4027 altera,
1230 3951 1647 4014 convenit.in
1694 3949 1863 4014 huuc
1905 3949 2192 4020 modum.
2288 3949 2551 4014 Scilicet
2570 3951 2753 4036 quod
2778 3973 2897 4014 vo-

509 4069 518 4077 ’
580 4039 794 4104 lumus
839 4050 908 4104 et
958 4037 1380 4102 concedimus
1420 4036 1601 4122 quod
1640 4036 1749 4120 jus
1801 4035 2238 4124 proesentandi
2284 4036 2369 4101 ad
2426 4037 2753 4104 Ecclesias
2807 4036 2895 4103 de

584 4125 940 4203 Houeden,
992 4123 1352 4202 Welleton,
1391 4124 1835 4202 Brentinham,
1874 4124 2327 4207 Walkington‚
2384 4123 2757 4209 Siggeston,
2790 4147 2899 4190 re-

580 4225 843 4278 maneat
889 4213 1383 4298 inperpetuum
1429 4211 1757 4276 monachis
1790 4210 2337 4276 Dunelmensibus
2363 4209 2501 4274 sine
2530 4212 2897 4277 contradic·
2972 4289 2974 4306 Ι

585 4301 763 4365 tione
811 4299 1030 4363 nostra
1079 4297 1194 4363 vel·
1225 4319 1659 4363 successorum
1710 4310 2096 4367 nostrorum.
2246 4297 2564 4363 Custodia
2613 4321 2772 4364 vero
2822 4314 2892 4364 et

581 4397 912 4476 sequestra
956 4384 1180 4450 omnia·
1220 4384 1653 4450 Ecclesiarum
1696 4408 1844 4473 quae
1884 4398 2034 4450 sunt
2062 4386 2147 4451 de
2176 4384 2537 4451 donacione
2568 4384 2893 4451 dictorum

583 4473 1042 4541 monachorum
1071 4472 1148 4537 iu·
1172 4471 1567 4560 Episcopatu
1598 4472 2043 4554 Dunelmensi,
2076 4495 2224 4539 cum
2255 4472 2653 4552 vacaverint,
2703 4473 2897 4540 nobis
