3000 5117
419 398 624 474 ccxvi
933 416 1134 470 uisr.
1173 416 1529 471 nonum.
1564 416 2023 473 scmrroans
2059 422 2265 475 raes.

435 580 670 669 Heley,
725 580 1253 646 commonachum
1301 592 1617 658 nostrum,
1666 584 1771 646 cui
1803 604 2025 669 nuper,
2058 582 2141 649 ad
2176 606 2477 672 magnam
2510 586 2762 651 instan-

433 668 596 732 ciam
628 667 816 732 amici
865 668 1060 733 nostri
1094 668 1446 754 praedilecti
1476 668 1721 733 domini
1757 670 2031 735 Roberti
2066 670 2382 758 clyfford,
2414 673 2641 737 vicarii
2672 674 2763 738 de

441 754 694 833 Bossill,
717 754 1048 822 licenciam
1081 754 1375 819 dedimus
1394 755 1738 841 specialem
1766 757 1849 821 ad
1878 757 2513 825 administracionem
2546 760 2759 825 omni-

440 866 552 907 um
574 843 894 907 bonorum
925 841 1216 928 ejusdem
1237 841 1478 907 domini
1504 843 1777 908 Roberti
1822 845 1907 909 ab
1934 844 2259 910 ordinario
2285 846 2753 931 recipiendum,

440 952 515 994 ac
546 929 772 995 eadem
803 930 1161 995 secundum
1193 929 1672 995 ordinacionem
1702 930 1861 995 dicti
1890 931 2134 996 domini
2171 932 2445 999 Roberti
2474 934 2757 1000 fideliter

440 1016 954 1103 ‹lisponendum3
1002 1038 1254 1081 necnon
1297 1015 1517 1085 omnia
1566 1016 1692 1086 alia
1736 1030 1803 1087 et
1850 1018 2101 1106 singula
2140 1019 2439 1085 facienda
2467 1035 2539 1086 et
2570 1042 2758 1087 exer-

439 1104 646 1171 cenda
695 1126 843 1206 qpae
873 1126 992 1189 per
1019 1102 1294 1191 aliquem
1325 1102 1685 1190 legitimum
1714 1124 2130 1170 executorem
2160 1107 2301 1171 fieri
2332 1120 2649 1193 poterunt
2696 1108 2755 1172 in

439 1192 806 1278 praemissm.
902 1191 977 1256 In
1029 1194 1208 1278 cujus
1239 1190 1332 1255 rei
1363 1190 1797 1257 testimonium
1840 1191 2117 1280 sigillum
2150 1207 2440 1259 nostrum
2473 1217 2757 1280 praesen·

441 1279 612 1345 tibus
656 1277 960 1343 duximus
997 1278 1478 1364 apponendum.
1570 1278 1751 1345 Data
1780 1278 2107 1359 Dunelmi,
2141 1281 2350 1367 primo
2378 1282 2491 1348 die
2520 1281 2757 1350 mensis

445 1366 706 1461 Apyilis,
737 1388 909 1437 anno
945 1364 1212 1431 Domini
1243 1364 1579 1431 millesimo
1612 1386 1778 1433 cccc
1813 1366 2117 1435 vicesimo
2143 1370 2445 1455 septimo.

631 1780 841 1826 cxcu.
887 1780 1138 1827 ursit».
1159 1780 1356 1823 mssa
1383 1778 1661 1824 nomino
1691 1778 2241 1826 Ancnmriscoro
2264 1780 2405 1825 Pno
2427 1782 2589 1827 πετο

1191 1868 1422 1911 vaano
1458 1848 2008 1912 “onsmnncla.”

1273 2008 1434 2077 [Reg.
1461 2008 1545 2059 Π.
1570 2006 1725 2061 Parv.
1746 2004 1785 2059 f.
1806 2009 1923 2074 364

546 2145 884 2214 Universis
932 2144 1171 2212 Christi
1219 2144 1515 2211 fidelibus
1558 2146 1641 2213 ad
1688 2170 1849 2234 quos
1884 2160 2235 2234 praesentes
2263 2146 2503 2213 litterae
2530 2171 2763 2249 perve-

449 2236 684 2314 nerint,
734 2233 1066 2299 Joliannes
1119 2232 1305 2299 Prior
1356 2248 1422 2299 et
1455 2234 1829 2319 Capitulum
1876 2234 2165 2299 eeclesiae
2195 2234 2583 2301 cathedralis
2620 2236 2765 2301 Du-

451 2322 818 2400 aennensis,
887 2321 1157 2386 salutem
1234 2322 1298 2384 in
1373 2321 1662 2386 omnium
1736 2320 2095 2390 salvatore.
2190 2322 2465 2388 Noverit
2552 2340 2771 2389 vaetra

456 2410 834 2475 universitas
885 2407 1060 2495 quod
1119 2406 1271 2494 quia
1327 2430 1468 2485 n08,
1514 2406 1701 2473 Prior
1744 2421 1812 2473 et
1864 2406 2237 2493 Capitulum
2290 2408 2625 2487 antedicti,
2692 2433 2772 2475 ac

457 2497 962 2584 praedecessores
993 2496 1216 2573 nostri,
1249 2517 1290 2559 a
1320 2511 1607 2581 tempore
1638 2497 1818 2582 cujus
1870 2496 2172 2561 contrarii
2216 2498 2531 2561 memoria
2558 2496 2771 2561 homi·

456 2608 613 2649 num
649 2607 776 2648 non
808 2582 1051 2661 existit,
1093 2582 1176 2647 ad
1225 2603 1648 2669 quoecumque
1677 2580 1989 2648 beneficia
2032 2604 2113 2647 ex
2160 2596 2505 2666 patronatu
2540 2598 2771 2649 nostro

455 2670 622 2735 infra
671 2670 994 2735 civitatem
1035 2684 1102 2733 et
1129 2668 1436 2733 diocesim
1469 2668 1943 2735 Eboracensem
1991 2670 2293 2735 vacancia
2312 2671 2771 2736 reverendissi-

461 2758 580 2823 mis
607 2757 674 2823 in
709 2756 974 2823 Christo
1017 2757 1306 2840 patribus
1354 2768 1424 2821 et
1475 2756 1753 2821 dominis
1788 2754 2303 2843 Archiepiscopis
2342 2756 2773 2823 Eboracensi-

458 2846 604 2922 bus,
657 2844 812 2909 sede
870 2840 1158 2911 ecclesiae
1192 2842 1617 2908 Eboracensis
1646 2843 1857 2929 plena,
1904 2866 1982 2909 ac
2038 2843 2313 2909 Decauo
2356 2859 2425 2909 et
2457 2844 2773 2931 Capitulo

461 2932 751 3021 ejusdem
798 2930 1110 3008 ecclesioe,
1153 2931 1290 3016 ipsa
1317 2930 1471 2996 sede
1501 2944 1795 3010 vacante,
1828 2952 2135 3017 personas
2163 2930 2451 3019 ydoneas
2475 2932 2562 2997 de
2601 2949 2773 2998 tem-

459 3043 617 3107 pore
669 3018 735 3084 iu
783 3032 1038 3105 tempus
1090 3018 1535 3082 consuevimus
1580 3034 1950 3103 presentare
1983 3039 2183 3105 usque
2215 3018 2277 3081 in
2306 3017 2476 3083 diem
2506 3018 2775 3085 consec-

461 3107 660 3173 cionis
668 3105 1111 3193 praesencium,
1124 3106 1185 3169 in
1197 3104 1394 3171 literis
1413 3104 1970 3189 presentacionum
1992 3118 2346 3169 nostrarum
2356 3108 2777 3173 obedienciam

463 3220 594 3261 non
623 3194 1006 3271 scribendo;
1053 3215 1128 3257 ac
1157 3190 1733 3259 revevendissimus
1764 3192 1827 3256 in
1864 3191 2129 3258 Christo
2156 3204 2339 3277 pater
2368 3205 2438 3259 et
2466 3192 2777 3259 dominus

464 3284 760 3347 dominus
809 3280 1157 3359 Johannes,
1196 3278 1322 3344 Dei
1374 3278 1591 3364 gracia
1620 3279 2033 3344 Eboracensis
2070 3278 2605 3365 Archiepiscopus
2634 3302 2781 3345 mo-

467 3366 727 3447 dernus,
749 3369 831 3432 de
859 3368 1170 3451 praedicto
1195 3389 1306 3430 usu
1342 3366 1627 3430 nondum
1648 3366 1732 3431 ad
1761 3366 2046 3452 plenum,
2078 3378 2153 3429 ut
2182 3370 2427 3446 asserit,
2461 3367 2781 3433 informa-

465 3472 588 3535 ωε,
621 3456 706 3519 ob
739 3454 1168 3519 reverenciam
1212 3453 1416 3517 sancti
1455 3452 1797 3518 Cutliberti
1844 3454 2223 3518 confessoris
2276 3454 2541 3539 patroni
2573 3454 2781 3521 nostri

467 3559 531 3607 et
565 3556 831 3629 propter
860 3540 1092 3617 zelum,
1118 3561 1310 3626 quem
1336 3540 1416 3605 de
1449 3562 1564 3604 sua
1582 3540 2047 3625 graciosissima
2068 3540 2514 3606 dominacione
2542 3541 2629 3607 ad
2660 3564 2785 3606 nos

465 3644 535 3695 et
565 3644 853 3693 nostrum
886 3626 1336 3693 monasterium
1370 3627 1557 3712 gerit,
1584 3628 1720 3692 vult
1749 3641 1818 3692 et
1847 3628 2147 3692 concedit
2177 3650 2483 3713 personas
2514 3650 2631 3714 per
2660 3651 2785 3693 nos

466 3718 549 3783 ad
575 3715 889 3783 beneficia
909 3736 1164 3778 suarum
1187 3713 1462 3779 civitatis
1487 3730 1555 3780 et
1577 3713 1905 3779 dioceseos
1924 3714 1989 3780 in
2018 3728 2343 3799 posterum
2371 3728 2786 3799 praesentan-

469 3808 587 3871 (las
618 3805 679 3868 in
713 3804 920 3868 forma
948 3815 1213 3867 actenus
1257 3814 1567 3866 consueta
1594 3802 1957 3880 admittere,
1990 3802 2363 3866 dumtamen
2396 3824 2513 3887 per
2542 3803 2791 3869 admis-

471 3896 713 3959 sionem
759 3888 1124 3977 hujusmodi
1177 3887 1371 3953 nichil
1403 3888 1734 3976 novijuris
1764 3910 1958 3973 super
2008 3890 2286 3953 eundem
2329 3889 2789 3955 reverendissi-

474 4004 648 4047 mum
683 3992 927 4067 patrem
967 3990 1082 4043 aut
1129 3997 1527 4041 successores
1571 3998 1719 4041 suos
1750 3975 2113 4061 aliqualiter
2144 3998 2540 4061 usurpemus,
2634 3976 2788 4043 Nos

470 4069 789 4135 voluntati
818 4080 886 4132 et
915 4062 1310 4131 concessioni
1340 4064 1629 4149 ejusdem
1660 4063 2165 4128 reverendissimi
2199 4062 2397 4148 patris
2427 4086 2544 4150 per
2560 4065 2793 4130 omnia

468 4155 977 4230 consencienteS,
1032 4164 1460 4237 protestamur
1508 4171 1809 4237 expresse
1861 4150 2037 4237 quod
2090 4172 2219 4214 non
2266 4165 2363 4215 est
2400 4166 2641 4217 nostrae
2673 4176 2793 4216 vo-

471 4244 734 4307 luntatis
783 4255 894 4306 aut
941 4236 1316 4305 intencionis
1363 4237 1538 4324 quod
1581 4261 1705 4324 per
1749 4238 2113 4324 hujusmodi
2158 4251 2409 4302 nostras
2432 4252 2795 4323 praesenta-

471 4331 689 4393 ciones
719 4342 832 4394 aut
861 4328 1149 4412 ejusdem
1181 4324 1692 4389 reverendissimi
1724 4326 1923 4409 patris
1953 4340 2021 4389 et
2052 4346 2485 4390 successorum
2518 4348 2789 4395 suorum

469 4416 886 4485 admissiones
935 4414 1059 4499 ipsi
1105 4412 1639 4479 reverendissimo
1690 4412 1858 4498 patri
1890 4412 1990 4478 vel
2038 4412 2166 4477 suis
2196 4412 2671 4479 successoribus
2700 4414 2791 4478 de
