3000 5117
429 425 828 500 ccccxxxvi
949 446 1154 496 msr.
1188 443 1545 496 num-:rm-
1586 441 2051 496 scmr‘roans
2080 443 2295 495 πῶς.
2483 459 2515 482 0

435 621 814 695 praesentes3
846 607 935 674 ita
957 606 1154 696 quod,
1181 605 1474 692 legitimo
1491 620 1779 672 cessante
1801 604 2288 690 impedimento,
2313 605 2483 671 infra
2502 628 2767 673 annum*

437 710 780 783 postquam
811 694 1148 780 arripueris
1177 694 1302 760 iter
1333 707 1517 759 tuum
1547 715 1768 758 versus
1790 693 2031 759 dictam
2062 693 2308 772 sedem,
2340 694 2519 758 omni
2550 717 2759 762 excu-

441 783 697 848 sacione
729 781 1104 868 postposita,
1138 781 1222 846 ad
1259 803 1376 846 nos
1423 780 1601 866 apud
1645 780 2048 846 Dunelmum
2094 782 2458 847 revertaris,
2552 781 2643 847 Et
2670 806 2771 848 ne

445 869 712 956 alicujus
734 869 1179 935 excusacionis
1209 868 1612 934 obstaculum
1644 889 1839 954 super
1866 867 1991 933 hoc
2022 868 2409 952 pretendere
2439 867 2657 933 valeas
2688 869 2789 932 in.

449 959 762 1034 futurum,
796 971 862 1021 te
889 979 1081 1042 super
1127 955 1250 1022 hoc
1303 955 1370 1020 in
1413 973 1530 1020 tua
1570 953 1973 1021 consciencia
2002 975 2376 1024 oneramus.
2465 955 2541 1020 In
2572 957 2773 1043 cujus·

451 1045 570 1122 rei,
601 1055 714 1112 etc.

631 1478 998 1535 cccxxxvi.
1045 1485 1653 1533 Pnocuna‘romuu
1700 1487 1789 1531 DE
1824 1485 2104 1531 orriolo
2152 1483 2585 1536 QUAEST-onw·

877 1649 1028 1715 [MS.
1078 1653 1288 1706 Cotton.
1311 1651 1367 1704 in
1393 1651 1533 1704 Mus·
1554 1650 1691 1703 Brit.
1714 1649 1970 1703 Faustina
1990 1650 2057 1701 A.
2076 1648 2183 1702 VI.
2212 1651 2331 1718 76],-

550 1813 886 1882 Universis
927 1830 1166 1883 sanctae
1213 1813 1432 1881 matris
1479 1814 1766 1880 ecclesiae
1810 1813 1959 1880 filiis
1998 1826 2217 1900 pateat
2242 1838 2362 1902 pet
2387 1829 2773 1902 proesentes,

455 1903 633 1986 quod
664 1927 800 1982 nos,
830 1905 1180 1982 Robertus,
1217 1903 1405 1969 Prior
1431 1901 1721 1968 ecclesiae
1750 1901 2136 1967 cathedralis
2168 1901 2641 1982 Dunelmensis,
2674 1909 2765 1972 ad

452 1990 824 2071 petendum,
856 1992 1316 2078 colligendum,
1346 2006 1415 2056 et
1441 1988 1901 2075 recipiendum,
1924 1991 2183 2054 nomine
2200 2005 2438 2069 nostro,
2469 1992 2769 2059 fidelium

455 2075 854 2157 elemosinae,
899 2079 1084 2144 nobis
1135 2101 1212 2144 ac
1261 2077 1523 2142 fabricae
1572 2075 1859 2141 ecclesiae
1908 2076 2087 2141 beati
2130 2077 2473 2143 Cuthberti
2508 2078 2771 2145 Dunel-

455 2165 693 2228 mensis
720 2165 829 2248 pia
871 2166 1162 2231 fidelium
1191 2163 1548 2229 devocione
1576 2163 1783 2240 datas,
1830 2162 2099 2242 dandas,
2128 2164 2500 2248 assignatas,
2556 2166 2769 2255 assig-

451 2251 718 2328 nandas,
750 2251 921 2316 infra
950 2252 1563 2317 Archidiaconatum
1598 2248 2109 2328 Nortbumbriae,
2160 2273 2411 2316 necnon
2438 2253 2525 2318 ad
2554 2252 2767 2340 impe-

453 2337 756 2402 trandum
809 2338 1022 2404 literas
1080 2363 1156 2404 ac
1207 2337 1651 2423 indulgencias
1728 2335 1969 2402 Christi
2040 2337 2337 2402 fidelibus
2388 2339 2766 2424 hujusmodi

454 2423 828 2490 elemosinas
858 2427 1040 2492 nobis
1061 2449 1136 2492 ac
1165 2425 1426 2491 fabricae
1457 2425 1651 2489 dictae
1680 2424 1963 2490 ecclesiae
1994 2424 2230 2490 devote
2252 2426 2766 2508 conferentibus,

451 2531 500 2576 a
521 2513 989 2578 venerabilibus
1022 2515 1153 2580 Dei
1181 2513 1397 2599 gracia
1417 2511 1914 2597 archiepiscopis
1947 2512 2319 2577 Cantuariae
2348 2527 2417 2578 et
2454 2513 2765 2594 Eboraci,

453 2600 806 2688 ceterisque
821 2602 1117 2754 ‹praelatis
1147 2614 1214 2666 et
1243 2599 1579 2669 ordinariis
1598 2599 1884 2664 locorum
1917 2599 2393 2684 praedictorum,
2426 2613 2495 2666 et
2524 2603 2607 2666 ad
2632 2603 2767 2668 sibi

461 2687 816 2752 substituen
867 2710 976 2752 um
1047 2702 1532 2775 procuratorem
1606 2707 1719 2750 seu
1792 2701 2259 2771 procuratores,
2320 2688 2625 2754 nuncium
2656 2691 2773 2756 vel

452 2776 748 2853 nuncios,
812 2775 1254 2863 coadjutorem
1312 2797 1426 2840 seu
1499 2773 1929 2859 coadjutores,
1962 2813 2045 2824 —-
2076 2773 2385 2840 dilectum
2442 2777 2629 2842 nobis
2688 2776 2766 2846 in

457 2859 718 2926 Christo
765 2861 1154 2928 Nicholaum
1200 2862 1284 2927 de
1333 2860 1585 2928 Kellaw
1626 2860 1947 2938 clericum,
1994 2861 2265 2926 latorem
2310 2862 2769 2948 praesencium„

451 2961 938 3032 procuratorem
985 2966 1276 3015 nostrum
1305 2971 1382 3015 ac
1413 2947 1717 3012 nuncium
1748 2947 2107 3032 specialem,
2142 2951 2465 3036 quandam
2494 2973 2761 3018 crucem

453 3049 824 3118 argenteam
854 3049 920 3102 et
949 3036 1318 3103 deauratam
1365 3049 1572 3102 certas
1624 3034 1921 3123 reliquias
1971 3035 2301 3100 Prioratus
2352 3039 2553 3103 nostri
2598 3061 2767 3105 con-

460 3120 837 3201 tinentem,*
883 3145 1099 3189 secum
1157 3123 1338 3189 vobis
1387 3121 1807 3200 deserentem,
1868 3121 2303 3187 ordinavimus
2330 3167 2417 3179 —
2449 3125 2528 3190 In
2572 3127 2765 3212 cujus

456 3208 599 3288 &c.,
653 3211 1076 3295 praesentibus
1127 3210 1402 3296 sigillum
1462 3221 1753 3274 nostrum
1812 3209 2080 3274 fecimus
2137 3210 2259 3274 hiis
2318 3213 2577 3298 apponi,
2640 3237 2765 3300 per

456 3318 658 3362 unum
701 3319 943 3363 annum
987 3321 1028 3363 a
1054 3297 1208 3362 data
1235 3297 1657 3363 confectionis
1700 3297 2123 3382 praesencium
2172 3299 2477 3365 continue
2529 3323 2764 3368 nume·-

453 3386 726 3450 randum
757 3385 1208 3450 tantummodo
1237 3383 1581 3450 duraturis.
1640 3384 1820 3449 Data
1849 3383 2185 3464 Dunolmi,
2216 3386 2425 3472 primo
2442 3387 2549 3453 die
2576 3411 2768 3456 men-

456 3473 543 3535 sis
588 3470 968 3624 gecembris,
1030 3494 1204 3537 anno
1265 3469 1535 3537 Domini
1592 3469 1928 3536 millesimo
1990 3489 2116 3539 ccc
2192 3475 2593 3566 octogesimo
2654 3498 2764 3544 se-

458 3577 586 3624 cun
633 3581 694 3624 0.

864 3759 893 3787 ⁸
927 3756 1060 3811 This
1083 3757 1223 3812 word
1242 3757 1289 3810 ls
1309 3757 1628 3811 substituted
1648 3756 1730 3811 for
1752 3760 1809 3811 t‘n
1828 3775 1881 3812 u
1894 3763 2089 3813 chum
2105 3763 2371 3815 habmus·-
