3000 5117
527 464 757 539 clxxvi
1007 488 1209 539 HIST.
1245 486 1601 539 DUNELM.
1644 480 2098 539 semprousss
2132 490 2342 541 ‘rm-28.

697 939 904 987 cmm.
955 940 1306 985 sturm-tcto
1353 940 1689 985 MAGISTRI
1734 940 1999 984 TROMAE
2036 940 2478 985 wALKuRToN
2510 942 2651 987 Pno

691 1027 1038 1072 PENSIONB
1069 1028 1156 1073 XV
1189 1028 1585 1072 MARCARUM
1617 1028 1747 1073 SUB
1785 1028 2027 1073 culmus
2062 1028 2642 1075 conmemmnus-

1411 1144 1569 1213 [neg.
1594 1144 1678 1197 11.
1702 1142 1741 1195 f.
1764 1146 1913 1211 sm]

604 1260 778 1327 Haec
825 1259 1171 1325 indentura
1215 1259 1390 1324 facta
1437 1257 1609 1323 inter
1652 1257 1983 1347 religiosos
2013 1257 2181 1323 viros
2214 1258 2510 1326 Priorem
2542 1276 2613 1327 et
2650 1264 2822 1329 Con·

472 1396 480 1401 -
515 1362 780 1413 ventum
827 1346 1113 1413 ecclesiae
1157 1346 1542 1411 cathedralis
1570 1346 2023 1411 Dunelmensis
2053 1368 2139 1410 ex
2175 1368 2303 1412 una
2332 1363 2399 1412 et
2433 1350 2811 1450 magistrum

514 1434 838 1501 Thomam
883 1435 966 1499 de
1001 1433 1477 1522 Wslkyngton,
1512 1434 1921 1498 decretorum
1952 1434 2306 1512 doctorem,
2342 1435 2589 1501 domim
2620 1438 2813 1503 nostri

513 1522 716 1609 Papae
773 1521 1171 1607 capellanum
1231 1535 1300 1585 et
1353 1520 1549 1607 ipsius
1600 1519 1763 1586 sacri
1812 1520 2037 1607 palatii
2090 1522 2425 1605 apostolici
2476 1546 2809 1590 causarum

510 1610 894 1686 auditorem,
943 1620 1127 1693 parte
1168 1630 1256 1672 ex
1303 1607 1528 1687 altera,
1584 1620 1879 1685 testatur,
1932 1607 2113 1695 quod
2159 1608 2452 1693 praedicti
2508 1610 2707 1675 Prior
2750 1630 2813 1677 et

513 1698 890 1763 Conventus
919 1710 1391 1775 concesserunt,
1427 1710 1496 1761 et
1514 1696 1641 1760 hoc
1662 1696 1969 1781 proesenti
1998 1696 2243 1781 scripto
2268 1718 2335 1761 se
2358 1697 2637 1763 firmiter
2658 1700 2813 1765 obli-

505 1798 734 1869 gantes
757 1784 1300 1849 confirmaverunt
1323 1798 1390 1849 et
1409 1784 1815 1861 confirmant,
1836 1782 2152 1869 praedicto
2172 1782 2479 1869 magistro
2507 1784 2571 1848 T
2570 1786 2807 1864 homae,

502 1872 588 1937 ad
633 1871 976 1937 terminum
1021 1870 1174 1935 vitae
1221 1892 1375 1950 suae,
1425 1871 1752 1959 quandam
1803 1870 2185 1955 pensionem
2226 1872 2347 1935 sub
2378 1872 2589 1937 forma
2617 1872 2808 1941 infra-

503 1958 784 2045 scripta;
839 1957 1140 2024 videlicet
1231 1958 1545 2024 uindecim
1596 1980 1977 2035 marcarum,
2033 1958 2351 2045 quotiens,
2384 1962 2682 2045 quande,
2742 1976 2807 2027 et

501 2047 830 2136 quamdiu,
879 2047 942 2110 in
973 2044 1150 2111 curia
1291 2068 1480 2111 mana
1507 2045 1703 2110 fuerit
1733 2059 1798 2110 et
1830 2044 2065 2111 ibidem
2098 2068 2343 2110 moram
2376 2049 2677 2126 traxerit,
2712 2048 2807 2114 vel

499 2135 566 2199 in
597 2134 862 2200 ecclesia
889 2157 1007 2199 sua
1027 2132 1110 2199 de
1148 2133 1486 2235 Hougton,
1521 2156 1634 2199 seu
1664 2156 1809 2198 cum
1843 2133 2188 2219 magnifico
2218 2147 2287 2199 et
2317 2134 2516 2198 nobili
2540 2136 2805 2201 domino

501 2222 759 2289 Comite
789 2222 1337 2287 Northumbrensi
1365 2221 1533 2286 infra
1558 2220 1867 2287 diocesim
1894 2220 2401 2286 Dunelmensem
2422 2221 2485 2285 in
2510 2223 2805 2306 ejusdem

501 2309 774 2375 Comitis
819 2308 1090 2387 familia;
1137 2321 1202 2373 et
1245 2309 1298 2372 si
1337 2308 1404 2373 in
1439 2310 1857 2387 Eboracensi,
1898 2308 2361 2387 Beverlacensi‚
2404 2308 2669 2396 Rypon,
2708 2313 2803 2376 vel

499 2397 830 2463 Houeden
873 2396 1226 2485 collegiatis
1271 2396 1581 2474 ecclesiis,
1626 2396 1831 2482 ipsum
1876 2399 2251 2480 magistrum
2286 2396 2615 2461 Thomam
2650 2399 2805 2463 resi-

492 2484 668 2564 dere,
703 2485 802 2549 vel
831 2498 1020 2551 extra
1044 2485 1283 2551 dictam
1317 2482 1829 2549 Dunelmensem
1860 2483 2189 2562 diocesim,
2221 2504 2367 2548 cum
2390 2484 2571 2549 dicto
2598 2486 2803 2550 domi-

491 2594 579 2637 no
634 2573 891 2639 Comite
941 2573 1011 2638 in
1061 2596 1176 2637 sua
1227 2572 1467 2637 familia
1506 2571 1890 2636 commorari
1933 2570 2297 2659 contigerit,
2335 2584 2616 2655 protunc
2647 2596 2799 2659 pen-

491 2658 738 2724 sionem
785 2661 1010 2724 decem
1058 2681 1452 2735 marcarum3
1506 2674 1573 2724 et
1619 2680 1738 2744 pro
1788 2669 2074 2743 tempore
2116 2680 2247 2745 quo
2292 2657 2357 2721 in
2402 2662 2797 2726 monasterio

487 2740 924 2811 'Dunelmensi
975 2767 1216 2809 moram
1267 2746 1558 2825 traxerit,
1592 2746 1876 2833 quinque
1920 2766 2273 2810 marcarum
2306 2746 2793 2833 sterlingorum,

489 2834 574 2899 de
619 2832 767 2919 ipsis
813 2846 880 2898 et
912 2832 1214 2899 Prioratu
1243 2856 1360 2898 suo
1394 2831 1815 2898 Dunelmensi
1846 2832 2109 2919 singulis
2139 2833 2315 2897 annis
2346 2835 2795 2918 percipienda-

489 2942 658 3001 rum,
691 2943 813 3007 pro
845 2935 988 2985 rato
1021 2923 1326 3008 temporis
1357 2944 1493 2986 suae
1524 2942 1725 2985 morae
1756 2921 1819 2985 in
1850 2921 2177 3007 praedictis
2206 2919 2387 2986 locis.
2483 2921 2593 2987 Ita
2624 2924 2791 2987 scili·

483 3008 658 3087 licet,
707 3009 905 3095 quod,
955 3031 1074 3097 pro
1120 3022 1263 3073 rato
1296 3007 1602 3095 temporis
1634 3030 1833 3073 morae
1866 3030 1999 3073 suae
2031 3010 2095 3072 in
2132 3008 2427 3073 Romana
2456 3009 2661 3089 curia,
2695 3010 2791 3075 vel

483 3096 550 3160 in
580 3096 852 3162 ecclesia
879 3118 994 3162 sua
1022 3094 1106 3161 de
1141 3095 1535 3185 Houghton‚
1570 3118 1678 3160 seu
1706 3094 1771 3161 in
1802 3094 2043 3160 familia
2063 3094 2218 3159 dicti
2241 3095 2483 3159 domini
2514 3097 2791 3161 Comitis

483 3182 650 3248 infra
701 3184 1076 3269 proedictam
1129 3182 1437 3248 diocesim
1495 3182 2020 3261 Dunelmensem,
2070 3182 2377 3267 percipiet
2430 3184 2789 3249 secundum

482 3270 858 3355 porcionem
889 3271 1253 3358 quindecim
1288 3292 1649 3335 marcarum
1678 3292 2037 3335 annuarum
2062 3293 2085 3346 ;
2116 3283 2182 3334 et
2212 3292 2330 3355 pro
2359 3284 2504 3335 rato
2536 3285 2791 3359 tempo-

482 3357 568 3420 ris
613 3379 746 3422 suae
795 3380 993 3421 morse
1037 3358 1103 3420 in
1143 3357 1557 3436 Eboracensi,
1608 3357 2077 3435 Beverlacensi,
2120 3356 2376 3443 Rypon,
2412 3358 2514 3422 vel
2550 3359 2789 3425 Hone-

479 3444 611 3509 deu
641 3443 992 3529 collegiatis
1011 3444 1314 3521 ecclesiis,
1335 3446 1438 3510 vel
1461 3460 1653 3510 extra
1673 3446 1912 3510 dictam
1940 3443 2445 3510 Dunelmensem
2468 3444 2788 3513 diocesim

478 3552 626 3597 cum
681 3530 856 3595 dicto
908 3530 1174 3595 domino
1225 3531 1483 3597 Comite
1532 3534 1599 3597 in
1645 3556 1763 3597 sua
1790 3531 2049 3610 familis,
2084 3532 2397 3618 percipiet
2426 3534 2784 3598 secundum

479 3616 850 3705 porcionem
903 3618 1126 3684 decem
1180 3640 1536 3684 marcarum
1589 3642 1981 3696 annuarum3
2036 3634 2105 3685 et
2147 3640 2267 3703 pro
2297 3633 2439 3683 rato
2471 3621 2781 3706 temporis

476 3726 613 3771 suoe
665 3726 866 3769 moroe
911 3706 976 3770 in
1027 3707 1416 3771 monasterio
1449 3707 1871 3773 Dunelmensi
1906 3705 2215 3791 percipiet
2244 3706 2597 3773 secundum
2632 3731 2783 3793 por-

474 3793 724 3859 cionem
753 3793 1036 3881 quinque
1067 3815 1424 3859 marcarum
1451 3816 1831 3874 annuarum,
1866 3797 1932 3859 in
1962 3792 2143 3859 festis
2171 3794 2373 3859 sancti
2410 3793 2685 3859 Martini
2714 3797 2779 3859 in

471 3881 706 3961 hieme,
722 3895 789 3946 et
807 3882 1240 3961 Pentecostes,
1267 3904 1388 3969 per
1415 3880 1673 3969 equales
1696 3881 2050 3967 porciones,
2082 3902 2413 3969 quousque
2436 3881 2637 3947 fuerit
2665 3904 2787 3968 per

472 3968 642 4055 ipsos
697 3968 983 4034 Priorem
1029 3981 1096 4033 et
1140 3970 1553 4035 Conventum
1604 3983 1941 4055 promotus
1984 3970 2068 4034 ad
2097 3968 2363 4055 aliquod
2392 3968 2775 4035 benificium

467 4055 645 4144 quod
675 4055 938 4121 duxerit
974 4056 1464 4142 acceptandum.
1556 4056 2031 4123 concesserunt
2048 4103 2057 4109 ·
2076 4055 2272 4121 etism
2301 4054 2558 4142 proefati
2588 4056 2780 4121 Prior

470 4156 537 4209 et
594 4143 970 4209 Conventus
1022 4142 1231 4209 eidem
1286 4142 1595 4231 magistro
1641 4143 1940 4221 Thomoe,
1994 4142 2258 4227 singulis
2303 4143 2505 4221 annis,
2554 4144 2771 4230 quoad

470 4228 724 4307 vixerit,
753 4252 948 4296 unam
979 4231 1203 4296 robam
1234 4230 1316 4294 de
1347 4244 1529 4295 secta
1554 4230 1964 4305 clericorum3
1998 4229 2299 4295 videlicet
2328 4229 2597 4295 terciam
2628 4253 2771 4315 par·

470 4330 603 4381 tem
647 4318 832 4381 unius
861 4319 1058 4404 panni
1089 4340 1234 4383 cum
1267 4316 1488 4381 furora
1518 4316 1600 4381 de
1630 4318 1807 4403 bugy
1838 4316 1923 4382 ad
1948 4316 2183 4381 festum
2214 4317 2445 4382 natalis
2479 4318 2765 4394 Domini,

466 4415 536 4468 et
584 4424 702 4489 pro
753 4404 1069 4489 armigero
1117 4426 1235 4468 suo
1288 4404 1445 4469 duas
1499 4403 1681 4470 ulnas
1729 4406 1812 4470 de
1862 4404 2150 4489 stragula
2192 4418 2259 4469 et
2289 4405 2447 4470 duas
2472 4404 2651 4469 ulnas
2682 4405 2763 4468 de

461 4512 678 4578 panno
725 4491 1014 4558 colorato
1066 4492 1150 4557 de
1201 4508 1378 4557 secta
1425 4492 1905 4581 armigerorum,
1940 4504 2029 4573 et,
2081 4490 2133 4555 si
2180 4491 2567 4579 armigerum
2634 4514 2765 4563 non
