3000 5117
541 435 638 504 82
1008 449 1211 502 nxs‘r.
1251 446 1611 504 DUNELM.
1647 447 2109 504 sctur‘rom-:s
2144 449 2357 504 rsus·

448 619 488 714 [
547 615 751 680 Priori
807 613 1142 678 intendere
1193 613 1420 678 timore
1471 602 1741 676 carceris
1786 612 2220 676 induxerunt:
2272 611 2563 678 Priorem
2594 624 2661 678 et
2690 614 2835 698 xlvj

543 700 888 767 monachos
935 703 1000 764 in
1049 697 1246 764 stallis
1294 720 1517 764 eorum
1571 699 1634 762 in
1682 698 1951 764 ecclesia
1998 704 2087 763 ita
2137 699 2357 764 stricte
2408 701 2833 778 obsederunt,

543 788 718 875 quod
765 809 878 872 per
922 787 1207 850 triduum
1255 809 1386 850 non
1415 785 1776 850 habuerunt
1808 785 1889 849 ad
1921 785 2416 865 comedendum,
2450 800 2689 872 praeter
2718 809 2838 851 sex

543 897 740 961 panes
769 889 838 938 et
865 872 1190 938 sexdecim
1221 873 1462 949 allecia,
1495 893 1612 936 nec
1636 871 1981 956 permissus
2008 885 2109 937 est
2142 873 2333 938 Prior
2360 873 2453 939 ire
2483 873 2567 938 ad
2588 888 2841 938 secreta

545 977 793 1026 naturae
815 984 838 1036 ;
863 982 982 1025 nec
1013 960 1204 1024 alium
1236 959 1448 1023 locum
1481 958 1850 1044 quiescendi
1872 958 2240 1023 .habuer⁰unt
2278 959 2463 1026 Prior
2492 975 2559 1025 et
2588 960 2685 1024 sui
2716 961 2839 1024 nisi

544 1049 766 1114 stallos
817 1047 1016 1114 chori.
1117 1046 1306 1123 Item,
1343 1045 1568 1110 ultimo
1604 1045 1893 1110 Priorem
1942 1045 2025 1109 de
2059 1046 2249 1111 stallo
2294 1060 2741 1126 extraxerunt,
2776 1061 2845 1111 et

542 1139 611 1201 in
637 1136 831 1200 domo
859 1132 1181 1198 communi
1208 1130 1703 1196 incarcerarunt.
1766 1132 1955 1209 Item,
1989 1131 2094 1196 die
2126 1133 2347 1198 martis
2369 1134 2665 1220 proxime
2694 1145 2848 1219 post

543 1223 777 1287 festum
796 1220 995 1286 sancti
1031 1219 1398 1294 Cuthberti,
1429 1217 1718 1283 Priorem
1750 1217 1835 1282 de
1864 1217 1973 1283 illa
2002 1219 2199 1284 domo
2231 1243 2431 1322 usque
2461 1222 2527 1284 in
2558 1232 2843 1285 castrum

547 1331 664 1394 per
711 1307 992 1372 medium
1027 1307 1460 1370 nundinarum
1514 1317 1871 1384 traxerunt,
1923 1320 2167 1370 etcum
2199 1305 2289 1370 ibi
2318 1325 2841 1383 incarcerarnnt3

545 1410 613 1460 et
667 1394 728 1458 in
781 1394 888 1458 die
937 1395 1110 1458 lunae
1139 1393 1432 1476 proxime
1473 1407 1619 1478 post
1660 1391 1895 1456 festum
1934 1391 2281 1458 nativitatis
2310 1394 2521 1460 beatae
2558 1394 2845 1479 Virginis

543 1483 775 1547 iterum
818 1480 1122 1545 reductus
1166 1493 1262 1544 est
1307 1479 1372 1542 in
1419 1480 1795 1563 prioratum,
1838 1492 1906 1543 et
1936 1477 2021 1544 ibi
2052 1481 2118 1543 in
2151 1480 2427 1566 quadam
2458 1503 2717 1547 camera
2744 1480 2847 1544 in·

546 1583 929 1635 carceratus·
1025 1565 1213 1642 Item,
1245 1564 1601 1630 Johannem
1650 1565 1734 1630 de
1788 1565 2019 1630 Castro
2070 1565 2409 1646 Bernardi,
2450 1569 2841 1634 monachum

547 1657 893 1732 infirmum,
934 1652 1088 1740 quia
1137 1652 1521 1738 loquebatur
1568 1674 1684 1736 pro
1716 1666 1883 1718 statu
1912 1652 2218 1730 eccle'siae‚
2249 1653 2334 1718 de
2379 1654 2627 1740 capella
2652 1654 2845 1719 Infir-

545 1744 763 1808 mariae
811 1739 1224 1806 abduxerunt
1255 1739 1338 1803 ad
1370 1753 1668 1818 castrum,
1702 1754 1768 1803 et
1798 1737 2271 1805 incarcerarunt
2309 1739 2395 1805 ibi
2441 1763 2556 1825 per
2594 1755 2843 1827 septem

547 1830 705 1893 dies.
799 1828 986 1904 Item,
1014 1826 1302 1890 Priorem
1335 1826 1564 1890 cedere
1584 1825 1716 1910 juri
1748 1847 1867 1890 suo
1898 1824 1955 1888 vi
1987 1840 2055 1891 et
2082 1840 2259 1891 metu
2290 1839 2663 1914 coegerunt.
2756 1828 2841 1892 ln

549 1915 767 1981 multis
813 1915 948 1978 aliis
994 1925 1381 1999 conquestus
1427 1927 1523 1977 est
1561 1911 1747 1976 Prior
1775 1934 1966 1996 super
2000 1911 2392 1999 Episcopum
2424 1915 2509 1978 de
2540 1915 2849 1999 capcione

545 2004 863 2068 bonorum
913 2022 1174 2063 suorum
1225 1997 1288 2061 in
1335 2000 1654 2076 maneriis,
1705 2013 1768 2064 et
1814 1998 2079 2064 diversis
2124 2001 2743 2084 transgressionibus,
2778 2017 2853 2066 et

549 2089 736 2155 evicit
787 2088 966 2175 quasi
1009 2089 1071 2150 in
1126 2085 1467 2160 omnibus;
1508 2087 1903 2170 recuperavit
1934 2083 2128 2150 etiam
2161 2102 2387 2152 eontra
2414 2094 2561 2152 eu'm
2594 2109 2849 2154 moram

549 2178 631 2241 de
670 2174 1057 2259 Beaurepair
1087 2171 1149 2235 in
1199 2172 1641 2256 separabilem,
1698 2185 1762 2236 et
1796 2171 1968 2258 apud
2008 2173 2359 2261 Wardelay
2394 2174 2606 2239 nescio
2638 2197 2851 2261 quan·

549 2281 713 2341 tum,
762 2277 826 2328 et
870 2264 932 2326 in
967 2259 1184 2325 multis
1214 2257 1372 2337 aliis,
1405 2259 1490 2322 de
1522 2259 1751 2346 quibus
1780 2259 2103 2346 prolixum
2132 2274 2305 2325 esset
2336 2260 2695 2326 discurrere
2724 2284 2855 2345 per

549 2349 857 2434 singula.]
943 2345 1328 2433 Inquisitum
1361 2359 1458 2412 est
1491 2345 1574 2410 de
1604 2345 1737 2410 istis
1770 2344 2053 2411 articulis
2082 2369 2201 2432 per
2230 2346 2523 2412 homines
2552 2347 2634 2412 de
2670 2347 2857 2414 Nor·

551 2436 897 2513 thumbria‚
945 2434 1097 2520 quia
1147 2433 1235 2495 illi
1288 2432 1371 2496 de
1427 2431 1821 2518 Episcopatu
1851 2433 2126 2520 suspecti
2158 2451 2345 2498 erant
2382 2433 2704 2520 Episcopo
2736 2437 2848 2500 vel

554 2524 786 2590 Priori.
905 2521 1152 2585 Habuit
1215 2517 1572 2604 Episcopus
1635 2519 1967 2584 consilium
2027 2519 2339 2605 optimum
2400 2536 2466 2586 et
2522 2522 2803 2587 electum
2836 2547 2867 2598 3

554 2612 743 2675 Prior
763 2632 916 2673 vero
940 2629 1070 2672 non
1090 2605 1204 2669 nisi
1219 2605 1457 2692 [quasi]
1472 2628 1670 2670 unum
1694 2606 2103 2692 [hominem],
2118 2607 2315 2670 Willel
2328 2630 2497 2672 mum
2522 2608 2603 2672 de
2622 2608 2855 2674 Herle.

555 2699 686 2764 Sed
733 2697 954 2762 favore
999 2693 1228 2782 patriae
1275 2707 1339 2756 et
1378 2693 1507 2757 Dei
1553 2692 1879 2776 adjutorio
1908 2695 2244 2758 succubuit
2274 2693 2629 2779 Episcopus
2704 2697 2855 2761 uasi

549 2785 613 2848 in
667 2783 1002 2858 omnibus3
1057 2796 1122 2845 et
1182 2777 1389 2844 Priori
1438 2779 1506 2844 in
1560 2779 1786 2866 grandi
1816 2803 2063 2848 summa
2094 2783 2387 2867 pecuniae
2416 2795 2517 2846 est
2538 2803 2661 2848 con
2708 2805 2859 2848 em-

551 2885 760 2938 natus.

703 3283 850 3331 cu».
883 3280 1098 3328 xxvn.
1149 3279 1242 3322 ns
1277 3277 1674 3322 cnsmom:
1708 3279 1998 3324 Auronu
2032 3279 2109 3326 m
2142 3281 2673 3345 PATRIARCEAM,

1055 3352 1593 3427 [susPssNsonss]
1626 3361 1711 3409 ιτ
1742 3365 1983 3412 Mon'rs
2016 3369 2329 3420 Pmoms,

1307 3503 1453 3568 [Ms.
1481 3506 1609 3574 Cap.
1632 3523 1758 3560 cmx·
1790 3507 1878 3562 fob.
1903 3513 2004 3562 2⁰2
2029 3511 2112 3575 b.}

643 3645 911 3713 Interim
966 3649 1236 3714 moritur
1287 3645 1466 3732 Papa
1517 3647 1923 3727 Bonefacius,
1955 3663 2023 3716 et
2046 3664 2295 3718 creatus
2325 3665 2427 3718 est
2460 3655 2871 3722 Benedictus

555 3734 676 3815 [de
735 3734 962 3798 ordine
1025 3733 1613 3812 Praedicatorum];
1666 3736 1839 3820 apud
1897 3759 2088 3824 quem
2148 3741 2430 3806 obtinuit
2490 3742 2871 3828 Episcopus

559 3819 814 3888 Bullam
846 3821 930 3886 ad
963 3821 1538 3907 Archiepiscopum
1572 3821 2101 3889 Cantuariensem
2133 3827 2489 3914 Episcopos
2521 3828 2865 3896 Lincolni·

555 3931 774 3974 ensem
819 3921 888 3973 et.
921 3909 1445 3996 wigorniensem
1509 3921 1583 3972 ut
1642 3907 1761 3995 ipsi
1814 3909 2277 3978 descenderent
2329 3915 2413 3978 ad
2467 3915 2865 3984 visitandum

559 3995 932 4082 Capitulum
980 3995 1436 4061 Dunelmense.
1529 3997 1898 4063 Accusabat
1942 4000 2110 4064 enim
2149 4000 2444 4066 Priorem
2471 4025 2664 4088 super
2693 4003 2871 4070 dila-

556 4083 890 4172 pidatione
921 4097 988 4149 et
1016 4083 1280 4149 diversis
1310 4081 1677 4149 criminibus
1700 4107 1721 4161 3
1752 4097 1819 4150 et
1854 4085 2035 4172 Papa
2054 4087 2305 4172 scripsit
2327 4088 2463 4154 istis
2488 4105 2557 4155 ut
2578 4091 2873 4178 inquire-

555 4184 724 4240 rent.
823 4171 977 4250 Sed,
1000 4192 1069 4235 re
1093 4169 1404 4236 existente
1434 4170 1705 4254 integra,
1730 4187 2021 4238 mortuus
2050 4188 2151 4241 est
2174 4175 2393 4264 Papa3
2438 4190 2506 4244 et
2523 4177 2615 4244 sic
2642 4177 2867 4245 amisit

561 4257 922 4344 Episcopus
965 4257 1270 4346 quicquid
1301 4257 1471 4322 circa
1499 4257 1625 4323 hoc
1656 4259 2047 4328 effundebat.
2138 4265 2336 4328 Anno
2368 4263 2636 4330 Domini
2668 4285 2867 4332 mccc

560 4347 806 4433 quium,
828 4346 1034 4409 factus
1057 4358 1155 4410 est
1173 4344 1713 4431 Archiepiscopus
1734 4347 2231 4434 Burdegalensis
2254 4351 2653 4418 Bertrandus
2682 4353 2875 4440 Papa

566 4437 694 4520 [et]
745 4445 1004 4498 vocatus
1054 4447 1148 4498 est
1209 4432 1507 4500 Clemens
1536 4457 1553 4509 3
1608 4433 1717 4521 qui
1748 4434 1954 4521 primo
1986 4459 2157 4504 anno
2186 4455 2462 4529 papatus
2492 4440 2588 4507 sui
2620 4441 2869 4508 creavit
