3000 5117
521 459 644 531 cxl
1015 482 1218 533 msr.
1257 478 1621 531 nonum.
1652 479 2121 531 scium-onas
2154 480 2369 534 rans.

517 640 905 721 intimamus,
953 642 1148 729 quod,
1195 662 1343 707 cum
1389 640 1863 705 decreverimus
1908 640 2177 707 dilectos
2222 642 2389 708 filios
2432 644 2726 711 Priorem
2758 660 2828 712 et

521 727 897 813 Capitulum
945 748 1020 795 ac
1067 728 1402 794 ecclesiam
1451 740 1735 792 nostram
1786 728 2183 793 antedictum
2231 729 2353 795 hac
2402 731 2667 796 instanti
2720 734 2825 797 die

517 813 832 880 Mercurii
864 814 1160 901 proximo
1191 815 1408 881 futuro
1435 814 1775 881 actualiter
1804 813 2083 892 visitare,
2116 838 2201 881 ne
2244 816 2439 904 aliqui
2471 818 2709 883 curiosi
2740 820 2825 884 de

514 898 662 978 hiis,
707 923 856 988 quae
900 923 1031 966 non
1075 901 1464 987 expediunt,
1509 901 1741 987 saepius
1784 900 2237 985 disceptante&
2270 902 2353 967 de
2382 904 2575 989 hujus
2604 904 2829 970 visita-

511 985 714 1051 cionis
757 988 969 1053 officio
1011 988 1146 1053 sive
1175 988 1382 1053 forma
1407 988 1473 1051 in
1504 986 1699 1071 genio
1726 987 1955 1073 quovis
1984 988 2225 1066 subtili,
2259 992 2413 1076 quin
2444 992 2671 1075 pocius
2704 992 2825 1056 fal-

511 1072 656 1151 laci,
703 1074 967 1141 forsitan
1013 1074 1396 1159 disceptant,
1445 1074 1717 1139 dicimus
1760 1086 1829 1137 et
1879 1088 2311 1155 protestamur
2352 1078 2531 1163 qnod
2576 1092 2823 1143 nostrae

511 1157 893 1225 intencionis
937 1182 1066 1225 non
1113 1160 1335 1225 existit
1380 1182 1498 1247 per
1542 1172 1759 1225 actum
1803 1159 2191 1225 visitacionis
2226 1161 2597 1249 hujusmodi
2626 1163 2821 1229 dictis

513 1244 726 1310 Priori
767 1260 838 1313 et
881 1247 1186 1332 Capitulo
1221 1246 1637 1333 ecclesiasque
1664 1260 1903 1312 nostrae
1934 1247 2358 1315 Dunolmensi
2390 1249 2822 1335 prejudicium

509 1332 798 1418 aliquod,
897 1334 1066 1399 uoad
1109 1333 1642 1421 anticipacionem
1689 1332 1995 1417 temporis
2038 1354 2379 1418 generare:
2454 1336 2615 1401 dicti
2664 1360 2825 1401 vero

511 1416 704 1483 Prior
745 1432 812 1485 et
943 1419 1216 1505 pitulum
1247 1434 1706 1483 consenserunt
1736 1433 1803 1484 et
1832 1420 2177 1485 voluerunt
2202 1421 2567 1506 hujusmodi
2600 1422 2824 1488 visita-

507 1504 760 1569 cionem
805 1519 1090 1570 nostram
1133 1505 1370 1581 subire,
1400 1505 1617 1590 quoad
1659 1505 2041 1570 brevitatem
2088 1520 2217 1570 tem
2266 1508 2417 1585 oris,
2450 1508 2537 1573 de
2566 1510 2817 1578 favore.

513 1590 591 1655 In
621 1594 800 1676 cujus
821 1592 916 1656 rei
937 1590 1373 1656 testimonium
1402 1592 1517 1655 has
1538 1591 1754 1655 literas
1774 1603 2023 1655 nostras
2046 1592 2185 1656 fieri
2234 1594 2473 1659 ecimus
2496 1608 2817 1681 patentes.

511 1675 692 1742 Data
737 1677 804 1740 in
845 1677 1138 1743 manerio
1179 1692 1404 1741 nostro
1447 1678 1533 1741 de
1584 1674 1886 1754 Stokton,
1932 1692 2119 1742 sexto
2149 1677 2403 1744 decimo
2430 1679 2541 1745 die
2572 1682 2818 1745 mensis

511 1764 700 1864 Maii,
753 1786 929 1829 anno
975 1763 1265 1829 Domino
1313 1770 1441 1826 ΜΝ
1489 1770 1673 1827 ccc¹⁸⁰
1718 1762 2195 1849 septuagesimo
2223 1768 2457 1851 primo,
2488 1780 2559 1834 et
2586 1788 2817 1832 conse-

507 1851 820 1917 emmonis
849 1864 1090 1917 nostrae
1120 1849 1422 1916 vicesimo
1449 1862 1659 1915 sexto.

684 2266 924 2313 cxxlu.
971 2266 1228 2311 muna
1259 2265 1571 2313 nonnam
1605 2266 1695 2311 DE
1728 2265 2029 2311 NEVILLB
2064 2265 2151 2309 ΒΤ
2186 2264 2516 2309 RUFEMIAE
2537 2266 2633 2310 Du

1409 2350 1893 2397 HESERLATON.

1413 2492 1571 2565 [neg.
1596 2492 1676 2545 11.
1700 2492 1735 2544 f.
1760 2494 1904 2561 ²⁶2]

583 2636 1078 2703 venerabilibus
1108 2636 1326 2701 amicis
1345 2646 1412 2699 et
1443 2633 1773 2719 generosis
1816 2631 2093 2699 dominis
2146 2632 2441 2697 Roberto
2467 2633 2551 2698 de
2586 2634 2807 2699 Nevill

497 2738 564 2787 et
634 2724 966 2789 Eufemeoe
1023 2722 1107 2787 de
1163 2722 1581 2798 Heserlaton,
1642 2718 1963 2804 germanis
2019 2720 2407 2798 reverendis,
2466 2720 2809 2786 Johannes

498 2810 686 2875 Prior
713 2811 998 2875 ecclesiae
1027 2809 1409 2875 cathedralis
1443 2805 1897 2872 Dunelmensis
1927 2818 1994 2870 et
2023 2806 2307 2893 ejusdem
2340 2806 2461 2872 loci
2499 2809 2811 2872 Conven-

496 2911 600 2961 tus
645 2897 1012 2963 oracionum
1059 2896 1362 2982 suffragia
1413 2895 1791 2959 devotarum
1851 2912 1998 2957 cum
2028 2893 2397 2958 reverencia
2426 2907 2493 2957 et
2522 2894 2802 2962 honore.

499 2982 682 3048 Inter
759 2997 998 3049 caetera
1059 2983 1316 3069 pietatis
1395 3002 1598 3067 opera
1662 2980 1915 3045 illorum
1975 2979 2101 3065 piae
2166 2979 2470 3064 peticioni
2529 2982 2811 3046 condes-

493 3070 774 3137 cendere
845 3071 1149 3136 duximus
1217 3071 1355 3136 fore
1411 3067 1829 3153 praecipuum,
1901 3066 2013 3153 qui
2087 3066 2259 3131 diem
2336 3068 2562 3131 mortis
2644 3084 2805 3133 ante

491 3158 714 3222 oculos
743 3159 975 3223 mentis
1027 3179 1276 3244 semper
1321 3156 1649 3232 habenteS,
1682 3151 1909 3218 mortis
1950 3153 2327 3218 memoriam
2358 3154 2553 3219 etiam
2585 3155 2805 3221 adhuc

492 3243 556 3306 in
585 3266 780 3308 carne
797 3245 990 3329 positi
1015 3242 1355 3309 devocioni
1378 3242 1663 3309 fidelium
1688 3241 1951 3305 student
1968 3254 2285 3325 perpetuo
2312 3241 2797 3309 commendare.

499 3330 832 3416 Siquidem
886 3332 970 3397 ad
1028 3330 1426 3395 audienciam
1472 3341 1755 3393 nostram
1804 3328 2124 3413 perlatum
2182 3340 2304 3405 est,
2354 3328 2803 3393 insinuacione

487 3416 890 3503 quorundam
922 3416 1269 3499 fidedigna‚
1303 3416 1479 3501 quod
1525 3415 1612 3479 ob
1664 3415 2034 3478 devocionis
2064 3413 2563 3492 inmensitatem,
2599 3438 2801 3501 quam

483 3501 736 3567 habetis
766 3502 829 3565 in
859 3502 1353 3585 presenciarum,
1374 3523 1533 3587 erga
1560 3500 1905 3584 gloriosum
1927 3513 2267 3584 patronum
2287 3513 2577 3566 nostrum
2610 3524 2802 3566 sanc-

485 3602 624 3654 tum
677 3588 1104 3653 cuthbertum
1156 3602 1573 3673 nostrumque
1632 3586 1997 3670 collegium,
2047 3587 2439 3670 sepulturam
2492 3587 2799 3673 optinere

481 3674 714 3761 cupitis
745 3675 808 3737 in
847 3674 1102 3740 Galilea
1131 3688 1353 3738 nostra
1384 3672 1825 3751 Dunelmensi,
1860 3686 2195 3757 sperantes
2222 3673 2687 3752 indubitanter,
2721 3690 2797 3739 ut

483 3776 582 3827 est
612 3761 974 3840 verisimile,
1008 3783 1119 3825 vos
1170 3774 1356 3825 tanto
1401 3758 1687 3825 securius
1733 3772 2042 3847 tantoque
2070 3759 2280 3823 tucius
2310 3761 2433 3825 sub
2462 3760 2577 3824 alis
2620 3763 2802 3848 ejus-

481 3849 633 3915 dem
683 3848 947 3935 gloriosi
1003 3847 1402 3915 confessoris
1453 3860 1604 3932 post
1652 3860 1925 3911 mortem
1974 3845 2319 3932 quiescere,
2370 3861 2614 3933 quanto
2648 3846 2797 3931 ejus

479 3935 694 4002 locum
731 3957 982 4002 sacrum
1027 3936 1094 4001 in
1126 3934 1254 3999 vita
1284 3948 1498 3999 vestra
1524 3954 1662 4017 prae
1693 3932 1927 3997 ceteris
1956 3932 2297 3997 affectione
2328 3933 2795 4017 amplectimini

478 4024 729 4091 cariori.
823 4022 964 4087 Nos
989 4044 1145 4087 vero
1167 4019 1703 4085 consideracionis
1720 4018 1981 4084 oculum
2005 4040 2091 4082 ex
2115 4021 2416 4104 opposito
2439 4019 2795 4103 dirigentes

476 4109 786 4175 attentius
817 4111 900 4175 ud
932 4109 1164 4175 merita
1193 4107 1448 4171 diversa
1477 4120 1545 4171 et
1574 4105 1751 4171 varia
1778 4105 2242 4171 venerabilium
2274 4120 2617 4192 parentum
2648 4128 2796 4171 ves·

477 4208 741 4274 trorum,
782 4218 1046 4261 -uecnon
1093 4193 1421 4279 potissime
1467 4199 1534 4257 in
1580 4194 1700 4257 hac
1744 4206 1929 4279 parte
1958 4192 2044 4256 ad
2073 4206 2347 4257 vestram
2380 4192 2793 4257 affectionem

473 4302 687 4346 caram
734 4304 926 4383 quam
981 4304 1134 4366 erga
1180 4293 1248 4344 et
1299 4294 1519 4344 nostra
1570 4284 1729 4361 [ita]
1773 4280 2017 4367 geritis,
2052 4278 2471 4365 volentesque
2503 4280 2569 4343 in
2602 4294 2794 4363 parte

471 4368 654 4433 vobis
702 4368 1202 4433 vicissitudinem
1256 4380 1527 4453 gratam,
1577 4380 1650 4430 ut
1694 4381 2010 4443 tenemur,
2056 4366 2439 4450 rependere,
2472 4366 2557 4430 ad
2590 4367 2793 4431 vestri

470 4468 733 4541 rogatus
780 4455 1154 4521 instanciam
1201 4452 1454 4539 utrique
1501 4466 1779 4519 vestrum
1826 4451 2157 4518 licenciam
2186 4451 2467 4518 habendi
2498 4452 2795 4538 sepultu-
