3000 5117
794 468 1219 521 arrrmmx.
1258 468 1443 519 Anu.
1485 468 1878 521 nzxxxm.
2421 446 2490 519 ix

184 631 633 717 indulgemus3
676 647 744 698 et
772 654 967 719 super
994 630 1295 696 ecclesias
1324 643 1391 695 et
1420 630 1693 695 clericos.
1713 630 1998 695 ecclesiis
2029 629 2487 708 deservientes„

186 742 333 807 quas
360 720 433 784 in
462 721 865 806 Episcopatu
896 718 1337 796 Dunelmensi,
1362 720 1798 805 cujuscunque
1817 717 2162 803 largicione
2185 716 2492 782 canonice

188 807 443 893 adipisci
491 807 755 886 valebit,
808 805 1389 873 Archidiaconatus
1430 805 1708 869 officium
1739 806 1876 889 ejus
1905 804 2284 871 discrecioni
2315 804 2493 869 dele-

190 916 441 983 gamus3
491 895 803 983 quatinus
847 894 1063 958 omnia
1106 892 1189 957 ad
1234 892 1409 958 idem
1444 892 1912 957 Monasterium
1945 890 2328 978 pertinentia
2357 893 2492 955 e'us

192 982 471 1065 regimini
506 999 577 1048 et
602 981 1039 1068 disposicioni,
1072 979 1366 1046 adhibito
1382 980 1724 1045 dumtaxat
1762 980 2042 1066 Capituli
2075 978 2169 1043 sui
2201 916 2490 1057 consilio,

192 1070 489 1155 subjecta,
540 1070 612 1135 in
644 1092 985 1135 commune
1034 1067 1449 1133 commodum
1496 1066 1948 1135 extendantur.
2043 1067 2174 1133 Sed
2217 1080 2283 1131 et
2312 1087 2494 1129 sanc-

194 1155 407 1220 tissimi
452 1158 661 1242 patris
696 1160 902 1223 nostri
929 1154 1104 1222 beati
1138 1153 1440 1239 Gregorii
1477 1152 1676 1237 Papae
1705 1154 2146 1220 sanctionibus
2175 1152 2493 1237 subscrip·

194 1242 283 1319 tis,
335 1244 417 1307 ad
468 1265 703 1327 pacem
759 1266 986 1310 eorum
1032 1242 1168 1307 voti
1216 1243 1311 1306 tui
1355 1240 1572 1305 studio
1615 1240 1979 1326 religiosius
2010 1239 2360 1327 impetratis
2392 1238 2492 1304 in-

195 1330 521 1407 haerentes,
586 1353 995 1419 quaecunque
1057 1329 1526 1415 Episcoporum
1585 1328 1958 1413 praejudicia
2007 1342 2074 1394 et
2121 1328 2491 1417 gravamina

192 1419 722 1483 monasteriorum
750 1432 825 1483 et
853 1418 1314 1483 monachorum
1344 1415 1543 1502 quieti
1568 1415 1874 1481 obfutura
1892 1416 2074 1481 irrita
2100 1415 2242 1481 fieri
2272 1416 2494 1481 decre-

199 1501 297 1580 vit,
348 1503 649 1569 Priorem
696 1519 765 1569 et
812 1504 1158 1569 monachos
1207 1502 1681 1569 Dunelmenses
1725 1504 1808 1569 ab
1844 1503 2164 1582 universis,
2199 1504 2490 1571 Domino

192 1606 603 1676 cooperante,
636 1592 1044 1669 absolvimus,
1077 1591 1379 1678 quatinus
1409 1590 1600 1655 nullis
1628 1589 2066 1656 ecclesiasticis
2096 1590 2488 1657 condicioni-

196 1678 307 1741 bus
336 1680 441 1745 vel
470 1680 777 1767 angariis,
810 1679 913 1744 vel
940 1678 1330 1780 quibuslibet
1352 1677 1670 1765 obsequiis
1693 1678 2106 1757 secularibuS,
2133 1679 2268 1743 ullo
2293 1678 2490 1745 modo

192 1766 583 1851 subjaceant,
616 1770 733 1834 sed
762 1780 1025 1833 remotis
1055 1766 1301 1831 cunctis
1328 1765 1805 1851 graviminibus,
1838 1765 2122 1831 divinum
2149 1788 2309 1853 01u÷
2339 1788 2489 1833 cum

200 1875 434 1919 summa
472 1855 937 1944 tranquillitate
968 1853 1322 1940 perficiant.
1422 1852 1872 1918 Interdicimus
1905 1852 2098 1938 igitur
2127 1854 2193 1918 in
2226 1854 2484 1921 nomine

202 1940 457 2005 Domini
486 1944 529 2007 J
534 1967 649 2009 esu
718 1941 975 2019 Christi,
1008 1955 1076 2007 et
1104 1962 1190 2006 ex
1220 1941 1604 2005 auctoritate
1626 1941 1800 2005 beati
1835 1940 2014 2006 Petri
2045 1942 2486 2026 apostolorum

199 2027 489 2114 principis
538 2030 979 2115 prohibemus,
1036 2046 1109 2093 ut
1159 2028 1369 2092 nullus
1418 2028 1891 2113 Episcoporum
1944 2041 2057 2093 aut
2108 2027 2485 2095 secularium

202 2116 360 2179 ultra
387 2132 737 2199 praesumat
767 2116 852 2181 de
882 2116 1263 2194 redditibus,
1296 2114 1509 2193 rebus,
1536 2115 1634 2180 vel
1667 2116 1877 2193 cartis,
1903 2115 2196 2203 praedicti
2224 2115 2490 2182 Monas-

204 2202 353 2279 terii,
377 2204 479 2267 vel
508 2204 595 2269 de
626 2204 931 2283 ecclesiis,
958 2203 1179 2281 Cellis,
1208 2204 1307 2269 vel
1335 2202 1520 2281 villis,
1552 2222 1698 2288 quoe
1720 2204 1806 2268 ad
1827 2202 2179 2269 monachos
2201 2203 2488 2287 ejusdem

208 2292 559 2356 monasterii
603 2292 953 2379 pertinent,
1002 2312 1259 2377 quocun
1306 2314 1386 2355 ue
1418 2290 1635 2367 mode,
1669 2313 1780 2354 seu
1811 2290 2098 2377 qualibet
2127 2290 2487 2371 occasione,

207 2378 467 2457 auferre,
501 2380 816 2459 minuere,
860 2380 964 2443 vel
986 2376 1173 2442 dolos
1200 2314 1305 2443 ve‘l
1333 2376 1728 2442 inmissiones
1751 2378 1990 2467 aliquas
2010 2378 2244 2458 facere,
2275 2402 2485 2468 neque

208 2482 421 2531 contra
475 2468 645 2531 hanc
707 2465 1129 2531 institucionis
1188 2479 1427 2530 nostrae
1486 2464 1784 2550 paginam
1838 2466 2064 2553 aliquis
2125 2466 2490 2553 Episcopus

212 2568 539 2635 praesumat
589 2555 799 2641 ipsum
850 2554 1139 2618 Priorem
1184 2554 1491 2617 canonice
1530 2552 1806 2617 electum
1837 2556 2330 2620 aut-monachos
2358 2555 2488 2620 sive

210 2640 459 2705 clericos
502 2665 729 2707 eorum
778 2638 1355 2717 excommunicare,
1400 2640 1501 2705 vel
1532 2640 1824 2727 quolibet
1855 2641 2050 2707 modo
2107 2642 2488 2730 inquietare.

218 2728 331 2791 Sed
374 2729 425 2792 si
468 2729 715 2817 aliquid
760 2727 1219 2793 controversiae
1263 2727 1431 2792 inter
1464 2728 1854 2813 Episcopum
1889 2729 2388 2795 Dunelmensem
2419 2742 2490 2796 et

222 2813 485 2879 Priorem
530 2835 727 2903 atque
772 2816 1123 2881 monachos
1166 2814 1552 2902 quandoque
1595 2815 1949 2894 emerserit,
1996 2818 2206 2882 citatis
2237 2818 2490 2883 duobus

219 2901 309 2963 vel
338 2902 533 2968 tribus
570 2904 899 2969 Prioribus
937 2902 1146 2988 Regni
1176 2904 1465 2987 ejusdem
1494 2901 1844 2987 dignitatis,
1877 2902 1984 2989 qui
2018 2916 2212 2969 testes
2243 2919 2308 2970 et
2337 2926 2492 2991 cog·

217 2988 437 3055 nitores
480 2990 611 3055 sint
656 2990 943 3069 aetionis,
976 2993 1029 3055 si
1060 2991 1201 3055 fieri
1230 3005 1463 3077 potest,
1495 3012 1786 3075 congruo
1813 2989 2036 3054 ordine
2069 2991 2446 3057 terminetur
2471 3017 2491 3069 ;

220 3090 449 3142 remota
476 3101 739 3164 prorsus
766 3078 947 3144 omni
976 3078 1430 3165 appellatione,
1452 3100 1600 3165 quae
1629 3089 1855 3141 contra
1877 3078 2276 3165 praescriptas
2300 3080 2492 3145 liber-

220 3176 365 3227 tates
394 3187 582 3250 agere
605 3166 913 3247 videatur,
937 3165 1055 3231 nisi
1080 3166 1271 3243 forte,
1304 3168 1481 3252 quod
1506 3164 1694 3243 absit,
1723 3187 1897 3251 saepe
1919 3165 2284 3231 nominatus
2307 3166 2494 3233 Prior

222 3270 255 3311 a
295 3264 425 3315 toto
474 3254 823 3319 Conventa
870 3276 987 3318 suo
1032 3267 1365 3319 accusatus
1412 3255 1495 3318 de
1547 3250 1944 3338 gravioribus
1994 3265 2060 3317 et
2089 3252 2493 3319 evidentibus

219 3336 424 3422 culpis,
457 3362 617 3428 quas
648 3342 810 3407 sacri
838 3364 1117 3406 canones
1168 3338 1385 3427 puniri
1408 3340 1919 3417 monstraverint,
1947 3357 2012 3406 et
2035 3363 2248 3406 coram
2273 3364 2498 3444 supra·

224 3424 387 3489 dietis
433 3428 705 3494 testibus
750 3429 1101 3507 convictus,
1149 3448 1373 3493 eorum
1394 3427 1640 3515 judicio
1670 3441 1783 3491 aut
1811 3428 2136 3493 canonicae
2166 3432 2493 3497 severitati

204 3513 527 3597 subjacere
576 3530 868 3601 cogatur,
922 3531 1035 3580 aut
1066 3516 1207 3601 ipsa
1234 3514 1407 3580 actio
1446 3515 1512 3579 in
1545 3515 1912 3598 apostolicae
1943 3516 2114 3581 sedis
2143 3518 2494 3602 praesencia

226 3602 601 3669 terminanda
640 3603 997 3668 differatur.
1084 3604 1195 3669 De
1226 3618 1467 3668 caetero
1496 3603 1669 3668 salva
1700 3601 2152 3669 Dunelmensis
2189 3605 2494 3693 Episcopi

224 3692 509 3757 canonica
550 3691 943 3757 reverencia.
1031 3690 1404 3775 Dignitates
1448 3712 1626 3767 vem,
1674 3690 1970 3769 honores,
2001 3692 2136 3757 sive
2163 3692 2494 3761 libertates

226 3780 650 3857 possessiones,
706 3778 907 3844 eciam
948 3790 1017 3844 et
1064 3778 1281 3842 onmia
1331 3778 1526 3853 bona,
1574 3800 1722 3864 quae
1759 3778 1824 3841 in
1856 3779 2154 3857 ecclesiis,
2189 3782 2392 3859 terris,
2425 3797 2494 3850 et

227 3862 393 3927 rebus
422 3865 580 3943 aliis,
613 3865 715 3931 vel
748 3866 1213 3952 Episcoporum
1245 3864 1681 3944 concessione,
1719 3865 1816 3929 vel
1849 3865 2106 3951 Regum
2135 3889 2210 3931 ac
2244 3868 2496 3935 Princi-

228 3966 362 4029 pum
403 3952 809 4032 liberalitate,
856 3956 993 4019 sive
1036 3953 1307 4019 aliorum
1354 3952 1640 4017 fidelium
1688 3951 2035 4037 largicione
2071 3968 2186 4021 aut
2214 3954 2496 4058 adquisi-

228 4034 391 4102 cione
432 4040 720 4125 legitima
764 4042 1118 4126 possident,
1163 4040 1295 4106 sive
1340 4039 1408 4104 in
1438 4039 1748 4117 futurum,
1781 4040 2094 4125 largiente
2127 4041 2298 4121 Dee,
2317 4058 2500 4129 Juste

230 4122 467 4209 adipisci
525 4128 832 4214 poterint,
899 4128 1109 4193 Priori
1159 4141 1227 4193 et
1278 4126 1632 4205 monachis,
1687 4126 1946 4214 suisque
1997 4130 2490 4213 successoribus,

233 4226 469 4279 auctore
488 4215 799 4294 Domine,
832 4218 1305 4292 confirmamus3
1326 4214 1625 4302 quatinus
1644 4216 1861 4279 omnia
1883 4218 2138 4301 integra
2159 4232 2226 4282 et
2249 4218 2497 4288 illibata

232 4317 684 4383 conserventur,
717 4325 963 4381 eorum,
996 4326 1115 4389 pro
1136 4326 1409 4390 quorum
1432 4302 1907 4369 sustentacione
1931 4318 1997 4369 et
2019 4306 2496 4388 gubernacione

236 4402 505 4457 concessa
548 4405 717 4469 sunt,
769 4391 987 4456 usibus
1034 4391 1415 4456 omnimodis
1464 4391 1824 4475 profutura.
1929 4392 2128 4480 Siqua
2177 4393 2372 4479 igitur
2423 4395 2494 4462 in

238 4468 489 4542 futurum
534 4479 969 4546 ecclesiastica
1006 4478 1397 4567 ,secularisve
1454 4499 1752 4565 persona,
1797 4478 1964 4545 hanc
1995 4496 2230 4547 nostrae
2259 4482 2495 4547 consti-
