3000 5117
414 437 812 528 ccccxxviii
881 454 1083 512 mer.
1123 453 1475 513 nonnum.
1530 443 1987 512 sempr-omas
2017 453 2227 512 Tui-28.

417 617 776 693 Fredberti.
872 622 978 688 De
1003 622 1283 710 reliquiis
1314 621 1544 688 Jacobi
1572 619 1877 701 Zebedei,
1904 621 2113 686 fratris
2142 620 2347 688 sancti
2370 617 2713 692 Johannis:

413 710 522 775 De
551 723 736 796 petra
782 708 1119 778 Calvariae.
1217 707 1533 801 Reliquiae
1562 709 1647 774 de
1692 725 1919 774 sancto
1959 712 2129 775 Acca
2156 709 2481 795 episcope,
2528 725 2601 775 et
2628 710 2717 774 de

411 796 672 861 sudario
699 810 764 860 et
793 797 878 862 de
908 797 1124 863 casula
1153 796 1466 880 ejusdem,
1487 817 1607 882 per
1634 817 1749 862 ccc
1774 818 1972 862 annos
2002 808 2069 861 et
2088 818 2169 860 eo
2192 797 2463 881 amplius
2492 817 2717 862 seeum

411 883 478 946 in
509 898 682 948 terra
699 883 1086 969 jacentibus.
1189 882 1506 970 Reliquias
1536 883 1745 955 sancti·
1778 883 2109 961 Germani,
2144 881 2207 946 in
2238 884 2492 947 duobus
2532 883 2714 949 locis.

413 969 522 1036 De
565 970 904 1057 sepulchro
937 983 1180 1034 sanctoe
1213 967 1465 1048 Merite,
1499 969 1567 1034 in
1597 970 1849 1035 duobus
1880 970 2057 1034 loeis·
2150 969 2257 1034 De
2316 970 2480 1035 valle
2524 971 2717 1036 Josn-

409 1057 588 1142 pltat.
684 1058 846 1124 Pars
875 1079 1108 1142 magna
1135 1057 1220 1122 de
1252 1071 1469 1122 monte
1514 1057 1851 1126 Calvarioe.
1952 1057 2115 1122 Item
2145 1056 2433 1144 reliquiae
2462 1073 2719 1123 sanct&

406 1164 549 1208 rum
579 1143 678 1208 vir
721 1143 897 1208 inum
939 1143 1317 1228 Euphemiae
1363 1159 1430 1208 et
1491 1144 1777 1212 ceciliae.
1872 1143 1979 1208 De
2038 1147 2354 1229 praesepio
2412 1145 2712 1212 Domini.

411 1230 520 1296 De
577 1253 688 1296 car
733 1231 964 1295 onibus
1022 1233 1227 1298 sancti
1287 1230 1649 1300 Laui-cneii.
1744 1231 1851 1296 De
1910 1253 2101 1296 cruce
2159 1230 2361 1296 sancti
2428 1233 2717 1298 Andreae

405 1318 700 1404 apostoli.
795 1319 964 1383 Item
1007 1317 1298 1405 reliquiae
1343 1331 1583 1384 sanetae
1640 1315 1934 1384 Balbinoe
1981 1317 2259 1404 virginis,
2354 1317 2461 1382 De
2494 1319 2718 1384 tunica

407 1407 612 1470 sancti
657 1405 948 1472 Godrici.
1041 1405 1148 1470 De
1207 1406 1424 1471 casula
1480 1406 1687 1470 sancti
1750 1405 2115 1470 cuthberti.
2206 1405 2315 1470 De
2372 1406 2715 1471 nativitate

404 1506 645 1562 sancta.
742 1493 848 1558 De
877 1492 1265 1557 vestimento
1293 1498 1494 1558 sancti
1530 1491 1887 1579 Symeonin,
1920 1491 1983 1556 in
2014 1514 2145 1580 quo
2172 1491 2451 1578 suscepit
2488 1493 2719 1558 Salva·

405 1593 634 1660 torem,
665 1594 734 1646 et
763 1581 846 1646 de
873 1603 1092 1666 panno
1137 1579 1200 1642 in
1231 1602 1362 1667 quo
1395 1579 1749 1644 involutum
1779 1579 1993 1645 fuerat
2036 1601 2267 1664 corpus
2322 1579 2569 1665 Joseph
2622 1582 2713 1645 ab

407 1667 792 1736 Arimathia.
887 1667 998 1732 De
1045 1666 1255 1752 lapide
1300 1667 1410 1753 qui
1447 1666 1651 1752 jacuit
1696 1668 1779 1731 ad
1826 1680 2021 1753 capnt
2068 1665 2333 1730 Domini
2378 1666 2445 1729 in
2496 1668 2715 1752 sepul..

403 1753 585 1820 chr0.
677 1756 842 1821 Item
885 1755 1174 1842 reliquiae
1219 1753 1422 1820 sancti
1477 1754 1861 1819 sebastiani.
1953 1754 2059 1818 De
2119 1766 2307 1837 petra
2362 1753 2705 1827 Calvariae.

409 1840 580 1906 Item
623 1857 799 1908 costa
828 1841 1030 1907 sancti
1078 1839 1442 1918 Laurencii,
1490 1855 1559 1904 et
1590 1841 1673 1905 de
1718 1853 1907 1926 petra
1948 1839 2011 1903 in
2060 1863 2189 1927 qua
2222 1839 2515 1906 Christus
2544 1842 2710 1928 bap-

406 1929 640 1994 tizatus
669 1942 790 1994 est.
880 1930 988 1994 De
1019 1927 1230 2013 capite
1262 1927 1467 1993 sancti
1499 1927 1813 2013 Stephani
1842 1927 2370 2013 prothomartiris,
2464 1927 2571 1993 De
2600 1953 2712 1994 os-

407 2015 578 2080 sibus
623 2015 825 2080 sancti
861 2015 1162 2080 Mauricii
1193 2016 1643 2102 sociorumque
1674 2018 1829 2102 ejuS,
1858 2028 1924 2079 et
1942 2015 2025 2079 de
2054 2029 2239 2080 costa
2270 2013 2573 2080 Edwardi
2602 2039 2710 2082 re-

453 2102 502 2164 is
563 2117 629 2166 et
688 2101 982 2170 martiris.
1077 2103 1244 2167 Item
1297 2102 1380 2166 de
1440 2102 1585 2166 loco
1637 2103 1745 2167 ubi
1800 2101 2141 2165 crucifixus
2200 2116 2296 2167 est
2356 2102 2709 2174 Dominus,

403 2127 514 2254 §e
545 2188 722 2274 ligno
757 2188 1046 2257 Domini.
1118 2190 1228 2254 De
1257 2189 1500 2253 ossibus
1533 2204 1598 2254 et
1626 2188 1909 2276 reliquiis
1939 2189 2141 2253 sancti
2177 2189 2505 2254 Pancraci‘i
2536 2212 2711 2256 mai·-

403 2275 563 2344 tiris,
685 2277 848 2340 Item
909 2275 994 2340 de
1051 2274 1264 2361 lapide
1317 2275 1595 2341 fluminis
1650 2275 2131 2362 T1·ansjordani.
2245 2277 2388 2340 Reli
2434 2276 2559 2341 uiae
2618 2280 2711 2345 de

405 2377 630 2428 sancto
662 2363 1048 2429 Laurencio.
1127 2363 1232 2428 De
1264 2364 1645 2428 vestimento
1664 2379 1730 2429 et
1759 2364 1841 2428 de
1870 2363 2136 2449 pulvere
2166 2365 2371 2427 sancti
2392 2300 2709 2450 tlDyonisii

400 2450 694 2516 martiris,
785 2451 891 2515 De
942 2449 1185 2536 capillis
1237 2449 1442 2514 sancti
1488 2449 1926 2516 Bartholomei
1974 2451 2057 2514 de
2090 2451 2324 2518 Farne.
2422 2451 2528 2517 De
2560 2476 2707 2519 osse

399 2540 600 2604 sancti
677 2538 856 2603 Petri
899 2539 1193 2623 apostoli.
1313 2537 1408 2602 Os
1449 2537 1650 2602 sancti
1700 2537 2082 2603 Christofori
2130 2537 2422 2618 manith,
2524 2539 2709 2606 Reli-

447 2628 571 2691 uioe
622 2625 706 2691 de
757 2639 984 2690 sancto
1033 2625 1304 2702 Jacobo,
1355 2624 1552 2690 fratre
1606 2624 1899 2690 Domini.
2014 2625 2121 2690 De
2168 2625 2411 2710 capillis
2456 2643 2705 2694 sancta

525 2712 658 2792 rioe,
709 2713 930 2778 matris
979 2712 1133 2777 Jesu
1191 2710 1456 2777 Christi.
1549 2711 1713 2776 Item
1760 2711 1845 2776 de
1878 2711 2189 2796 junctura
2231 2733 2457 2776 manus
2498 2716 2708 2781 sancti

401 2800 690 2866 Andreae
739 2801 800 2864 A
849 2799 1060 2867 ostoli.
1157 2799 1262 2864 De
1311 2799 1467 2864 tibia
1514 2797 1714 2863 sancti
1766 2798 2252 2867 Bartholomaei.
2350 2799 2458 2865 De
2488 2803 2706 2888 capite

398 2885 601 2951 sancti
649 2889 810 2972 Step
855 2885 959 2951 ani
1011 2885 1548 2972 prothomartiris·
1638 2886 1749 2951 De
1793 2886 1995 2951 latere
2026 2903 2267 2950 sanctae
2300 2886 2705 2972 Margaretae

395 2973 694 3042 martiris,
787 2973 893 3038 De
918 2974 1126 3059 capite
1143 2973 1346 3038 sancti
1374 2971 1723 3038 Leonardi.
1814 2971 1921 3039 De
1944 2973 2127 3038 fauce
2151 2973 2352 3038 sancti
2377 2973 2703 3042 Nicholai.

398 3059 506 3126 De
534 3061 739 3146 digito
784 3061 984 3126 sancti
1033 3058 1352 3124 Mauricii.
1447 3061 1553 3124 De
1582 3073 1763 3124 costa
1792 3061 1995 3124 sancti
2026 3059 2365 3144 Augustini
2396 3060 2703 3130 doctoris.

397 3147 506 3212 De
549 3148 744 3234 peplo
771 3149 983 3213 beatoe
1015 3147 1269 3225 Mariae,
1305 3149 1521 3210 matris
1553 3147 1844 3212 Domini.
1938 3146 2083 3211 Reli
2131 3147 2254 3211 uioe
2290 3149 2513 3212 Sancti
2562 3151 2703 3214 An-

395 3234 572 3298 dreae
604 3235 896 3320 apostoli.
945 3235 1050 3300 De
1081 3234 1324 3321 capillis
1353 3235 1565 3299 beatae
1598 3232 1830 3298 Mariae
1863 3169 2305 3317 Magdzllenae.
2376 3235 2703 3323 Reliquiae

391 3322 829 3407 apostolorum
876 3322 1048 3387 Petri
1079 3337 1148 3386 et
1185 3321 1386 3386 Pauli.
1485 3319 1801 3408 Reliquiae
1838 3319 2040 3384 sancti
2075 3321 2355 3407 Philippi
2396 3323 2698 3407 apostoli.

399 3407 717 3496 Reliquiae
760 3409 962 3472 sancti
996 3408 1306 3494 Stephani
1337 3406 1636 3474 martiris,
1730 3407 1839 3472 De
1870 3405 2153 3494 reliquiis
2190 3409 2446 3474 Cosmae
2476 3411 2701 3475 marti-

391 3495 502 3560 ris.
617 3494 761 3558 Reli
811 3494 932 3559 uiae
977 3495 1177 3560 sancti
1223 3494 1509 3560 Silvestri
1560 3515 1771 3580 papae.
1874 3493 2195 3582 Reliquiae
2240 3496 2444 3561 sancti
2500 3495 2699 3561 Blasii

389 3581 682 3649 martiris.
879 3603 948 3647 sa
1005 3585 1208 3647 sancti
1260 3579 1506 3667 Ypoliti
1558 3581 1850 3646 martiris.
1944 3581 2050 3646 De
2096 3581 2298 3647 lorica
2326 3584 2536 3648 sancti
2574 3583 2701 3649 Os-

389 3669 578 3734 waldi
623 3667 916 3746 martii-iz,
964 3665 1028 3730 in
1074 3691 1204 3768 qua
1247 3667 1492 3732 occisus
1537 3682 1658 3735 est.
1752 3668 1859 3733 De
1888 3689 2081 3732 carne
2112 3686 2181 3735 et
2206 3669 2599 3754 pinguedine
2630 3685 2701 3737 et

385 3757 469 3823 de
514 3754 903 3822 vestimentis
947 3756 1116 3821 beati
1167 3755 1482 3819 Thomaae
1525 3752 1821 3833 martiriS,
1868 3757 1933 3818 in
1978 3755 2210 3842 quibus
2253 3757 2543 3842 sepultus
2572 3773 2699 3824 est.

390 3845 498 3912 De
529 3843 774 3909 ossibus
821 3843 1254 3928 apostolorum
1293 3841 1466 3906 Petri
1497 3854 1567 3906 et
1602 3841 1807 3906 Pauli.
1898 3842 2007 3907 De
2037 3865 2181 3907 osse
2204 3843 2407 3908 sancti
2436 3844 2694 3924 Jacobi,

389 3931 604 3998 fratris
667 3929 954 3997 Domini.
1077 3929 1184 3994 De
1239 3950 1430 3993 carne
1489 3946 1559 3992 et
1618 3928 1859 4012 capillis
1924 3927 2318 4013 Margaretae
2392 3931 2698 4015 gloriosae

381 4024 629 4107 reginoe
662 4019 1054 4084 Scottorum.
1126 4017 1232 4081 De
1263 4037 1402 4080 osse
1431 4013 1673 4080 brachii
1706 4012 1907 4079 sancti
1940 4015 2155 4100 Egidii
2184 4017 2453 4084 abbatis.
2524 4017 2695 4084 Item

389 4108 550 4173 dens
610 4105 919 4191 ejusdem.
1045 4103 1138 4170 Os
1195 4103 1400 4168 sancti
1461 4101 1845 4186 Leodegarii
1914 4101 2209 4169 martiri&
2330 4104 2439 4169 De
2498 4125 2695 4171 cruce

387 4213 582 4281 quam
634 4189 916 4276 portavit
967 4205 1222 4256 sanctus
1259 4189 1597 4255 Oswaldus
1650 4187 1713 4252 in
1760 4187 2005 4274 praelio.
2096 4190 2203 4255 Dc
2248 4192 2461 4276 capite
2488 4191 2693 4256 sancti

387 4275 752 4346 Benedicti.
880 4277 1195 4364 Reliquiae
1263 4275 1467 4342 sancti
1530 4275 1899 4360 Amphibali
1960 4278 2261 4342 martiris.
2374 4277 2695 4364 Reliquiae

386 4379 752 4432 sanctorum
809 4364 1280 4433 Innocencium.
1418 4364 1529 4428 De
1588 4361 1829 4446 capillis
1890 4377 2131 4428 sanctae
2194 4364 2449 4429 Mariae.
2584 4365 2695 4430 De

390 4449 658 4540 spongia
711 4447 996 4515 Domini.
1091 4449 1198 4514 De
1250 4449 1517 4518 scutella
1558 4448 1762 4514 sancti
1801 4447 2114 4515 Johnnnis
2150 4451 2488 4539 Baptistae.
2584 4451 2695 4518 De
