3000 5117
1098 473 1515 527 Arrsnmx.
1956 452 1964 463 '
2319 447 2459 521 lxxi

171 648 229 702 et
255 633 716 700 successoribus
744 633 998 714 nostris,
1025 635 1161 702 sine
1192 635 1405 723 aliqua
1429 636 1783 701 eorundem
1805 632 2283 700 Monachorum
2306 655 2461 698 con-

172 723 560 800 tradictione,
617 721 684 786 in
743 737 1130 807 perpetuum
1188 723 1572 792 remanebit.
1673 723 1838 788 Item
1898 719 2333 797 concedimus,
2390 733 2461 785 et

169 809 455 895 praesenti
502 824 682 874 carta
726 808 1198 888 confirmamm,
1239 808 1445 874 Priori
1493 825 1561 875 et
1594 809 1957 875 Conventui
2006 806 2453 884 Dunelmensi‚

171 911 236 960 ut
263 897 534 962 habeant
569 896 898 981 Capellam
937 897 1022 962 de
1057 897 1336 962 Cornale
1366 919 1511 961 eum
1545 897 1845 963 omnibus
1892 894 2298 982 pertinenciis
2322 896 2453 958 suis

170 997 545 1069 spectantem
579 983 662 1048 ad
692 983 1020 1048 matricem
1056 983 1388 1048 ecclesiam
1418 985 1504 1049 de
1537 984 1848 1062 Norbam,
1880 997 1949 1048 et
1982 982 2319 1068 Capellam
2364 981 2450 1046 de

175 1069 470 1135 Anecroft
491 1092 637 1135 cum
670 1071 966 1135 omnibus
994 1068 1396 1154 pertinenciis
1427 1072 1555 1137 suis
1584 1086 1977 1156 spectantem
2009 1069 2091 1134 ad
2122 1067 2451 1133 matricem

171 1155 484 1222 ecclesiam
517 1157 602 1221 de
633 1158 854 1222 Insula
901 1158 966 1220 in
1014 1181 1162 1222 usus
1193 1159 1484 1244 proprios
1515 1159 1577 1222 in
1610 1171 2020 1244 perpetuum.
2118 1154 2445 1232 Similiter,

157 1244 447 1328 primenti
475 1243 654 1308 carta
682 1245 1134 1309 confirmamus
1163 1245 1254 1310 eis
1308 1245 1376 1310 in
1416 1259 1822 1331 perpetuum,
1855 1243 1921 1308 in
1952 1243 2243 1330 proprios
2274 1264 2447 1318 usuS,

171 1330 498 1398 Ecclesiam
544 1330 631 1396 de
663 1330 909 1396 Dalton
955 1354 1100 1396 cum
1147 1333 1444 1398 omnibus
1474 1331 1886 1419 pertinenciis
1914 1331 2064 1406 suiS‚
2098 1330 2181 1393 ad
2216 1329 2445 1393 Came-

167 1441 290 1482 ram
318 1418 688 1495 eorundem,
719 1418 885 1483 sicut
913 1416 978 1482 in
1009 1420 1184 1484 carta
1213 1420 1549 1484 memorati
1572 1418 1835 1485 Ricardi
1864 1418 1947 1482 de
1974 1416 2257 1482 Marisco
2279 1438 2446 1501 prae-

169 1505 496 1570 decessoris
543 1507 767 1582 nostri,
800 1529 992 1594 quam
1038 1505 1189 1571 inde
1241 1506 1501 1584 habent,
1537 1508 1789 1592 plenius
1827 1505 2229 1569 continetur:
2276 1502 2450 1566 salva

170 1593 456 1676 perpetua
485 1591 718 1656 vicaria
750 1595 816 1657 in
849 1587 1076 1657 eade'm
1115 1591 1420 1658 Ecclesia.
1515 1595 1945 1660 Concedimus
1978 1590 2168 1656 etiam
2201 1591 2444 1654 eisdem

175 1678 494 1744 Monachis
551 1701 684 1766 quo
741 1685 889 1766 [sic]
923 1681 1206 1746 habeant
1262 1683 1326 1745 in
1359 1694 1741 1767 perpetuum
1776 1681 2043 1745 liberum
2076 1701 2262 1764 aquoe
2293 1677 2453 1741 duc-

175 1781 296 1829 tum
323 1789 435 1851 per
465 1781 704 1830 terram
725 1781 1026 1846 nostram,
1052 1767 1293 1833 scilicet
1311 1783 1442 1833 tam
1461 1791 1579 1854 per
1603 1782 1837 1833 terram
1862 1789 2054 1854 quam
2081 1787 2195 1851 per
2211 1787 2446 1852 aquam

172 1852 292 1916 sinc
359 1853 698 1918 manifesto
763 1853 1045 1940 dampno
1103 1871 1326 1920 nostro
1385 1856 1488 1920 vel
1550 1877 1992 1920 successorum
2058 1871 2444 1919 nostrorum.

180 1941 613 2005 Remanebunt
672 1954 892 2006 autem
938 1942 1206 2030 integrae
1252 1943 1436 2008 nobis
1482 1958 1549 2008 et
1592 1942 2059 2007 successoribus
2104 1939 2337 2004 nostris
2383 1939 2449 2002 in

177 2042 532 2111 perpetuum
580 2027 757 2093 bosci
788 2028 870 2093 de
908 2027 1338 2094 Brakenholm
1371 2045 1438 2095 et
1492 2031 1575 2096 de
1618 2030 1905 2108 Wdhale,
1940 2027 2115 2093 salvo
2149 2026 2355 2091 Priori
2389 2042 2455 2091 et

179 2114 500 2178 Monachis
547 2115 1092 2182 Dunelmensibus
1139 2117 1204 2180 in
1255 2133 1643 2205 perpetuum
1694 2117 1891 2182 bosco
1940 2139 2057 2180 suo
2103 2115 2184 2179 de
2244 2114 2452 2177 Hem-

175 2201 441 2266 minburc
493 2225 614 2286 per
662 2223 868 2266 certas
916 2203 1144 2269 divisas
1185 2227 1352 2273 suas.
1451 2205 1939 2270 Reservavimus
1973 2225 2124 2268 vero
2154 2199 2336 2265 nobis
2382 2215 2455 2265 et

175 2290 618 2354 successoribus
650 2291 877 2355 nostris
910 2291 973 2354 in
1006 2307 1390 2376 perpetuum
1421 2291 1722 2356 forestam
1756 2304 2059 2355 nostram.
2138 2289 2244 2355 Ita
2270 2287 2447 2373 quod

175 2375 316 2439 dicti
351 2376 533 2440 Prior
586 2391 653 2442 et
697 2377 1008 2442 Monachi
1037 2379 1498 2444 Dunelmenses
1526 2401 1653 2444 non
1684 2391 1987 2464 poterunt
2019 2376 2083 2441 in
2112 2376 2190 2440 ea
2220 2397 2453 2460 capere

174 2461 414 2527 buscam
466 2464 570 2528 vel
606 2465 998 2544 maremium,
1033 2465 1146 2529 nisi
1195 2489 1279 2533 ex
1306 2467 1525 2553 gracia
1552 2482 1619 2531 et
1652 2465 1915 2530 licencia
1942 2464 2157 2528 nostra
2199 2477 2267 2527 et
2311 2484 2455 2526 suc-

177 2571 485 2614 cessorum
517 2551 622 2615 vel
652 2550 1029 2619 ballivorum
1076 2571 1461 2622 nostrorum.
1585 2554 1830 2618 Locum
1865 2574 2017 2616 vero
2048 2551 2157 2637 qui
2188 2566 2456 2614 vocatur

181 2635 386 2701 Landa
417 2639 550 2703 Dei
577 2661 722 2704 cum
755 2640 1158 2724 pertinenciis
1189 2640 1315 2706 suis
1345 2642 1758 2707 concedimus
1788 2657 1853 2704 et
1886 2640 2337 2704 confirmamus
2384 2637 2453 2699 in

178 2740 532 2809 perpetuum
571 2725 959 2791 Sacristariae
1004 2729 1443 2807 Dunelmensi‚
1477 2730 1641 2794 sicut
1671 2729 1850 2793 illum
1882 2727 2096 2791 locum
2130 2725 2351 2789 habuit
2382 2738 2453 2788 et

181 2813 361 2876 tenuit
388 2813 589 2878 frater
629 2813 938 2878 Ranulfus
968 2816 1050 2881 de
1088 2816 1264 2880 dono
1303 2817 1605 2901 Hugpnis
1637 2816 1961 2902 quondam
1996 2812 2455 2876 Dunelmensis

183 2896 484 2984 Episcopi.
579 2901 684 2967 Ad
717 2900 858 2966 haec
888 2903 1322 2980 concedimuS,
1356 2919 1422 2968 et
1448 2904 1746 2989 praesenti
1778 2902 1952 2968 carta
1980 2902 2451 2976 confirmamuS,

180 3005 280 3068 pro
307 2989 485 3052 nobis
519 3001 588 3052 et
617 2991 1088 3055 successoribus
1122 2991 1375 3068 nostriS,
1410 2991 1585 3078 quod
1631 2989 1786 3054 dicti
1826 2990 2009 3054 Prior
2036 3000 2104 3050 et
2140 2985 2451 3050 Monachi

181 3071 633 3140 Dunelmenses
661 3074 944 3141 habeant
974 3093 1036 3142 et
1070 3090 1336 3143 teneant
1379 3077 1443 3143 in
1492 3091 1870 3163 perpetuum
1891 3076 2155 3141 boscum
2189 3073 2273 3137 de
2307 3073 2455 3137 He-

180 3161 323 3224 wrth
352 3184 463 3246 per
492 3162 610 3226 has
642 3163 888 3242 divisas,
906 3164 1149 3230 scilicet
1179 3180 1383 3231 totum
1413 3167 1685 3230 boscum
1714 3177 1783 3229 et
1811 3175 2013 3228 totam
2046 3173 2281 3224 terram
2306 3181 2453 3223 cum

180 3251 412 3328 pastura
454 3272 540 3314 ex
587 3249 886 3315 orientali
915 3267 1097 3337 parte
1141 3253 1224 3319 de
1261 3252 1674 3330 Mereburne,
1708 3252 1957 3316 de'sicut
1988 3249 2187 3312 currit
2218 3247 2283 3310 in
2317 3247 2455 3332 Ty-

181 3353 310 3397 nam
339 3357 552 3402 versus
599 3359 796 3402 mare.
889 3339 976 3405 Et
1005 3339 1071 3402 in
1113 3339 1787 3425 recompensacionem
1817 3336 2007 3421 hujus
2036 3350 2271 3399 nostrae
2302 3355 2457 3398 con-

183 3421 450 3488 cessionis
503 3439 574 3489 et
632 3426 1162 3506 confirmacioniS,
1208 3429 1290 3492 de
1337 3449 1595 3492 assensu
1649 3441 1715 3491 et
1758 3425 2091 3490 voluntate
2136 3423 2459 3487 dictorum

183 3507 650 3590 Monachorum,
685 3513 862 3577 locus
892 3512 998 3578 ille
1027 3515 1138 3614 qui
1169 3514 1402 3580 dicitur
1436 3514 1773 3591 Yreshale‚
1809 3535 1955 3577 cum
1986 3510 2279 3574 omnibus
2312 3531 2461 3594 per-

184 3595 443 3662 tinenciis
473 3599 624 3676 suis,
656 3600 1012 3666 remanebit
1043 3625 1108 3664 in
1138 3616 1519 3687 perpetuum
1569 3605 1631 3665 in
1676 3599 2081 3665 ordinatione
2123 3611 2343 3661 nostra
2389 3608 2461 3660 et

185 3702 585 3749 successorum
620 3701 1026 3764 nostrorum;
1069 3688 1160 3754 ita
1187 3687 1360 3775 quod
1403 3688 1886 3773 providebimus
1912 3685 2188 3772 qualiter
2217 3684 2460 3748 elemo-

186 3768 301 3832 sina
326 3769 548 3836 futuris
573 3773 968 3859 temporibus
987 3776 1265 3843 durabit.
1372 3775 1676 3840 Similiter
1707 3776 1881 3839 locus
1914 3773 2019 3837 ille
2051 3771 2160 3857 qui
2194 3785 2463 3836 vocatur

190 3854 460 3956 Sateleya
487 3881 637 3922 cum
667 3861 1074 3945 pertinenciis
1103 3863 1252 3926 suis·
1342 3862 1518 3926 Villa
1547 3862 1738 3926 etiam
1770 3863 1855 3925 de
1892 3859 2101 3942 R-uley
2133 3880 2279 3921 cum
2314 3879 2463 3941 per·

190 3947 450 4007 tinenciis
479 3948 630 4022 sui&
663 3948 836 4012 salva
884 3949 1150 4034 Capella
1193 3949 1483 4034 ejusdam
1532 3949 1702 4012 vinae
1748 3945 1997 4013 matrici
2036 3943 2343 4008 Ecclesiae
2373 3943 2462 4006 de

191 4025 642 4125 Multelingwic,
677 4036 860 4100 nobis
891 4050 958 4100 et
988 4035 1454 4102 successoribus
1486 4038 1714 4099 nostris
1746 4035 1809 4098 in
1840 4045 2225 4119 perpetuum
2254 4052 2465 4094 rema-

189 4115 360 4180 neb1t.
449 4119 670 4196 Quare
722 4123 1019 4188 volumus
1050 4139 1114 4188 et
1155 4125 1569 4188 concedimus
1599 4139 1667 4189 et
1690 4119 1984 4207 praesenti
2029 4119 2206 4181 carta
2228 4117 2463 4180 confir-

189 4219 404 4266 mamus
435 4228 550 4290 pro
583 4207 766 4273 nobis
790 4224 857 4275 et
877 4211 1346 4276 successoribus
1377 4209 1611 4276 nostris
1641 4208 1814 4297 quod
1846 4203 2137 4293 proedicti
2174 4203 2360 4269 Prior
2390 4220 2456 4270 et

195 4285 474 4356 Monachi
507 4294 975 4362 Dunelmenses
1028 4298 1308 4364 habeant
1360 4312 1427 4362 et
1476 4309 1735 4362 teneant
1768 4295 1829 4358 in
1863 4307 2242 4378 perpetuum
2277 4292 2465 4376 plene

194 4388 248 4436 et
275 4377 525 4463 integre,
547 4382 746 4448 libere
766 4398 828 4447 et
851 4385 1138 4470 pacifice,
1173 4385 1388 4450 omnia
1411 4408 1555 4472 quae
1591 4387 1679 4449 eis
1707 4383 1767 4446 in
1804 4381 2004 4446 forma
2036 4378 2465 4464 suprascripta

195 4467 612 4535 concessimus.
743 4471 1037 4541 Retentis
1066 4474 1246 4540 nobis
1279 4488 1342 4539 et
1377 4470 1847 4539 successonbus
1881 4465 2110 4534 nostris
2142 4469 2205 4532 in
2240 4489 2472 4554 perpe-
