3000 5117
567 423 843 495 clxxxii
1045 444 1251 497 ms'r.
1291 444 1658 497 nUNsLM.
1700 444 2162 496 sciuri-ones
2200 444 2418 497 rans.

563 604 956 671 cementario
979 604 1144 671 infra
1163 605 1446 692 spacium
1473 604 1665 671 trium
1694 606 2033 673 miliarium
2058 629 2101 672 a
2118 604 2447 672 Dunelmo
2468 606 2835 672 distancium

575 694 754 759 Idem
785 716 1044 780 quoque
1085 694 1268 758 Prior
1296 707 1367 759 et
1391 695 1793 771 Conventus,
1826 716 1971 759 cum
2004 694 2276 758 consilio
2306 710 2375 758 et
2398 693 2856 759 deliberacione

564 781 716 845 dicti
751 779 1138 857 cementarii,
1173 802 1388 844 muros
1433 782 1729 867 antiquos
1758 779 1827 844 in
1858 780 2089 845 eodem
2123 780 2529 846 Dormitorio
2560 804 2731 845 nunc
2758 804 2857 845 ex·

565 870 829 931 istentes
859 867 1174 952 prosterni
1219 866 1454 932 facient
1481 890 1500 943 3
1532 884 1599 931 et
1628 890 1851 931 eorum
1883 868 2310 933 fundamenta
2360 890 2524 952 pure
2556 868 2854 943 mundari,

567 976 686 1039 pro
736 976 908 1017 novo
955 976 1153 1040 opere
1205 953 1640 1039 imponend03
1686 976 1833 1041 quoe
1884 953 2265 1019 fundamina
2307 969 2497 1019 erunt
2528 954 2775 1039 incepta
2800 970 2857 1018 et

569 1041 783 1126 posita
827 1063 946 1126 per
987 1040 1319 1104 eonsilium
1353 1053 1418 1104 et
1449 1040 1983 1105 deliberacionem
2016 1040 2171 1105 dicti
2206 1040 2446 1106 Prioris
2476 1053 2549 1105 et
2582 1042 2859 1106 Conven-

572 1141 698 1192 tus.
793 1128 880 1192 Et
929 1127 1190 1192 habebit
1219 1126 1388 1193 idem
1423 1129 1849 1193 cementarius
1878 1149 2103 1191 ornnes
2132 1126 2377 1211 lapides
2406 1142 2479 1191 et
2509 1141 2853 1191 cementum

572 1212 656 1278 de
711 1214 906 1278 muris
957 1214 1232 1300 antiquis
1284 1214 1576 1298 ejusdem
1634 1213 2016 1282 Dormitorii
2068 1213 2542 1298 prosternendi,
2574 1228 2647 1278 et
2676 1236 2854 1277 novos

573 1300 822 1387 lapides
851 1322 973 1387 pro
1001 1302 1234 1366 eodem
1267 1300 1668 1364 Dormitorio
1698 1300 1781 1364 de
1812 1322 1985 1364 novo
2012 1298 2301 1365 exscisos
2327 1314 2397 1365 et
2418 1302 2764 1377 ordinatos,
2786 1300 2855 1364 ad

576 1388 1008 1473 suplecionem
1061 1387 1272 1471 operis
1323 1408 1392 1449 su
1446 1385 1692 1451 radicti.
1786 1387 1891 1451 lta
1940 1400 2155 1451 tamen
2204 1387 2382 1474 quod
2426 1386 2627 1451 faciat
2656 1409 2857 1451 omnes

577 1476 889 1540 fenestras
945 1472 1236 1623 antiquas
1287 1486 1350 1537 et
1423 1470 1645 1556 apides
1674 1474 1758 1537 de
1802 1494 1971 1537 novo
2002 1473 2321 1551 renovari,
2354 1496 2477 1559 pro
2530 1474 2769 1538 decore
2802 1488 2861 1539 et

581 1561 1033 1625 conformitate
1135 1558 1240 1623 icti
1293 1560 1529 1645 operis·
1626 1559 2083 1624 Praenominati
2136 1561 2339 1625 eciam
2378 1560 2569 1625 Prior
2606 1574 2677 1625 et
2710 1562 2861 1625 Cun-

581 1662 815 1712 ventus
851 1648 1099 1712 dabunt
1137 1647 1450 1731 proedicto
1491 1648 1909 1724 cementario,
2002 1646 2241 1711 uolibet
2272 1668 2466 1724 anno,
2502 1646 2860 1711 durantibus

583 1736 788 1797 tribus
835 1734 1020 1799 annis
1069 1733 1469 1817 supradictis,
1504 1734 1769 1820 quando
1816 1668 2154 1817 praeaitum
2210 1734 2503 1799 Priorem
2536 1734 2861 1817 contigerit

577 1821 1035 1886 liberaeionem
1089 1822 1286 1906 panni
1335 1820 1551 1885 facere
1600 1821 1987 1909 generalem,
2019 1842 2217 1883 unum
2261 1836 2767 1904 garmatnentum
2794 1820 2862 1883 de

578 1922 754 1973 necta
783 1907 1245 1996 armigerorum
1290 1906 1551 1971 Prioris.
1668 1908 1935 1971 Dabunt
1964 1906 2159 1972 etiam
2208 1908 2419 1972 eidem
2466 1908 2861 1983 cementario,

581 1994 964 2059 durantibus
995 1995 1197 2059 tribus
1221 1993 1400 2058 annis
1417 1993 1825 2079 supradictis,
1856 1994 2091 2059 victum
2114 1996 2177 2057 in
2208 1994 2561 2059 esculentis
2590 2010 2659 2059 et
2688 2016 2865 2081 pocu-

582 2082 774 2145 lentis
803 2104 922 2167 pro
967 2081 986 2143 i
1037 2104 1110 2145 so
1155 2096 1222 2145 et
1267 2080 1572 2165 garcione
1609 2102 1749 2157 suo,
1790 2081 2305 2168 quandocunque
2336 2103 2457 2167 pro
2492 2104 2694 2166 opere
2722 2104 2863 2165 prae·

582 2168 759 2233 dicto
795 2104 1100 2233 Duneiini
1133 2188 1375 2232 moram
1409 2170 1702 2245 traxerit,
1734 2182 1803 2231 et
1846 2167 2085 2232 ibidem
2118 2168 2287 2232 circa
2316 2191 2479 2253 opus
2504 2169 2863 2253 praedictum

583 2256 772 2321 fuerit
829 2269 1197 2341 occupatus.
1309 2254 1579 2318 Dabunt
1632 2254 1849 2354 itaque
1894 2254 2105 2319 dietus
2160 2254 2345 2319 Prior
2390 2270 2455 2319 et
2506 2257 2863 2320 Conventus

580 2344 971 2409 cementario
1018 2341 1385 2427 supradicto
1425 2363 1543 2426 pro
1596 2341 1885 2427 qualibet
1931 2342 2093 2406 roda
2140 2340 2351 2425 operis
2396 2342 2692 2426 praedicti
2736 2364 2863 2427 quae
2944 2420 2946 2429 Ι

581 2429 938 2496 continebit
984 2452 1096 2493 sex
1147 2430 1330 2493 ulnas
1382 2442 1450 2491 et
1497 2428 1655 2491 duas
1690 2443 1898 2511 partes
1938 2430 2125 2491 unius
2154 2428 2327 2492 ulnae
2357 2451 2575 2515 squar,
2610 2440 2735 2493 tam
2766 2428 2863 2491 sub

581 2530 756 2582 terra
819 2538 1009 2604 quam
1065 2538 1258 2600 supra
1311 2528 1567 2590 terram,
1601 2514 1825 2578 decam
1860 2536 2103 2579 marcas
2134 2514 2423 2599 argenti:
2470 2516 2649 2579 unde
2676 2516 2755 2579 ad
2784 2515 2865 2577 in-

581 2603 946 2688 ceptionem
993 2605 1204 2687 operis
1257 2600 1609 2685 supradicti
1670 2601 1839 2665 idem
1899 2601 2325 2666 cementarius
2384 2601 2699 2687 percipiet
2750 2622 2864 2685 prae

579 2690 874 2755 manibus
923 2688 1350 2775 quadraginta
1396 2688 1591 2751 libras
1638 2688 1921 2771 argenti;
1968 2702 2036 2751 et
2086 2704 2332 2773 postea,
2365 2710 2515 2752 cum
2548 2688 2863 2774 perfecerit

577 2776 663 2841 ad
715 2774 998 2841 valorem
1045 2796 1161 2840 sex
1213 2775 1515 2839 rodarum
1564 2774 1777 2858 operis
1822 2774 2193 2859 supradicti,
2244 2774 2400 2839 alias
2459 2776 2865 2862 quadraginta

578 2863 818 2937 libras3
859 2878 932 2927 et
950 2862 1041 2926 sic
1088 2861 1332 2927 tociens
1377 2861 1799 2948 quadraginta
1830 2862 2019 2925 libras
2050 2862 2352 2948 quociens
2384 2862 2728 2945 perfecerit
2766 2882 2861 2925 sex
2920 2904 2927 2912 -

579 2950 792 3028 rodas,
826 2949 1024 3014 modo
1067 2948 1479 3034 supradict03
1528 2947 1736 3011 donec
1766 2948 2143 3030 praedictum
2176 2968 2338 3031 opus
2368 2948 2563 3012 fuerit
2608 2946 2863 3033 plenarie

577 3049 1114 3102 consummatum.
1162 3036 1431 3100 Proviso
1462 3048 1679 3098 tamen
1710 3034 1909 3120 quod,
1944 3034 2113 3098 ultra
2139 3034 2469 3118 praemissa
2494 3037 2861 3120 specificata,

581 3124 771 3187 nichil
821 3121 1308 3211 quomodolibet
1361 3122 1479 3185 sibi
1532 3120 1739 3185 valeat
1794 3121 2152 3184 vendicare.
2248 3118 2335 3184 Et
2380 3121 2503 3185 erit
2536 3122 2861 3206 praedictus

573 3210 1024 3288 cementarius,
1067 3223 1134 3275 et
1149 3222 1428 3294 quatuor
1456 3206 1600 3271 aliae
1618 3206 2002 3271 sufficientes
2052 3228 2367 3291 personae,
2400 3208 2669 3293 obligati
2700 3204 2865 3271 dictis

583 3297 792 3361 Priori
822 3312 887 3362 et
919 3298 1286 3363 Conventui
1317 3296 1381 3358 in
1427 3316 1557 3359 una
1586 3292 2007 3381 obligacione‚
2040 3314 2159 3378 per
2188 3292 2527 3357 concilium
2564 3294 2861 3359 dictorum

584 3382 824 3448 Prioris
863 3398 936 3447 et
981 3384 1360 3463 Conventus
1415 3380 1731 3457 facienda,
1802 3380 1866 3443 in
1931 3378 2356 3466 quadraginta
2402 3380 2580 3444 libris
2632 3378 2863 3464 singula

579 3470 718 3535 vice
747 3492 876 3555 qua
905 3468 1331 3556 quadraginta
1357 3467 1552 3530 libras
1596 3467 1662 3529 in
1696 3467 1903 3531 forma
1930 3466 2239 3551 praedicta
2264 3464 2426 3530 idem
2459 3466 2863 3531 cementarius

578 3556 926 3638 receperit3
971 3553 1293 3619 soivendsis
1312 3552 1523 3617 eidem
1561 3552 1789 3631 Priori,
1814 3568 1925 3617 aut
1950 3553 2087 3637 ejus
2118 3554 2614 3631 suecessoribus,
2650 3556 2711 3617 in
2730 3572 2860 3617 casu

583 3665 726 3729 quo,
765 3641 934 3707 idem
991 3639 1414 3705 cementarius
1463 3639 1774 3703 defecerit
1828 3640 2148 3724 perficere
2203 3661 2325 3723 pro
2356 3639 2626 3722 singulis
2656 3640 2857 3705 decem

581 3728 810 3793 marcis
832 3749 1100 3793 summae
1121 3726 1454 3813 proedictae
1471 3748 1667 3789 unam
1692 3726 1919 3791 rodam
1950 3726 2163 3809 operis
2195 3724 2505 3790 antedicti
2536 3727 2657 3790 sub
2676 3726 2863 3789 forma

579 3834 648 3881 et
707 3814 1086 3881 condicione
1145 3816 1434 3899 superius
1487 3814 1875 3877 memoratis.
1997 3812 2073 3875 In
2104 3814 2283 3897 cujus
2313 3811 2405 3875 rei
2438 3812 2861 3877 testimonium

582 3902 1004 3988 praesentibus
1054 3900 1406 3965 indenturis
1439 3911 1655 3983 partes
1705 3898 2032 3983 proedictae
2081 3896 2296 3985 sigilla
2342 3920 2461 3961 sua
2512 3896 2858 3961 alternatim

579 4003 1038 4077 apposuerunt.
1132 3988 1310 4052 Data
1331 3985 1438 4051 die
1457 3982 1731 4062 sabbati,
1758 3984 1821 4047 in
1843 3984 2011 4050 festo
2039 3984 2259 4053 Sancti
2294 3983 2548 4049 Mathei
2580 3980 2859 4069 Apostoli

581 4092 648 4141 et
723 4076 1171 4167 Evangelistoe,
1247 4094 1416 4141 anno
1479 4071 1751 4138 Domini
1820 4070 2161 4139 millesimo
2206 4078 2411 4139 eccm
2457 4072 2858 4155 nonagesimo

575 4176 831 4235 octavo,
