3000 5117
771 508 1184 561 Aprutium.
1221 508 1404 560 Anu.
1443 506 1915 559 mccccxtvt.
2270 480 2526 560 cclxvii

237 671 503 739 adverso
554 672 983 757 presel-vando
1030 680 1097 735 et
1127 669 1560 748 defendendO,
1594 670 1974 757 quantisque
2003 664 2306 754 preciosis
2335 668 2530 734 vesti-

234 761 480 837 mentis,
520 759 861 843 jocalibus,
916 772 985 823 et
1018 757 1411 823 ornamentis
1443 755 1890 835 laudabilibus,
1921 757 2160 821 dictam
2191 755 2527 821 ecclesiam

236 872 349 912 sua
390 846 817 911 sollicitudine
848 860 917 909 et
946 844 1305 929 sumptibus
1335 842 1610 929 copiosis
1640 844 1987 921 decoravit,
2019 842 2293 930 qualiter
2323 842 2530 909 eciam

236 934 479 998 diversa
519 932 775 997 edificia
803 932 871 996 in
905 932 1287 1008 lufirmaria,
1342 930 1409 994 in
1441 930 1672 1029 quibus
1704 931 2059 996 confratres
2088 930 2207 1007 sui,
2242 931 2530 1016 corporis

232 1020 559 1086 debilitate
590 1018 898 1105 senioque
928 1018 1259 1096 confracti,
1292 1018 1720 1103 provisionem
1750 1018 2112 1103 acciperent
2143 1030 2211 1081 et
2240 1017 2534 1083 levamen

234 1129 593 1191 corporum,
648 1105 1018 1171 notabiliter
1098 1105 1387 1170 construi
1466 1103 1638 1182 fecit,
1711 1105 2130 1192 volentesque
2187 1116 2536 1191 propterea

235 1194 465 1271 eidem,
494 1206 797 1281 tanquam
841 1192 1265 1269 benemerit0‚
1296 1191 1650 1276 rependere
1681 1192 2014 1277 praemium
2044 1206 2192 1277 post
2221 1190 2532 1270 laborem,

231 1304 349 1367 pro
397 1281 874 1345 sustentacione
920 1302 1037 1344 sua
1080 1300 1368 1363 congrua
1411 1291 1474 1343 et
1507 1278 1782 1344 honesta
1809 1280 2202 1356 ordinamus,
2235 1280 2532 1363 provide-

233 1390 389 1445 πως,
421 1382 489 1431 et
518 1368 660 1445 sibi,
709 1368 923 1454 quoad
956 1366 1188 1430 vixerit
1217 1388 1301 1430 ex
1330 1387 1524 1443 nunc,
1557 1378 1782 1431 tenore
1811 1366 2228 1453 praesencium
2257 1370 2542 1454 assigna-

232 1477 369 1518 mus
392 1454 832 1539 infrascripta3
867 1454 986 1521 viz.
1014 1474 1333 1517 cameram
1383 1451 1547 1517 infra
1588 1456 2044 1518 monasterium
2093 1452 2535 1521 Dunelmense

230 1555 525 1607 vocatam
556 1540 1013 1629 coldingham,
1047 1561 1191 1605 cum
1224 1538 1653 1625 pertinenciis,
1685 1562 1762 1604 ac
1790 1541 2331 1605 sustentacionem
2355 1564 2539 1608 suam

234 1644 297 1693 et
318 1641 615 1713 sumptus
669 1628 734 1690 in
780 1626 1122 1692 esculentis
1172 1640 1239 1691 et
1282 1626 1664 1711 poculentis,
1711 1648 1831 1711 pro
1861 1650 1932 1691 se
1963 1627 2102 1713 ipso
2121 1628 2317 1712 juxta
2361 1641 2534 1693 tatus

233 1715 327 1779 sui
377 1714 770 1792 decenciam,
821 1729 887 1780 et
936 1714 1270 1799 capellano
1316 1734 1433 1777 suo
1480 1714 1820 1789 monachu,
1868 1736 2000 1779 uno
2029 1714 2368 1801 armigero,
2400 1738 2536 1781 uno

234 1802 491 1880 clerice,
547 1824 675 1867 uno
728 1802 997 1878 valecto,
1032 1812 1099 1865 et
1142 1823 1271 1864 uno
1299 1800 1622 1885 garcione,
1657 1814 1848 1885 prout
1876 1800 2105 1888 gradui
2134 1801 2535 1886 singulorum

234 1889 575 1965 convenit3
619 1910 768 1952 cum
818 1886 1313 1952 racionabilibus
1366 1886 1792 1972 peticionibus
1842 1888 1989 1964 suis,
2068 1910 2144 1952 ro
2173 1911 2262 1966 se,
2296 1903 2364 1954 et
2392 1889 2536 1955 aliis

234 1976 315 2040 ad
358 1978 570 2061 ipsum
629 1974 1049 2052 venientibus,
1098 1973 1455 2058 sumptibus
1487 1973 1932 2039 communibus
1969 1912 2376 2055 bibnasterii,
2409 1999 2539 2042 una

236 2085 380 2127 cum
425 2062 711 2127 candelis
751 2079 820 2126 et
865 2061 1053 2126 focali
1092 2083 1211 2146 pro
1242 2082 1495 2126 camera
1524 2061 1808 2147 ejusdem
1840 2062 2194 2147 sumptibus
2234 2062 2537 2145 Bursarii,

236 2149 477 2214 tociens
539 2148 845 2236 quociens
904 2170 1163 2213 necesse
1214 2147 1406 2213 fuerit
1466 2147 1940 2233 providendum
1999 2161 2068 2213 et
2125 2149 2540 2231 cariandum3

233 2237 559 2321 praedictis
612 2258 765 2300 vero
816 2235 1155 2323 armigero,
1210 2234 1465 2312 clerico,
1510 2235 1784 2314 valecto,
1819 2250 1886 2299 et
1914 2235 2223 2321 garcioni,
2255 2237 2340 2303 de
2367 2239 2542 2305 robis

234 2325 361 2389 sive
407 2323 862 2412 garmatnentis
896 2324 1234 2388 Bursarius
1289 2321 1741 2386 Dunelmensis
1789 2321 2048 2407 singulis
2078 2324 2279 2403 anniS,
2311 2347 2542 2392 secun-

234 2410 387 2475 dum
442 2409 735 2494 uniuscuj
748 2430 1089 2496 uscumque
1143 2423 1346 2473 status
1405 2408 1829 2492 exige-nciam,
1876 2411 2284 2494 providebit3
2341 2429 2548 2480 vestes

243 2496 505 2582 insuper
554 2496 757 2561 lineas
808 2509 877 2561 et
916 2497 1135 2561 laneas
1182 2496 1266 2560 de
1316 2494 1704 2573 Camerario,
1738 2509 1931 2580 prout
1961 2498 2116 2561 dum
2149 2497 2212 2562 in
2248 2496 2545 2567 Prioratu

242 2585 443 2663 stetit,
498 2584 769 2670 recipiet
819 2596 888 2648 et
940 2582 1247 2659 habebit3
1301 2583 1636 2667 capellano
1687 2582 1888 2647 eciam
1937 2584 2224 2668 ejusdem
2255 2586 2339 2651 de
2369 2588 2552 2655 obla-

243 2672 537 2737 cionibus
591 2672 723 2735 suis
767 2683 835 2735 et
882 2670 1019 2735 aliis
1065 2670 1455 2747 necessariis,
1496 2672 1659 2733 sicut
1691 2669 1830 2734 aliis
1859 2670 2287 2757 confratribus
2334 2676 2548 2742 aetatis

244 2772 310 2821 et
357 2756 726 2823 vocacionis
775 2755 1116 2821 consimilis
1170 2759 1234 2820 in
1288 2756 1512 2821 ordine
1556 2756 1978 2836 distribuitur,
2012 2759 2307 2825 volumus
2337 2762 2556 2828 minis-

246 2846 418 2914 trari.
519 2844 953 2911 Concedimus
995 2844 1254 2930 insuper
1305 2844 1517 2909 eidem
1564 2844 1907 2909 venerabili
1954 2847 2141 2931 patri,
2196 2847 2261 2910 in
2292 2852 2552 2936 supple-

243 2945 529 2999 mentum
564 2932 830 2996 aliarum
861 2953 1307 3017 expensarum,
1340 2953 1524 3018 quaS,
1549 2932 1744 3015 juxta
1771 2944 1974 2997 status
2002 2933 2102 2995 sui
2131 2936 2552 3035 praeeminen-

246 3020 431 3098 ciam,
484 3022 693 3105 ipsum
738 3016 1095 3083 necessario
1118 3040 1240 3103 pro
1271 3018 1443 3096 vinc,
1477 3017 1808 3103 stipendiis
1839 3018 2281 3099 serviencmm,
2313 3035 2382 3086 et
2411 3024 2550 3089 aliis

244 3105 508 3171 minutis
566 3104 932 3170 necessariis
978 3105 1396 3206 providendis
1448 3105 1780 3170 effundere
1832 3105 2181 3191 oportebit,
2237 3112 2559 3196 quandam

247 3192 625 3279 pensionem
686 3192 1109 3278 quadragmta
1168 3192 1474 3257 librarum
1523 3192 1607 3257 de
1654 3192 1964 3257 fructibus
2015 3206 2086 3258 et
2186 3198 2560 3266 roventibus

246 3280 539 3345 ecclesiae
588 3279 670 3344 de
723 3279 1145 3367 Estryngton,
1200 3291 1271 3344 et
1321 3279 1524 3343 firmis
1571 3278 1997 3344 maneriorum
2031 3279 2117 3344 de
2139 3216 2453 3371 iivardley
2485 3300 2554 3352 et

248 3366 555 3444 Belassis‚
604 3388 747 3431 cum
784 3365 1049 3431 ‘decima
1089 3366 1381 3451 ejusdem
1410 3364 1697 3443 manerii,
1730 3366 1815 3431 ad
1845 3366 2010 3431 festa
2041 3368 2460 3437 Pentecostes
2491 3386 2561 3439 et

246 3451 450 3519 sancti
474 3452 746 3519 Martini
768 3451 831 3516 in
860 3452 1091 3538 hyeme
1120 3476 1238 3539 per
1265 3453 1524 3540 equales
1549 3453 1904 3538 porciones,
1937 3476 2056 3541 per
2087 3478 2312 3522 manus
2341 3460 2558 3526 firma-

244 3544 485 3606 riorum
520 3540 715 3604 dictae
746 3540 1054 3618 ecclesiae,
1086 3542 1542 3617 maneriorum,
1575 3553 1641 3605 et
1672 3539 1965 3618 decimae,
1991 3542 2102 3628 qui
2125 3566 2242 3629 pro
2265 3558 2558 3633 tempore

246 3627 514 3706 fuerint,
551 3626 733 3691 annis
764 3626 1023 3712 sing'ulis
1054 3626 1426 3692 solvendam
1457 3640 1526 3691 et
1549 3626 2068 3712 percipiendam3
2101 3632 2342 3719 absque
2365 3657 2560 3701 onere

247 3714 681 3800 reparacionis
717 3713 1045 3798 cujuscum
1092 3736 1195 3791 ue,
1228 3713 1556 3778 solucione
1585 3714 1874 3792 decimae,
1907 3716 2421 3798 contribucionis,
2456 3723 2560 3787 vel

247 3801 517 3867 subsidii
551 3814 663 3865 aut
696 3801 1024 3866 solucione
1079 3802 1367 3865 orinseca
1442 3822 1820 3887 uacumque,
1848 3802 1932 3866 de
1955 3802 2246 3882 ecclesia,
2268 3808 2562 3872 maneriis

249 3901 315 3953 et
343 3888 603 3953 decima
631 3887 955 3971 praedictis
986 3908 1101 3973 per
1124 3886 1367 3951 dictum
1443 3887 1760 3951 ohannem
1791 3888 2231 3973 Wessyngton
2304 3894 2568 3959 naliter-

248 3997 537 4063 cumque
564 3973 875 4039 faciendis
902 3997 920 4048 3
946 3974 1153 4059 primo
1184 3972 1459 4039 termino
1487 3973 1829 4039 solucionis
1859 3974 2200 4058 incipiente
2331 3980 2565 4045 festum

255 4062 683 4127 Pentecostes
752 4060 1048 4145 proxime
1129 4060 1526 4146 praeteritum
1585 4073 1738 4124 ante
1824 4060 2040 4125 datam
2123 4066 2562 4147 praesencium.

256 4150 531 4215 Proviso
576 4147 751 4235 quod
781 4149 865 4213 de
896 4147 1155 4213 residuo
1184 4148 1514 4212 firmarum
1546 4146 1736 4211 dictae
1767 4147 2075 4227 ecclesiae,
2111 4152 2560 4237 maneriorum,

252 4249 320 4301 et
366 4236 669 4312 decimae,
720 4234 773 4300 si
819 4234 975 4322 quid
1024 4235 1193 4299 ultra
1238 4234 1442 4299 dictas
1473 4234 1903 4335 quadraginta
1929 4233 2124 4301 libras
2155 4239 2562 4325 superfuerit,

259 4322 576 4395 Bursario
608 4321 1034 4388 Dunelmensi
1064 4321 1327 4410 singulis
1356 4344 1536 4387 annis
1561 4320 1643 4385 de
1668 4321 1895 4385 eodem
1916 4322 2174 4388 realiter
2195 4326 2566 4398 satisfaciat.

257 4410 326 4477 Si
368 4433 531 4475 vero
562 4408 771 4475 dictus
804 4409 1185 4473 venerabilis
1212 4423 1397 4493 pater
1424 4404 2190 4499 JohannesNVessygton
2221 4427 2404 4481 extra
2433 4440 2570 4483 mo··

254 4497 629 4576 nasterium,
679 4498 897 4583 gracia
939 4496 1225 4579 sanitatis
1274 4493 1754 4576 conservandae,-
1793 4498 2239 4566 se-transserre
2274 4503 2566 4585 voluerit,
