<?xml version="1.0" encoding="UTF-8"?>
<!DOCTYPE html PUBLIC "-//W3C//DTD XHTML 1.0 Transitional//EN"
    "http://www.w3.org/TR/xhtml1/DTD/xhtml1-transitional.dtd">
<html xmlns="http://www.w3.org/1999/xhtml" xml:lang="en" lang="en">
 <head>
  <title>
</title>
<meta http-equiv="Content-Type" content="text/html;charset=utf-8" />
  <meta name='ocr-system' content='tesseract 3.04.00' />
  <meta name='ocr-capabilities' content='ocr_page ocr_carea ocr_par ocr_line ocrx_word'/>
</head>
<body>
  <div class='ocr_page' id='page_1' title='image "./historiaedunelm00raingoog_0260.png"; bbox 0 0 3000 5117; ppageno 0'>
   <div class='ocr_carea' id='block_1_1' title="bbox 462 432 2298 517">
    <p class='ocr_par' dir='ltr' id='par_1_1' title="bbox 462 432 2298 517">
     <span class='ocr_line' id='line_1_1' title="bbox 462 432 2298 517; baseline -0.003 -4"><span class='ocrx_word' id='word_1_1' title='bbox 462 432 727 517; x_wconf 72' lang='lat' dir='ltr'>xxxviii</span> <span class='ocrx_word' id='word_1_2' title='bbox 928 450 1135 501; x_wconf 79' lang='lat' dir='ltr'>msr.</span> <span class='ocrx_word' id='word_1_3' title='bbox 1176 451 1539 507; x_wconf 82' lang='lat' dir='ltr'><strong>DUNELM.</strong></span> <span class='ocrx_word' id='word_1_4' title='bbox 1581 451 2046 509; x_wconf 79' lang='lat' dir='ltr'><strong>SCRIPTORES</strong></span> <span class='ocrx_word' id='word_1_5' title='bbox 2084 456 2298 507; x_wconf 71' lang='lat' dir='ltr'>rans.</span> 
     </span>
    </p>
   </div>
   <div class='ocr_carea' id='block_1_2' title="bbox 464 613 2786 1229">
    <p class='ocr_par' dir='ltr' id='par_1_2' title="bbox 464 613 2786 1229">
     <span class='ocr_line' id='line_1_2' title="bbox 464 613 2776 701; baseline 0.002 -17"><span class='ocrx_word' id='word_1_6' title='bbox 464 620 589 691; x_wconf 81' lang='lat' dir='ltr'>suit</span> <span class='ocrx_word' id='word_1_7' title='bbox 619 615 899 681; x_wconf 86' lang='lat' dir='ltr'>dominae</span> <span class='ocrx_word' id='word_1_8' title='bbox 915 613 1240 680; x_wconf 80' lang='lat' dir='ltr'>Cristanae</span> <span class='ocrx_word' id='word_1_9' title='bbox 1271 614 1540 683; x_wconf 80' lang='lat' dir='ltr'>Corbet.</span> <span class='ocrx_word' id='word_1_10' title='bbox 1637 616 1725 680; x_wconf 90' lang='lat' dir='ltr'>Et</span> <span class='ocrx_word' id='word_1_11' title='bbox 1751 615 2018 681; x_wconf 86' lang='lat' dir='ltr'>habebit</span> <span class='ocrx_word' id='word_1_12' title='bbox 2049 618 2313 683; x_wconf 80' lang='lat' dir='ltr'><strong>terciam</strong></span> <span class='ocrx_word' id='word_1_13' title='bbox 2345 616 2611 701; x_wconf 72' lang='lat' dir='ltr'>divisam</span> <span class='ocrx_word' id='word_1_14' title='bbox 2630 641 2776 689; x_wconf 83' lang='lat' dir='ltr'>cum</span> 
     </span>
     <span class='ocr_line' id='line_1_3' title="bbox 469 700 2780 795; baseline -0.001 -24"><span class='ocrx_word' id='word_1_15' title='bbox 469 705 727 771; x_wconf 80' lang='lat' dir='ltr'>duobus</span> <span class='ocrx_word' id='word_1_16' title='bbox 786 700 1063 773; x_wconf 88' lang='lat' dir='ltr'>denariis</span> <span class='ocrx_word' id='word_1_17' title='bbox 1118 700 1394 768; x_wconf 88' lang='lat' dir='ltr'>diaconi.</span> <span class='ocrx_word' id='word_1_18' title='bbox 1519 701 1862 771; x_wconf 79' lang='lat' dir='ltr'><strong>Orationes</strong></span> <span class='ocrx_word' id='word_1_19' title='bbox 1911 703 2281 795; x_wconf 85' lang='lat' dir='ltr'>hujusmodi</span> <span class='ocrx_word' id='word_1_20' title='bbox 2335 704 2543 769; x_wconf 85' lang='lat' dir='ltr'>missae</span> <span class='ocrx_word' id='word_1_21' title='bbox 2593 722 2780 776; x_wconf 81' lang='lat' dir='ltr'>erunt</span> 
     </span>
     <span class='ocr_line' id='line_1_4' title="bbox 468 788 2783 876; baseline 0 -19"><span class='ocrx_word' id='word_1_22' title='bbox 468 796 684 860; x_wconf 88' lang='lat' dir='ltr'>minor</span> <span class='ocrx_word' id='word_1_23' title='bbox 707 793 881 856; x_wconf 79' lang='lat' dir='ltr'>Deus</span> <span class='ocrx_word' id='word_1_24' title='bbox 903 793 1005 853; x_wconf 80' lang='lat' dir='ltr'>cui</span> <span class='ocrx_word' id='word_1_25' title='bbox 1013 794 1365 870; x_wconf 81' lang='lat' dir='ltr'>proprium,</span> <span class='ocrx_word' id='word_1_26' title='bbox 1392 788 1818 873; x_wconf 81' lang='lat' dir='ltr'>singulariter,</span> <span class='ocrx_word' id='word_1_27' title='bbox 1844 812 1965 875; x_wconf 88' lang='lat' dir='ltr'>pro</span> <span class='ocrx_word' id='word_1_28' title='bbox 1997 791 2210 856; x_wconf 87' lang='lat' dir='ltr'>anima</span> <span class='ocrx_word' id='word_1_29' title='bbox 2233 792 2521 876; x_wconf 82' lang='lat' dir='ltr'>magistri</span> <span class='ocrx_word' id='word_1_30' title='bbox 2555 796 2637 861; x_wconf 80' lang='lat' dir='ltr'>R.</span> <span class='ocrx_word' id='word_1_31' title='bbox 2669 795 2783 858; x_wconf 83' lang='lat' dir='ltr'>Se·</span> 
     </span>
     <span class='ocr_line' id='line_1_5' title="bbox 466 875 2783 961; baseline -0.001 -15"><span class='ocrx_word' id='word_1_32' title='bbox 466 880 705 955; x_wconf 86' lang='lat' dir='ltr'>cunda,</span> <span class='ocrx_word' id='word_1_33' title='bbox 742 878 940 951; x_wconf 77' lang='lat' dir='ltr'>Deus,</span> <span class='ocrx_word' id='word_1_34' title='bbox 974 880 1086 961; x_wconf 81' lang='lat' dir='ltr'>qui</span> <span class='ocrx_word' id='word_1_35' title='bbox 1141 896 1252 939; x_wconf 78' lang='lat' dir='ltr'>nos</span> <span class='ocrx_word' id='word_1_36' title='bbox 1270 880 1550 957; x_wconf 76' lang='lat' dir='ltr'>paterni.</span> <span class='ocrx_word' id='word_1_37' title='bbox 1647 875 1892 953; x_wconf 84' lang='lat' dir='ltr'>Tertia,</span> <span class='ocrx_word' id='word_1_38' title='bbox 1927 878 2196 943; x_wconf 76' lang='lat' dir='ltr'>Inclina.</span> <span class='ocrx_word' id='word_1_39' title='bbox 2289 879 2569 961; x_wconf 80' lang='lat' dir='ltr'>Quarta,</span> <span class='ocrx_word' id='word_1_40' title='bbox 2605 885 2783 946; x_wconf 69' lang='lat' dir='ltr'>Deus</span> 
     </span>
     <span class='ocr_line' id='line_1_6' title="bbox 470 962 2786 1049; baseline -0.001 -16"><span class='ocrx_word' id='word_1_41' title='bbox 470 972 689 1034; x_wconf 79' lang='lat' dir='ltr'>veniae.</span> <span class='ocrx_word' id='word_1_42' title='bbox 792 962 1055 1041; x_wconf 83' lang='lat' dir='ltr'>Quinta,</span> <span class='ocrx_word' id='word_1_43' title='bbox 1094 964 1424 1027; x_wconf 76' lang='lat' dir='ltr'>Fidelium.</span> <span class='ocrx_word' id='word_1_44' title='bbox 1523 962 1709 1027; x_wconf 84' lang='lat' dir='ltr'>Hanc</span> <span class='ocrx_word' id='word_1_45' title='bbox 1742 976 1957 1027; x_wconf 86' lang='lat' dir='ltr'>autem</span> <span class='ocrx_word' id='word_1_46' title='bbox 1989 965 2418 1049; x_wconf 86' lang='lat' dir='ltr'>provisionem</span> <span class='ocrx_word' id='word_1_47' title='bbox 2451 981 2519 1031; x_wconf 90' lang='lat' dir='ltr'>et</span> <span class='ocrx_word' id='word_1_48' title='bbox 2549 968 2786 1031; x_wconf 86' lang='lat' dir='ltr'>consti-</span> 
     </span>
     <span class='ocr_line' id='line_1_7' title="bbox 477 1043 2784 1157; baseline -0.001 -39"><span class='ocrx_word' id='word_1_49' title='bbox 477 1053 803 1126; x_wconf 81' lang='lat' dir='ltr'>tucionem</span> <span class='ocrx_word' id='word_1_50' title='bbox 827 1051 878 1118; x_wconf 84' lang='lat' dir='ltr'>si</span> <span class='ocrx_word' id='word_1_51' title='bbox 908 1043 1053 1136; x_wconf 80' lang='lat' dir='ltr'>quis</span> <span class='ocrx_word' id='word_1_52' title='bbox 1070 1047 1422 1157; x_wconf 39' lang='lat' dir='ltr'>inf-ringere·</span> <span class='ocrx_word' id='word_1_53' title='bbox 1446 1048 1545 1149; x_wconf 73' lang='lat' dir='ltr'>vel</span> <span class='ocrx_word' id='word_1_54' title='bbox 1565 1049 1890 1121; x_wconf 83' lang='lat' dir='ltr'>infirmare</span> <span class='ocrx_word' id='word_1_55' title='bbox 1913 1052 2416 1144; x_wconf 81' lang='lat' dir='ltr'>attemptaverit,</span> <span class='ocrx_word' id='word_1_56' title='bbox 2441 1057 2698 1119; x_wconf 85' lang='lat' dir='ltr'>noverit</span> <span class='ocrx_word' id='word_1_57' title='bbox 2719 1075 2784 1117; x_wconf 84' lang='lat' dir='ltr'>se</span> 
     </span>
     <span class='ocr_line' id='line_1_8' title="bbox 478 1157 1832 1229; baseline -0.002 -23"><span class='ocrx_word' id='word_1_58' title='bbox 478 1160 737 1229; x_wconf 89' lang='lat' dir='ltr'>poenam</span> <span class='ocrx_word' id='word_1_59' title='bbox 768 1157 1457 1207; x_wconf 68' lang='lat' dir='ltr'>excommunicacionis</span> <span class='ocrx_word' id='word_1_60' title='bbox 1488 1158 1832 1212; x_wconf 73' lang='lat' dir='ltr'>mcnrrere,</span> 
     </span>
    </p>
   </div>
   <div class='ocr_carea' id='block_1_3' title="bbox 660 1311 2620 1470">
    <p class='ocr_par' dir='ltr' id='par_1_3' title="bbox 660 1311 2620 1470">
     <span class='ocr_line' id='line_1_9' title="bbox 660 1311 2620 1400; baseline 0.001 -23"><span class='ocrx_word' id='word_1_61' title='bbox 660 1313 850 1400; x_wconf 73' lang='lat' dir='ltr'>Quod</span> <span class='ocrx_word' id='word_1_62' title='bbox 895 1314 1190 1395; x_wconf 61' lang='lat' dir='ltr'>magister</span> <span class='ocrx_word' id='word_1_63' title='bbox 1221 1311 1507 1392; x_wconf 71' lang='lat' dir='ltr'>Royerus</span> <span class='ocrx_word' id='word_1_64' title='bbox 1551 1312 1625 1374; x_wconf 81' lang='lat' dir='ltr'>de</span> <span class='ocrx_word' id='word_1_65' title='bbox 1664 1312 2058 1379; x_wconf 71' lang='lat' dir='ltr'>Richemund</span> <span class='ocrx_word' id='word_1_66' title='bbox 2083 1316 2251 1377; x_wconf 75' lang='lat' dir='ltr'>dedit</span> <span class='ocrx_word' id='word_1_67' title='bbox 2281 1316 2620 1385; x_wconf 76' lang='lat' dir='ltr'>Conventui</span> 
     </span>
     <span class='ocr_line' id='line_1_10' title="bbox 1032 1400 2263 1470; baseline 0.002 -6"><span class='ocrx_word' id='word_1_68' title='bbox 1032 1400 1438 1468; x_wconf 71' lang='lat' dir='ltr'>Dunelmensi</span> <span class='ocrx_word' id='word_1_69' title='bbox 1466 1400 1771 1467; x_wconf 77' lang='lat' dir='ltr'>redditum</span> <span class='ocrx_word' id='word_1_70' title='bbox 1799 1404 1986 1468; x_wconf 72' lang='lat' dir='ltr'>unius</span> <span class='ocrx_word' id='word_1_71' title='bbox 2013 1421 2263 1470; x_wconf 79' lang='lat' dir='ltr'>marcae.</span> 
     </span>
    </p>
   </div>
   <div class='ocr_carea' id='block_1_4' title="bbox 489 1530 2798 2231">
    <p class='ocr_par' dir='ltr' id='par_1_4' title="bbox 489 1530 2798 2231">
     <span class='ocr_line' id='line_1_11' title="bbox 576 1530 2792 1619; baseline 0.002 -23"><span class='ocrx_word' id='word_1_72' title='bbox 576 1534 897 1619; x_wconf 83' lang='lat' dir='ltr'>Magister</span> <span class='ocrx_word' id='word_1_73' title='bbox 947 1531 1239 1613; x_wconf 84' lang='lat' dir='ltr'>Rogerus</span> <span class='ocrx_word' id='word_1_74' title='bbox 1286 1531 1369 1595; x_wconf 90' lang='lat' dir='ltr'>de</span> <span class='ocrx_word' id='word_1_75' title='bbox 1418 1530 1829 1601; x_wconf 86' lang='lat' dir='ltr'>Richemund</span> <span class='ocrx_word' id='word_1_76' title='bbox 1873 1532 2204 1602; x_wconf 79' lang='lat' dir='ltr'>caritative</span> <span class='ocrx_word' id='word_1_77' title='bbox 2249 1536 2433 1601; x_wconf 89' lang='lat' dir='ltr'>dedit</span> <span class='ocrx_word' id='word_1_78' title='bbox 2471 1536 2684 1601; x_wconf 87' lang='lat' dir='ltr'>Priori</span> <span class='ocrx_word' id='word_1_79' title='bbox 2727 1544 2792 1601; x_wconf 85' lang='lat' dir='ltr'>et</span> 
     </span>
     <span class='ocr_line' id='line_1_12' title="bbox 491 1618 2792 1707; baseline -0.001 -20"><span class='ocrx_word' id='word_1_80' title='bbox 491 1619 861 1695; x_wconf 81' lang='lat' dir='ltr'>Conventui</span> <span class='ocrx_word' id='word_1_81' title='bbox 883 1618 1204 1686; x_wconf 89' lang='lat' dir='ltr'>redditum</span> <span class='ocrx_word' id='word_1_82' title='bbox 1225 1618 1411 1688; x_wconf 84' lang='lat' dir='ltr'>nnius</span> <span class='ocrx_word' id='word_1_83' title='bbox 1435 1640 1669 1683; x_wconf 86' lang='lat' dir='ltr'>marcae</span> <span class='ocrx_word' id='word_1_84' title='bbox 1689 1619 1771 1683; x_wconf 87' lang='lat' dir='ltr'>ad</span> <span class='ocrx_word' id='word_1_85' title='bbox 1803 1620 1964 1690; x_wconf 87' lang='lat' dir='ltr'>duos</span> <span class='ocrx_word' id='word_1_86' title='bbox 1991 1622 2296 1687; x_wconf 87' lang='lat' dir='ltr'>terminos</span> <span class='ocrx_word' id='word_1_87' title='bbox 2315 1624 2751 1707; x_wconf 87' lang='lat' dir='ltr'>recipiendum</span> <span class='ocrx_word' id='word_1_88' title='bbox 2775 1647 2792 1697; x_wconf 73' lang='grc' dir='ltr'><strong><em>ς</em></strong></span> 
     </span>
     <span class='ocr_line' id='line_1_13' title="bbox 489 1704 2792 1784; baseline -0.001 -11"><span class='ocrx_word' id='word_1_89' title='bbox 489 1710 732 1773; x_wconf 87' lang='lat' dir='ltr'>scilicet</span> <span class='ocrx_word' id='word_1_90' title='bbox 782 1705 1188 1769; x_wconf 85' lang='lat' dir='ltr'>medictatem</span> <span class='ocrx_word' id='word_1_91' title='bbox 1238 1704 1321 1769; x_wconf 86' lang='lat' dir='ltr'>ad</span> <span class='ocrx_word' id='word_1_92' title='bbox 1374 1704 1824 1784; x_wconf 83' lang='lat' dir='ltr'>Pentecosten,</span> <span class='ocrx_word' id='word_1_93' title='bbox 1881 1721 1949 1772; x_wconf 86' lang='lat' dir='ltr'>et</span> <span class='ocrx_word' id='word_1_94' title='bbox 1993 1709 2404 1774; x_wconf 81' lang='lat' dir='ltr'>medietatem</span> <span class='ocrx_word' id='word_1_95' title='bbox 2443 1711 2526 1774; x_wconf 84' lang='lat' dir='ltr'>ad</span> <span class='ocrx_word' id='word_1_96' title='bbox 2561 1710 2792 1776; x_wconf 84' lang='lat' dir='ltr'>festum</span> 
     </span>
     <span class='ocr_line' id='line_1_14' title="bbox 490 1791 2796 1879; baseline 0 -21"><span class='ocrx_word' id='word_1_97' title='bbox 490 1795 691 1862; x_wconf 87' lang='lat' dir='ltr'>sancti</span> <span class='ocrx_word' id='word_1_98' title='bbox 731 1792 1002 1864; x_wconf 86' lang='lat' dir='ltr'>Martini</span> <span class='ocrx_word' id='word_1_99' title='bbox 1035 1794 1098 1856; x_wconf 89' lang='lat' dir='ltr'>in</span> <span class='ocrx_word' id='word_1_100' title='bbox 1136 1791 1347 1861; x_wconf 86' lang='lat' dir='ltr'>hieme</span> <span class='ocrx_word' id='word_1_101' title='bbox 1373 1816 1391 1869; x_wconf 88' lang='lat'>;</span> <span class='ocrx_word' id='word_1_102' title='bbox 1416 1793 1501 1862; x_wconf 87' lang='lat' dir='ltr'>ad</span> <span class='ocrx_word' id='word_1_103' title='bbox 1519 1794 1882 1864; x_wconf 74' lang='lat' dir='ltr'>faciendum</span> <span class='ocrx_word' id='word_1_104' title='bbox 1911 1794 2174 1879; x_wconf 82' lang='lat' dir='ltr'>singulis</span> <span class='ocrx_word' id='word_1_105' title='bbox 2206 1799 2390 1861; x_wconf 88' lang='lat' dir='ltr'>annis</span> <span class='ocrx_word' id='word_1_106' title='bbox 2425 1797 2796 1862; x_wconf 85' lang='lat' dir='ltr'>Conventui</span> 
     </span>
     <span class='ocr_line' id='line_1_15' title="bbox 496 1879 2798 1983; baseline 0 -37"><span class='ocrx_word' id='word_1_107' title='bbox 496 1904 685 1952; x_wconf 79' lang='lat' dir='ltr'>unam</span> <span class='ocrx_word' id='word_1_108' title='bbox 720 1879 1053 1965; x_wconf 82' lang='lat' dir='ltr'>pitantiam</span> <span class='ocrx_word' id='word_1_109' title='bbox 1086 1879 1190 1943; x_wconf 88' lang='lat' dir='ltr'>die</span> <span class='ocrx_word' id='word_1_110' title='bbox 1216 1880 1428 1943; x_wconf 79' lang='lat' dir='ltr'>obitus</span> <span class='ocrx_word' id='word_1_111' title='bbox 1459 1879 1556 1944; x_wconf 90' lang='lat' dir='ltr'>sui</span> <span class='ocrx_word' id='word_1_112' title='bbox 1582 1903 1601 1955; x_wconf 68' lang='grc' dir='ltr'>ς</span> <span class='ocrx_word' id='word_1_113' title='bbox 1648 1882 1731 1945; x_wconf 84' lang='lat' dir='ltr'>de</span> <span class='ocrx_word' id='word_1_114' title='bbox 1751 1904 1879 1967; x_wconf 90' lang='lat' dir='ltr'>qua</span> <span class='ocrx_word' id='word_1_115' title='bbox 1901 1904 2115 1946; x_wconf 87' lang='lat' dir='ltr'>marca</span> <span class='ocrx_word' id='word_1_116' title='bbox 2144 1884 2330 1947; x_wconf 87' lang='lat' dir='ltr'>Prior</span> <span class='ocrx_word' id='word_1_117' title='bbox 2353 1884 2435 1947; x_wconf 90' lang='lat' dir='ltr'>de</span> <span class='ocrx_word' id='word_1_118' title='bbox 2465 1884 2798 1983; x_wconf 74' lang='lat' dir='ltr'>Coldyng-</span> 
     </span>
     <span class='ocr_line' id='line_1_16' title="bbox 497 1966 2798 2056; baseline -0.001 -22"><span class='ocrx_word' id='word_1_119' title='bbox 497 1972 645 2034; x_wconf 85' lang='lat' dir='ltr'>ham</span> <span class='ocrx_word' id='word_1_120' title='bbox 680 1969 877 2032; x_wconf 87' lang='lat' dir='ltr'>debet</span> <span class='ocrx_word' id='word_1_121' title='bbox 907 1966 1295 2051; x_wconf 79' lang='lat' dir='ltr'>respondere</span> <span class='ocrx_word' id='word_1_122' title='bbox 1330 1967 1698 2032; x_wconf 83' lang='lat' dir='ltr'>Conventui</span> <span class='ocrx_word' id='word_1_123' title='bbox 1730 1968 1812 2032; x_wconf 83' lang='lat' dir='ltr'>de</span> <span class='ocrx_word' id='word_1_124' title='bbox 1833 1982 2004 2033; x_wconf 88' lang='lat' dir='ltr'>terra</span> <span class='ocrx_word' id='word_1_125' title='bbox 2031 1991 2224 2056; x_wconf 87' lang='lat' dir='ltr'>quam</span> <span class='ocrx_word' id='word_1_126' title='bbox 2257 1970 2466 2035; x_wconf 88' lang='lat' dir='ltr'>dictus</span> <span class='ocrx_word' id='word_1_127' title='bbox 2491 1985 2798 2055; x_wconf 71' lang='lat' dir='ltr'>magister</span> 
     </span>
     <span class='ocr_line' id='line_1_17' title="bbox 503 2051 2796 2141; baseline -0 -21"><span class='ocrx_word' id='word_1_128' title='bbox 503 2058 795 2140; x_wconf 85' lang='lat' dir='ltr'>Rogerus</span> <span class='ocrx_word' id='word_1_129' title='bbox 848 2052 1002 2117; x_wconf 90' lang='lat' dir='ltr'>emit</span> <span class='ocrx_word' id='word_1_130' title='bbox 1050 2054 1132 2117; x_wconf 91' lang='lat' dir='ltr'>de</span> <span class='ocrx_word' id='word_1_131' title='bbox 1192 2051 1476 2131; x_wconf 76' lang='lat' dir='ltr'>Simone,</span> <span class='ocrx_word' id='word_1_132' title='bbox 1530 2054 1726 2119; x_wconf 83' lang='lat' dir='ltr'>fratre</span> <span class='ocrx_word' id='word_1_133' title='bbox 1757 2055 2081 2141; x_wconf 83' lang='lat' dir='ltr'>quondam</span> <span class='ocrx_word' id='word_1_134' title='bbox 2117 2056 2393 2131; x_wconf 79' lang='lat' dir='ltr'>Thomae</span> <span class='ocrx_word' id='word_1_135' title='bbox 2443 2056 2687 2129; x_wconf 82' lang='lat' dir='ltr'>Prioris</span> <span class='ocrx_word' id='word_1_136' title='bbox 2718 2057 2796 2127; x_wconf 76' lang='lat' dir='ltr'>dc</span> 
     </span>
     <span class='ocr_line' id='line_1_18' title="bbox 498 2139 1786 2231; baseline -0.002 -22"><span class='ocrx_word' id='word_1_137' title='bbox 498 2142 931 2231; x_wconf 75' lang='lat' dir='ltr'>coldingham</span> <span class='ocrx_word' id='word_1_138' title='bbox 961 2141 1029 2207; x_wconf 90' lang='lat' dir='ltr'>in</span> <span class='ocrx_word' id='word_1_139' title='bbox 1060 2139 1209 2211; x_wconf 81' lang='lat' dir='ltr'>villa</span> <span class='ocrx_word' id='word_1_140' title='bbox 1235 2139 1319 2204; x_wconf 91' lang='lat' dir='ltr'>de</span> <span class='ocrx_word' id='word_1_141' title='bbox 1354 2140 1786 2231; x_wconf 81' lang='lat' dir='ltr'>Reningtona,</span> 
     </span>
    </p>
   </div>
   <div class='ocr_carea' id='block_1_5' title="bbox 670 2315 2631 2486">
    <p class='ocr_par' dir='ltr' id='par_1_5' title="bbox 670 2315 2631 2486">
     <span class='ocr_line' id='line_1_19' title="bbox 670 2315 2631 2405; baseline 0.004 -26"><span class='ocrx_word' id='word_1_142' title='bbox 670 2319 859 2397; x_wconf 73' lang='lat' dir='ltr'>Quod</span> <span class='ocrx_word' id='word_1_143' title='bbox 899 2318 1099 2380; x_wconf 72' lang='lat' dir='ltr'>Prior</span> <span class='ocrx_word' id='word_1_144' title='bbox 1138 2315 1213 2378; x_wconf 82' lang='lat' dir='ltr'>de</span> <span class='ocrx_word' id='word_1_145' title='bbox 1260 2316 1672 2397; x_wconf 70' lang='lat' dir='ltr'>Coldinqham</span> <span class='ocrx_word' id='word_1_146' title='bbox 1714 2318 1927 2382; x_wconf 78' lang='lat' dir='ltr'>reddet</span> <span class='ocrx_word' id='word_1_147' title='bbox 1959 2320 2224 2399; x_wconf 72' lang='lat' dir='ltr'>sinyulis</span> <span class='ocrx_word' id='word_1_148' title='bbox 2251 2323 2437 2386; x_wconf 73' lang='lat' dir='ltr'>annis</span> <span class='ocrx_word' id='word_1_149' title='bbox 2463 2320 2631 2405; x_wconf 71' lang='lat' dir='ltr'>Sup-</span> 
     </span>
     <span class='ocr_line' id='line_1_20' title="bbox 1040 2404 2237 2486; baseline 0.008 -23"><span class='ocrx_word' id='word_1_150' title='bbox 1040 2405 1257 2486; x_wconf 81' lang='lat' dir='ltr'>priori</span> <span class='ocrx_word' id='word_1_151' title='bbox 1286 2404 1694 2467; x_wconf 81' lang='lat' dir='ltr'>Dunelmensi</span> <span class='ocrx_word' id='word_1_152' title='bbox 1721 2426 1911 2469; x_wconf 82' lang='lat' dir='ltr'>unam</span> <span class='ocrx_word' id='word_1_153' title='bbox 1942 2426 2237 2475; x_wconf 84' lang='lat' dir='ltr'>marcam,</span> 
     </span>
    </p>
   </div>
   <div class='ocr_carea' id='block_1_6' title="bbox 495 2536 2802 3133">
    <p class='ocr_par' dir='ltr' id='par_1_6' title="bbox 495 2536 2802 3133">
     <span class='ocr_line' id='line_1_21' title="bbox 592 2536 2800 2634; baseline -0.001 -27"><span class='ocrx_word' id='word_1_154' title='bbox 592 2542 754 2607; x_wconf 87' lang='lat' dir='ltr'>Item</span> <span class='ocrx_word' id='word_1_155' title='bbox 800 2536 1129 2603; x_wconf 89' lang='lat' dir='ltr'>sciendum</span> <span class='ocrx_word' id='word_1_156' title='bbox 1176 2549 1273 2600; x_wconf 82' lang='lat' dir='ltr'>est</span> <span class='ocrx_word' id='word_1_157' title='bbox 1302 2536 1477 2625; x_wconf 87' lang='lat' dir='ltr'>quod</span> <span class='ocrx_word' id='word_1_158' title='bbox 1513 2538 1700 2607; x_wconf 85' lang='lat' dir='ltr'>Prior</span> <span class='ocrx_word' id='word_1_159' title='bbox 1730 2538 1812 2607; x_wconf 84' lang='lat' dir='ltr'>de</span> <span class='ocrx_word' id='word_1_160' title='bbox 1847 2540 2300 2623; x_wconf 84' lang='lat' dir='ltr'>Coldingbam,</span> <span class='ocrx_word' id='word_1_161' title='bbox 2335 2542 2443 2634; x_wconf 85' lang='lat' dir='ltr'>qui</span> <span class='ocrx_word' id='word_1_162' title='bbox 2487 2564 2614 2629; x_wconf 86' lang='lat' dir='ltr'>pro</span> <span class='ocrx_word' id='word_1_163' title='bbox 2647 2554 2800 2607; x_wconf 60' lang='lat' dir='ltr'>tems</span> 
     </span>
     <span class='ocr_line' id='line_1_22' title="bbox 495 2624 2802 2719; baseline 0.001 -27"><span class='ocrx_word' id='word_1_164' title='bbox 495 2651 657 2719; x_wconf 84' lang='lat' dir='ltr'>pore</span> <span class='ocrx_word' id='word_1_165' title='bbox 689 2627 900 2704; x_wconf 84' lang='lat' dir='ltr'>suerit,</span> <span class='ocrx_word' id='word_1_166' title='bbox 932 2624 1163 2695; x_wconf 80' lang='lat' dir='ltr'>reddet</span> <span class='ocrx_word' id='word_1_167' title='bbox 1206 2624 1469 2707; x_wconf 85' lang='lat' dir='ltr'>singulis</span> <span class='ocrx_word' id='word_1_168' title='bbox 1494 2628 1674 2688; x_wconf 88' lang='lat' dir='ltr'>annis</span> <span class='ocrx_word' id='word_1_169' title='bbox 1715 2626 1802 2689; x_wconf 92' lang='lat' dir='ltr'>Su</span> <span class='ocrx_word' id='word_1_170' title='bbox 1853 2626 2052 2711; x_wconf 83' lang='lat' dir='ltr'>priori</span> <span class='ocrx_word' id='word_1_171' title='bbox 2090 2628 2516 2699; x_wconf 81' lang='lat' dir='ltr'>Dunelmensi</span> <span class='ocrx_word' id='word_1_172' title='bbox 2547 2652 2670 2715; x_wconf 87' lang='lat' dir='ltr'>pro</span> <span class='ocrx_word' id='word_1_173' title='bbox 2701 2629 2802 2694; x_wconf 74' lang='lat' dir='ltr'>illa</span> 
     </span>
     <span class='ocr_line' id='line_1_23' title="bbox 498 2650 2800 2795; baseline -0.001 -15"><span class='ocrx_word' id='word_1_174' title='bbox 498 2729 801 2785; x_wconf 81' lang='lat' dir='ltr'>carucata</span> <span class='ocrx_word' id='word_1_175' title='bbox 830 2726 1040 2788; x_wconf 86' lang='lat' dir='ltr'>terrae,</span> <span class='ocrx_word' id='word_1_176' title='bbox 1123 2734 1223 2777; x_wconf 79' lang='lat' dir='ltr'>uoe</span> <span class='ocrx_word' id='word_1_177' title='bbox 1246 2724 1463 2795; x_wconf 88' lang='lat' dir='ltr'>empta</span> <span class='ocrx_word' id='word_1_178' title='bbox 1486 2711 1678 2781; x_wconf 72' lang='lat' dir='ltr'>fuerit</span> <span class='ocrx_word' id='word_1_179' title='bbox 1710 2737 1750 2776; x_wconf 85' lang='lat' dir='ltr'>a</span> <span class='ocrx_word' id='word_1_180' title='bbox 1783 2650 2044 2779; x_wconf 43' lang='lat' dir='ltr'>dimone</span> <span class='ocrx_word' id='word_1_181' title='bbox 2067 2714 2200 2779; x_wconf 83' lang='lat' dir='ltr'>filio</span> <span class='ocrx_word' id='word_1_182' title='bbox 2234 2716 2531 2792; x_wconf 84' lang='lat' dir='ltr'>Thomae,</span> <span class='ocrx_word' id='word_1_183' title='bbox 2561 2719 2632 2779; x_wconf 91' lang='lat' dir='ltr'>in</span> <span class='ocrx_word' id='word_1_184' title='bbox 2657 2716 2800 2779; x_wconf 85' lang='lat' dir='ltr'>villa</span> 
     </span>
     <span class='ocr_line' id='line_1_24' title="bbox 496 2734 2802 2888; baseline 0.001 -24"><span class='ocrx_word' id='word_1_185' title='bbox 496 2804 585 2871; x_wconf 80' lang='lat' dir='ltr'>de</span> <span class='ocrx_word' id='word_1_186' title='bbox 634 2799 1030 2886; x_wconf 83' lang='lat' dir='ltr'>Renington,</span> <span class='ocrx_word' id='word_1_187' title='bbox 1076 2734 1162 2861; x_wconf 61' lang='lat' dir='ltr'>de</span> <span class='ocrx_word' id='word_1_188' title='bbox 1206 2797 1483 2863; x_wconf 80' lang='lat' dir='ltr'>denariis</span> <span class='ocrx_word' id='word_1_189' title='bbox 1514 2800 1797 2883; x_wconf 80' lang='lat' dir='ltr'>magistri</span> <span class='ocrx_word' id='word_1_190' title='bbox 1833 2800 2074 2884; x_wconf 87' lang='lat' dir='ltr'>Rogeri</span> <span class='ocrx_word' id='word_1_191' title='bbox 2107 2801 2188 2866; x_wconf 89' lang='lat' dir='ltr'>de</span> <span class='ocrx_word' id='word_1_192' title='bbox 2235 2802 2584 2888; x_wconf 84' lang='lat' dir='ltr'>Melsanby</span> <span class='ocrx_word' id='word_1_193' title='bbox 2613 2825 2802 2867; x_wconf 81' lang='lat' dir='ltr'>cano·</span> 
     </span>
     <span class='ocr_line' id='line_1_25' title="bbox 499 2885 2800 2970; baseline -0.001 -17"><span class='ocrx_word' id='word_1_194' title='bbox 499 2889 625 2958; x_wconf 83' lang='lat' dir='ltr'>uici</span> <span class='ocrx_word' id='word_1_195' title='bbox 681 2885 1183 2962; x_wconf 78' lang='lat' dir='ltr'>BeverlacensiS,</span> <span class='ocrx_word' id='word_1_196' title='bbox 1248 2905 1441 2955; x_wconf 88' lang='lat' dir='ltr'>unam</span> <span class='ocrx_word' id='word_1_197' title='bbox 1493 2906 1772 2950; x_wconf 85' lang='lat' dir='ltr'>marcam</span> <span class='ocrx_word' id='word_1_198' title='bbox 1818 2886 2116 2970; x_wconf 86' lang='lat' dir='ltr'>argenti3</span> <span class='ocrx_word' id='word_1_199' title='bbox 2175 2889 2414 2955; x_wconf 86' lang='lat' dir='ltr'>scilicet</span> <span class='ocrx_word' id='word_1_200' title='bbox 2465 2889 2800 2953; x_wconf 85' lang='lat' dir='ltr'>dimidium</span> 
     </span>
     <span class='ocr_line' id='line_1_26' title="bbox 504 2972 2800 3067; baseline 0.001 -26"><span class='ocrx_word' id='word_1_201' title='bbox 504 2996 741 3041; x_wconf 84' lang='lat' dir='ltr'>marcae</span> <span class='ocrx_word' id='word_1_202' title='bbox 816 2973 898 3037; x_wconf 91' lang='lat' dir='ltr'>ad</span> <span class='ocrx_word' id='word_1_203' title='bbox 932 2972 1165 3037; x_wconf 87' lang='lat' dir='ltr'>festum</span> <span class='ocrx_word' id='word_1_204' title='bbox 1227 2972 1429 3035; x_wconf 87' lang='lat' dir='ltr'>sancti</span> <span class='ocrx_word' id='word_1_205' title='bbox 1512 2972 1827 3042; x_wconf 84' lang='lat' dir='ltr'>Johannis</span> <span class='ocrx_word' id='word_1_206' title='bbox 1909 2974 2242 3067; x_wconf 74' lang='lat' dir='ltr'>Baptistae,</span> <span class='ocrx_word' id='word_1_207' title='bbox 2321 2992 2390 3049; x_wconf 79' lang='lat' dir='ltr'>et</span> <span class='ocrx_word' id='word_1_208' title='bbox 2463 2976 2800 3045; x_wconf 83' lang='lat' dir='ltr'>dimidium</span> 
     </span>
     <span class='ocr_line' id='line_1_27' title="bbox 501 3058 1676 3133; baseline -0.006 -4"><span class='ocrx_word' id='word_1_209' title='bbox 501 3086 735 3133; x_wconf 59' lang='lat' dir='ltr'>marcae</span> <span class='ocrx_word' id='word_1_210' title='bbox 766 3061 850 3131; x_wconf 89' lang='lat' dir='ltr'>ad</span> <span class='ocrx_word' id='word_1_211' title='bbox 878 3060 1113 3127; x_wconf 88' lang='lat' dir='ltr'>festum</span> <span class='ocrx_word' id='word_1_212' title='bbox 1145 3059 1349 3131; x_wconf 84' lang='lat' dir='ltr'>sancti</span> <span class='ocrx_word' id='word_1_213' title='bbox 1386 3058 1676 3131; x_wconf 73' lang='lat' dir='ltr'>Martini,</span> 
     </span>
    </p>
   </div>
   <div class='ocr_carea' id='block_1_7' title="bbox 672 3236 2632 3403">
    <p class='ocr_par' dir='ltr' id='par_1_7' title="bbox 672 3236 2632 3403">
     <span class='ocr_line' id='line_1_28' title="bbox 672 3236 2632 3319; baseline 0 -18"><span class='ocrx_word' id='word_1_214' title='bbox 672 3236 861 3313; x_wconf 74' lang='lat' dir='ltr'><strong><em>Quod</em></strong></span> <span class='ocrx_word' id='word_1_215' title='bbox 880 3237 1377 3299; x_wconf 72' lang='lat' dir='ltr'>Elenwsinarius</span> <span class='ocrx_word' id='word_1_216' title='bbox 1392 3238 1467 3299; x_wconf 83' lang='lat' dir='ltr'>de</span> <span class='ocrx_word' id='word_1_217' title='bbox 1490 3236 1898 3317; x_wconf 71' lang='lat' dir='ltr'>C&#39;oldt‘nyham</span> <span class='ocrx_word' id='word_1_218' title='bbox 1925 3238 2137 3301; x_wconf 80' lang='lat' dir='ltr'>reddet</span> <span class='ocrx_word' id='word_1_219' title='bbox 2155 3238 2417 3319; x_wconf 75' lang='lat' dir='ltr'>sinqulis</span> <span class='ocrx_word' id='word_1_220' title='bbox 2443 3241 2632 3301; x_wconf 77' lang='lat' dir='ltr'>annis</span> 
     </span>
     <span class='ocr_line' id='line_1_29' title="bbox 997 3324 2310 3403; baseline 0 -16"><span class='ocrx_word' id='word_1_221' title='bbox 997 3324 1335 3403; x_wconf 80' lang='lat' dir='ltr'>Suppriori</span> <span class='ocrx_word' id='word_1_222' title='bbox 1362 3324 1770 3391; x_wconf 73' lang='lat' dir='ltr'>Dum-emensi</span> <span class='ocrx_word' id='word_1_223' title='bbox 1797 3344 1987 3387; x_wconf 82' lang='lat' dir='ltr'>unam</span> <span class='ocrx_word' id='word_1_224' title='bbox 2015 3344 2310 3389; x_wconf 84' lang='lat' dir='ltr'>marcam.</span> 
     </span>
    </p>
   </div>
   <div class='ocr_carea' id='block_1_8' title="bbox 493 3430 2802 4133">
    <p class='ocr_par' dir='ltr' id='par_1_8' title="bbox 493 3430 2802 4133">
     <span class='ocr_line' id='line_1_30' title="bbox 588 3430 2795 3521; baseline -0.001 -21"><span class='ocrx_word' id='word_1_225' title='bbox 588 3437 757 3501; x_wconf 88' lang='lat' dir='ltr'>Item</span> <span class='ocrx_word' id='word_1_226' title='bbox 792 3430 1285 3501; x_wconf 84' lang='lat' dir='ltr'>Elemosinarius</span> <span class='ocrx_word' id='word_1_227' title='bbox 1331 3431 1414 3499; x_wconf 91' lang='lat' dir='ltr'>de</span> <span class='ocrx_word' id='word_1_228' title='bbox 1452 3431 1906 3517; x_wconf 78' lang='lat' dir='ltr'>coldingham,</span> <span class='ocrx_word' id='word_1_229' title='bbox 1956 3434 2066 3521; x_wconf 81' lang='lat' dir='ltr'>qni</span> <span class='ocrx_word' id='word_1_230' title='bbox 2113 3456 2231 3520; x_wconf 93' lang='lat' dir='ltr'>pro</span> <span class='ocrx_word' id='word_1_231' title='bbox 2263 3446 2553 3520; x_wconf 84' lang='lat' dir='ltr'>tempore</span> <span class='ocrx_word' id='word_1_232' title='bbox 2589 3435 2795 3509; x_wconf 84' lang='lat' dir='ltr'>suerit,</span> 
     </span>
     <span class='ocr_line' id='line_1_31' title="bbox 496 3517 2798 3605; baseline -0.001 -19"><span class='ocrx_word' id='word_1_233' title='bbox 496 3522 729 3591; x_wconf 87' lang='lat' dir='ltr'>reddet</span> <span class='ocrx_word' id='word_1_234' title='bbox 788 3518 1057 3605; x_wconf 86' lang='lat' dir='ltr'>singulis</span> <span class='ocrx_word' id='word_1_235' title='bbox 1117 3517 1297 3582; x_wconf 85' lang='lat' dir='ltr'>annis</span> <span class='ocrx_word' id='word_1_236' title='bbox 1359 3518 1421 3580; x_wconf 89' lang='lat' dir='ltr'>in</span> <span class='ocrx_word' id='word_1_237' title='bbox 1474 3533 1880 3604; x_wconf 84' lang='lat' dir='ltr'>perpetuum,</span> <span class='ocrx_word' id='word_1_238' title='bbox 1944 3543 2061 3605; x_wconf 92' lang='lat' dir='ltr'>per</span> <span class='ocrx_word' id='word_1_239' title='bbox 2113 3544 2368 3588; x_wconf 85' lang='lat' dir='ltr'>manum</span> <span class='ocrx_word' id='word_1_240' title='bbox 2420 3521 2662 3593; x_wconf 84' lang='lat' dir='ltr'>Prioris</span> <span class='ocrx_word' id='word_1_241' title='bbox 2717 3524 2798 3585; x_wconf 81' lang='lat' dir='ltr'>dc</span> 
     </span>
     <span class='ocr_line' id='line_1_32' title="bbox 505 3604 2802 3695; baseline 0.002 -23"><span class='ocrx_word' id='word_1_242' title='bbox 505 3606 957 3695; x_wconf 77' lang='lat' dir='ltr'>coldingham,</span> <span class='ocrx_word' id='word_1_243' title='bbox 1007 3604 1345 3689; x_wconf 68' lang='lat' dir='ltr'>‚Suppriori</span> <span class='ocrx_word' id='word_1_244' title='bbox 1392 3604 1813 3673; x_wconf 82' lang='lat' dir='ltr'>Dunelmensi</span> <span class='ocrx_word' id='word_1_245' title='bbox 1861 3630 2052 3678; x_wconf 82' lang='lat' dir='ltr'>unam</span> <span class='ocrx_word' id='word_1_246' title='bbox 2099 3631 2376 3677; x_wconf 78' lang='lat' dir='ltr'>marcam</span> <span class='ocrx_word' id='word_1_247' title='bbox 2409 3612 2664 3693; x_wconf 88' lang='lat' dir='ltr'>argenti</span> <span class='ocrx_word' id='word_1_248' title='bbox 2721 3608 2802 3676; x_wconf 83' lang='lat' dir='ltr'>ad</span> 
     </span>
     <span class='ocr_line' id='line_1_33' title="bbox 500 3690 2798 3782; baseline -0 -23"><span class='ocrx_word' id='word_1_249' title='bbox 500 3696 710 3759; x_wconf 85' lang='lat' dir='ltr'>dictos</span> <span class='ocrx_word' id='word_1_250' title='bbox 760 3691 1082 3770; x_wconf 79' lang='lat' dir='ltr'>terminoS,</span> <span class='ocrx_word' id='word_1_251' title='bbox 1131 3714 1248 3775; x_wconf 89' lang='lat' dir='ltr'>pro</span> <span class='ocrx_word' id='word_1_252' title='bbox 1280 3690 1394 3761; x_wconf 83' lang='lat' dir='ltr'>illa</span> <span class='ocrx_word' id='word_1_253' title='bbox 1436 3706 1609 3762; x_wconf 81' lang='lat' dir='ltr'>terra</span> <span class='ocrx_word' id='word_1_254' title='bbox 1653 3717 1799 3782; x_wconf 82' lang='lat' dir='ltr'>qnae</span> <span class='ocrx_word' id='word_1_255' title='bbox 1844 3694 1966 3762; x_wconf 86' lang='lat' dir='ltr'>fuit</span> <span class='ocrx_word' id='word_1_256' title='bbox 2009 3718 2110 3760; x_wconf 90' lang='lat' dir='ltr'>em</span> <span class='ocrx_word' id='word_1_257' title='bbox 2164 3710 2229 3760; x_wconf 88' lang='lat' dir='ltr'>ta</span> <span class='ocrx_word' id='word_1_258' title='bbox 2272 3718 2312 3761; x_wconf 85' lang='lat' dir='ltr'>a</span> <span class='ocrx_word' id='word_1_259' title='bbox 2351 3694 2690 3760; x_wconf 87' lang='lat' dir='ltr'>Willielmo</span> <span class='ocrx_word' id='word_1_260' title='bbox 2719 3696 2798 3758; x_wconf 86' lang='lat' dir='ltr'>de</span> 
     </span>
     <span class='ocr_line' id='line_1_34' title="bbox 500 3720 2801 3868; baseline 0 -23"><span class='ocrx_word' id='word_1_261' title='bbox 500 3780 1002 3856; x_wconf 86' lang='lat' dir='ltr'>Lummesdene,</span> <span class='ocrx_word' id='word_1_262' title='bbox 1035 3778 1101 3847; x_wconf 90' lang='lat' dir='ltr'>in</span> <span class='ocrx_word' id='word_1_263' title='bbox 1150 3778 1299 3845; x_wconf 83' lang='lat' dir='ltr'>villa</span> <span class='ocrx_word' id='word_1_264' title='bbox 1342 3780 1424 3848; x_wconf 91' lang='lat' dir='ltr'>de</span> <span class='ocrx_word' id='word_1_265' title='bbox 1461 3781 1916 3866; x_wconf 76' lang='lat' dir='ltr'>coldingham,</span> <span class='ocrx_word' id='word_1_266' title='bbox 1950 3783 2032 3848; x_wconf 91' lang='lat' dir='ltr'>de</span> <span class='ocrx_word' id='word_1_267' title='bbox 2079 3720 2356 3848; x_wconf 50' lang='lat' dir='ltr'>tignariis</span> <span class='ocrx_word' id='word_1_268' title='bbox 2387 3782 2540 3847; x_wconf 87' lang='lat' dir='ltr'>dicti</span> <span class='ocrx_word' id='word_1_269' title='bbox 2575 3782 2801 3868; x_wconf 85' lang='lat' dir='ltr'>magis·-</span> 
     </span>
     <span class='ocr_line' id='line_1_35' title="bbox 498 3865 2798 3955; baseline 0.001 -21"><span class='ocrx_word' id='word_1_270' title='bbox 498 3870 602 3939; x_wconf 89' lang='lat' dir='ltr'>tri.</span> <span class='ocrx_word' id='word_1_271' title='bbox 699 3866 879 3935; x_wconf 89' lang='lat' dir='ltr'>Dicti</span> <span class='ocrx_word' id='word_1_272' title='bbox 908 3879 1125 3931; x_wconf 89' lang='lat' dir='ltr'>autem</span> <span class='ocrx_word' id='word_1_273' title='bbox 1155 3865 1399 3933; x_wconf 83' lang='lat' dir='ltr'>denarii</span> <span class='ocrx_word' id='word_1_274' title='bbox 1430 3867 1732 3953; x_wconf 83' lang='lat' dir='ltr'>assignati</span> <span class='ocrx_word' id='word_1_275' title='bbox 1774 3885 1928 3934; x_wconf 85' lang='lat' dir='ltr'>sunt</span> <span class='ocrx_word' id='word_1_276' title='bbox 1955 3870 2038 3933; x_wconf 90' lang='lat' dir='ltr'>ad</span> <span class='ocrx_word' id='word_1_277' title='bbox 2069 3870 2412 3955; x_wconf 87' lang='lat' dir='ltr'>pitanciam</span> <span class='ocrx_word' id='word_1_278' title='bbox 2443 3870 2798 3937; x_wconf 83' lang='lat' dir='ltr'>faciendam</span> 
     </span>
     <span class='ocr_line' id='line_1_36' title="bbox 500 3953 2798 4044; baseline -0.001 -21"><span class='ocrx_word' id='word_1_279' title='bbox 500 3955 875 4023; x_wconf 85' lang='lat' dir='ltr'>Conventui</span> <span class='ocrx_word' id='word_1_280' title='bbox 908 3953 1331 4021; x_wconf 84' lang='lat' dir='ltr'>Dunelmensi</span> <span class='ocrx_word' id='word_1_281' title='bbox 1360 3954 1425 4017; x_wconf 92' lang='lat' dir='ltr'>in</span> <span class='ocrx_word' id='word_1_282' title='bbox 1457 3955 1564 4020; x_wconf 85' lang='lat' dir='ltr'>die</span> <span class='ocrx_word' id='word_1_283' title='bbox 1595 3955 2004 4027; x_wconf 82' lang='lat' dir='ltr'>anniversarii</span> <span class='ocrx_word' id='word_1_284' title='bbox 2035 3958 2324 4044; x_wconf 88' lang='lat' dir='ltr'>ejusdem</span> <span class='ocrx_word' id='word_1_285' title='bbox 2347 3958 2633 4044; x_wconf 84' lang='lat' dir='ltr'>magistri</span> <span class='ocrx_word' id='word_1_286' title='bbox 2669 3958 2798 4022; x_wconf 60' lang='lat' dir='ltr'>Ro,</span> 
     </span>
     <span class='ocr_line' id='line_1_37' title="bbox 493 4041 2066 4133; baseline -0.001 -24"><span class='ocrx_word' id='word_1_287' title='bbox 493 4044 651 4129; x_wconf 86' lang='lat' dir='ltr'>geri,</span> <span class='ocrx_word' id='word_1_288' title='bbox 687 4059 754 4113; x_wconf 88' lang='lat' dir='ltr'>et</span> <span class='ocrx_word' id='word_1_289' title='bbox 782 4043 869 4109; x_wconf 87' lang='lat' dir='ltr'>ad</span> <span class='ocrx_word' id='word_1_290' title='bbox 898 4041 1293 4133; x_wconf 88' lang='lat' dir='ltr'>pascendum</span> <span class='ocrx_word' id='word_1_291' title='bbox 1326 4062 1407 4113; x_wconf 86' lang='lat' dir='ltr'>cc</span> <span class='ocrx_word' id='word_1_292' title='bbox 1438 4064 1775 4131; x_wconf 78' lang='lat' dir='ltr'>pauperes.</span> <span class='ocrx_word' id='word_1_293' title='bbox 2063 4046 2066 4051; x_wconf 80' lang='grc'><strong>’</strong></span> 
     </span>
    </p>
   </div>
   <div class='ocr_carea' id='block_1_9' title="bbox 999 4216 2312 4302">
    <p class='ocr_par' dir='ltr' id='par_1_9' title="bbox 999 4216 2312 4302">
     <span class='ocr_line' id='line_1_38' title="bbox 999 4216 2312 4302; baseline 0.002 -21"><span class='ocrx_word' id='word_1_294' title='bbox 999 4217 1253 4282; x_wconf 77' lang='lat' dir='ltr'>Donum</span> <span class='ocrx_word' id='word_1_295' title='bbox 1281 4221 1575 4301; x_wconf 71' lang='lat' dir='ltr'>mayz&#39;stri</span> <span class='ocrx_word' id='word_1_296' title='bbox 1604 4216 1804 4283; x_wconf 81' lang='lat' dir='ltr'>Alani</span> <span class='ocrx_word' id='word_1_297' title='bbox 1833 4221 1909 4283; x_wconf 82' lang='lat' dir='ltr'>de</span> <span class='ocrx_word' id='word_1_298' title='bbox 1939 4220 2312 4302; x_wconf 74' lang='lat' dir='ltr'>Melsamby.</span> 
     </span>
    </p>
   </div>
   <div class='ocr_carea' id='block_1_10' title="bbox 488 4350 2795 4532">
    <p class='ocr_par' dir='ltr' id='par_1_10' title="bbox 488 4350 2795 4532">
     <span class='ocr_line' id='line_1_39' title="bbox 583 4350 2794 4439; baseline -0.001 -22"><span class='ocrx_word' id='word_1_299' title='bbox 583 4352 753 4417; x_wconf 87' lang='lat' dir='ltr'>Item</span> <span class='ocrx_word' id='word_1_300' title='bbox 784 4350 1115 4415; x_wconf 84' lang='lat' dir='ltr'>sciendum</span> <span class='ocrx_word' id='word_1_301' title='bbox 1147 4365 1241 4416; x_wconf 89' lang='lat' dir='ltr'>est</span> <span class='ocrx_word' id='word_1_302' title='bbox 1273 4352 1450 4439; x_wconf 91' lang='lat' dir='ltr'>quod</span> <span class='ocrx_word' id='word_1_303' title='bbox 1484 4366 1610 4417; x_wconf 87' lang='lat' dir='ltr'>tres</span> <span class='ocrx_word' id='word_1_304' title='bbox 1642 4373 1876 4417; x_wconf 87' lang='lat' dir='ltr'>marcae</span> <span class='ocrx_word' id='word_1_305' title='bbox 1907 4377 2138 4419; x_wconf 85' lang='lat' dir='ltr'>annuae</span> <span class='ocrx_word' id='word_1_306' title='bbox 2168 4355 2511 4437; x_wconf 81' lang='lat' dir='ltr'>assignatae</span> <span class='ocrx_word' id='word_1_307' title='bbox 2541 4367 2686 4419; x_wconf 90' lang='lat' dir='ltr'>sunt</span> <span class='ocrx_word' id='word_1_308' title='bbox 2715 4350 2794 4417; x_wconf 87' lang='lat' dir='ltr'>ad</span> 
     </span>
     <span class='ocr_line' id='line_1_40' title="bbox 488 4438 2795 4532; baseline 0.001 -29"><span class='ocrx_word' id='word_1_309' title='bbox 488 4439 835 4529; x_wconf 80' lang='lat' dir='ltr'>pitanciam</span> <span class='ocrx_word' id='word_1_310' title='bbox 892 4438 1258 4507; x_wconf 86' lang='lat' dir='ltr'>Conventui</span> <span class='ocrx_word' id='word_1_311' title='bbox 1307 4440 1733 4508; x_wconf 88' lang='lat' dir='ltr'>Dunelmensi</span> <span class='ocrx_word' id='word_1_312' title='bbox 1779 4442 2160 4522; x_wconf 84' lang='lat' dir='ltr'>faciendam,</span> <span class='ocrx_word' id='word_1_313' title='bbox 2201 4454 2270 4507; x_wconf 90' lang='lat' dir='ltr'>et</span> <span class='ocrx_word' id='word_1_314' title='bbox 2301 4442 2384 4507; x_wconf 88' lang='lat' dir='ltr'>ad</span> <span class='ocrx_word' id='word_1_315' title='bbox 2415 4442 2795 4532; x_wconf 85' lang='lat' dir='ltr'>pascendum</span> 
     </span>
    </p>
   </div>
   <div class='ocr_carea' id='block_1_11' title="bbox 2958 1878 2964 2769">
    <p class='ocr_par' dir='ltr' id='par_1_11' title="bbox 2958 1878 2964 2769">
     <span class='ocr_line' id='line_1_41' title="bbox 2958 1878 2964 2769; baseline 0 0"><span class='ocrx_word' id='word_1_316' title='bbox 2958 1878 2964 2769; x_wconf 95' lang='lat' dir='ltr'> </span> 
     </span>
    </p>
   </div>
  </div>
 </body>
</html>
