3000 5117
504 414 571 489 in
958 439 1165 491 ms‘r.
1202 438 1566 489 nusum.
1605 437 2073 491 semproass
2111 440 2324 493 Tuas.

504 600 861 665 Wiflintuu
916 614 985 664 et
1026 599 1446 678 Wallesende,
1480 622 1628 663 cum
1683 600 1813 665 suis
1861 600 2296 685 appendiciis3
2341 600 2503 667 duas
2545 620 2790 689 quoque

502 687 819 765 ecclesias,
886 688 1474 753 Lindisfaruensem
1549 688 1815 765 scilicet,
1877 710 2024 775 quae
2083 689 2271 753 sedes
2330 687 2624 773 primitus
2679 689 2792 751 fuit

509 774 933 861 Episcopalis,
982 799 1131 840 cum
1163 776 1313 839 vilia
1343 775 1680 862 adjacente
1709 774 1826 839 sibi
1857 777 2120 840 nomine
2159 777 2212 841 F
2211 796 2446 841 cunum
2471 799 2491 852 3
2537 786 2604 840 et
2635 776 2794 839 Nor-

505 860 679 941 ham,
710 886 901 950 quam
953 864 1085 948 ipse
1139 863 1227 927 ibi
1274 884 1546 948 corpore
1644 862 1987 927 uiesceudo
2017 863 2469 940 illustraverat,
2501 885 2644 926 cum
2687 884 2796 925 sua

506 950 661 1013 villa
708 951 966 1015 nomine
1023 950 1497 1017 Scoreswortb’.
1683 964 1708 1013 t
1758 963 2068 1035 praeterea
2118 952 2433 1015 confirmo
2481 949 2572 1013 eis
2627 948 2798 1036 quic-

506 1036 665 1123 quid
704 1037 1071 1103 walcherus
1125 1036 1504 1122 Episcopus,
1539 1038 1976 1121 praedecessor
2015 1060 2212 1115 meus»,
2245 1038 2336 1103 eis
2369 1036 2596 1112 dedit3
2641 1035 2800 1101 scili-

508 1139 614 1188 σει
644 1124 841 1211 ipsam
875 1125 1089 1189 villam
1122 1125 1207 1190 de
1250 1124 1493 1202 Girwe,
1533 1124 1830 1202 Prestun,
1861 1124 2317 1203 Munccatuna,
2357 1123 2800 1199 Heathwrthe,

512 1211 892 1288 Heaberne,
954 1212 1025 1276 W
1029 1212 1341 1289 ivestoue,
1405 1211 1808 1289 Heortedun,
1863 1234 2009 1276 cum
2071 1212 2370 1277 omnibus
2415 1209 2804 1299 appendiciis

511 1320 775 1376 earum3
823 1300 886 1363 in
932 1300 1163 1386 quibus
1210 1299 1504 1365 omnibus
1549 1320 1770 1364 omnes
1817 1298 2146 1364 libertates
2184 1300 2276 1365 eis
2305 1299 2598 1365 concedo
2626 1319 2804 1385 quas-

510 1408 770 1473 cunque
814 1387 1117 1451 meliores
1158 1410 1285 1474 ego
1338 1385 1471 1472 ipse
1502 1386 1566 1450 in
1598 1401 1770 1451 terra
1797 1408 1944 1450 mea
1971 1387 2200 1452 habeo.
2319 1387 2525 1452 Dono
2555 1387 2802 1469 insuper

510 1473 605 1538 eis
636 1474 970 1539 ecclesiam
999 1474 1081 1539 de
1116 1474 1361 1551 Elvett,
1393 1487 1458 1538 et
1507 1472 1838 1539 ecclesiam
1869 1473 1952 1539 de
1971 1473 2226 1553 ·Acleia,
2259 1486 2328 1538 et
2355 1473 2688 1539 ecclesiam
2727 1471 2804 1536 de

514 1560 874 1639 Heselden,
909 1576 975 1627 et
1004 1562 1351 1626 ecclesiam.
1371 1560 1435 1624 in
1468 1561 1778 1626 Daltona.
1869 1560 1958 1625 Et
1991 1560 2057 1625 in
2089 1560 2578 1639 Euerwikscire,
2603 1560 2670 1625 in
2697 1559 2806 1623 do-

510 1647 723 1713 miniis
756 1648 930 1725 meis,
964 1649 1293 1713 ecclesiam
1334 1648 1419 1712 de
1453 1648 1800 1726 Houeden,
1830 1660 1898 1712 et
1925 1648 2262 1713 ecclesiam
2291 1648 2376 1713 de
2411 1648 2804 1723 Welletune,

512 1750 583 1800 ct
642 1736 979 1801 ecclesiam
1031 1736 1116 1800 de
1179 1735 1626 1821 Walkyntuna,
1661 1749 1730 1799 et
1781 1734 2114 1801 ecclesiam
2161 1736 2246 1801 de
2299 1734 2806 1824 Brantyngham‚

512 1846 657 1894 cum
713 1825 1011 1889 omnibus
1059 1822 1469 1909 pertinenciis
1519 1845 1763 1899 earum,
1798 1835 1864 1887 et
1917 1845 2064 1887 cum
2113 1824 2412 1888 omnibus
2441 1822 2701 1888 decimis
2728 1820 2805 1885 de

512 1912 760 1977 eunctis
814 1911 961 1997 ipsis
1014 1910 1313 1975 dominiis
1360 1910 1537 1977 meis.
1633 1910 1742 1975 Ad
1771 1910 1894 1974 hoc
1925 1911 2126 1976 etiam-
2156 1911 2308 1975 Rex
2333 1910 2510 1975 idem
2561 1908 2808 1973 williel-

512 2023 677 2077 mus,
714 2000 785 2063 in·
816 1997 1439 2087 Snotyngbamscire,
1475 1997 1540 2061 in
1577 1996 1990 2062 Normantun
2031 1998 2308 2063 duorum
2359 2012 2715 2063 aratrorum
2745 2012 2808 2060 et

516 2087 765 2153 dimidii
836 2100 1071 2152 terram
1124 2098 1189 2149 et
1253 2107 1451 2148 unum
1499 2084 1988 2162 molendinum;
2025 2086 2091 2149 in
2141 2086 2543 2171 Bonnyntun
2593 2086 2808 2149 decem

512 2176 713 2240 boum
746 2189 1003 2250 terram,
1040 2174 1101 2237 in
1136 2172 1452 2237 Kinestan
1472 2186 1751 2259 quatuor
1773 2187 2130 2237 aratrorum
2155 2186 2412 2250 terram,
2441 2174 2510 2237 in
2535 2172 2810 2239 Gatham

518 2262 797 2327 duorum
846 2276 1201 2327 aratrorum
1253 2273 1509 2338 terram,
1543 2282 1686 2323 cum
1741 2260 1935 2325 sacha
1985 2272 2052 2325 et
2095 2282 2289 2326 soene
2319 2260 2522 2325 dedit.
2615 2259 2718 2337 Et,
2747 2256 2810 2319 in

523 2349 989 2425 Lincolnscire,
1021 2370 1144 2432 ego
1179 2347 1574 2413 Willielmus
1625 2347 1983 2433 episcopus,
2025 2348 2206 2433 Rege
2249 2348 2482 2413 eodem
2511 2348 2638 2413 hoc
2687 2346 2813 2409 lau-

520 2437 739 2516 dante,
774 2438 837 2501 in
901 2434 1218 2523 Bliburgh
1269 2435 1546 2499 duorum
1599 2447 1834 2499 terram
1872 2448 2253 2511 aratrorum,
2285 2456 2488 2522 quem
2535 2433 2814 2519 Regder-

518 2524 675 2590 here
722 2524 894 2611 prius
926 2523 1172 2600 babuit,
1207 2534 1270 2586 et
1325 2522 1389 2585 in
1419 2520 1682 2586 civitate
1715 2522 1994 2587 Eboraci
2023 2522 2356 2589 ecclesiam
2390 2524 2648 2590 Sanctae
2679 2520 2817 2585 Tri-

520 2611 742 2677 nitatis
787 2634 932 2677 cum
982 2610 1171 2675 trium
1224 2608 1565 2674 domorum
1607 2608 2106 2693 possessionibus
2139 2610 2378 2683 tribuo.
2471 2610 2638 2675 Haec
2679 2628 2818 2673 cum

526 2702 659 2765 suis
712 2697 1111 2785 appendiciis
1166 2696 1313 2762 Rex
1372 2696 1546 2761 idem
1591 2696 1797 2761 literis
1849 2696 2064 2781 sigillo
2113 2720 2232 2761 suo
2281 2698 2330 2761 si
2383 2711 2570 2763 natas
2601 2696 2818 2762 coufir-

525 2787 749 2852 mavit.
866 2786 1027 2851 Haec
1080 2808 1203 2869 ego
1266 2783 1639 2847 willielmus
1678 2784 2054 2869 Episcopus„
2087 2806 2210 2870 pro
2259 2722 2463 2849 safftte
2509 2799 2642 2851 tam
2689 2803 2820 2847 cor-

526 2876 705 2961 poris
734 2896 927 2962 quam
958 2874 1191 2937 animae
1220 2871 1508 2957 ejusdem
1539 2871 1783 2935 domini
1829 2872 1952 2935 mei
1991 2872 2186 2956 Regis
2215 2872 2576 2951 willielmi,
2603 2884 2666 2938 et
2695 2890 2820 2935 suae

530 2962 821 3063 conjugis
900 2960 1193 3026 Matildis
1273 2959 1559 3043 Reginae,
1621 2972 1690 3022 et
1762 2958 2040 3022 filiorum
2101 2958 2506 3047 filiarumque
2578 2978 2823 3025 suarum

528 3066 773 3137 pariter
873 3062 941 3114 et
1034 3050 1181 3126 mei,
1276 3048 1692 3133 omniumque
1795 3060 2272 3111 autecessorum
2363 3066 2824 3113 successorum-

530 3162 658 3227 que
779 3158 1068 3203 meorum
1182 3134 1673 3220 Episcoporum,
1765 3147 1989 3197 sancto
2099 3134 2468 3200 Cuthberto
2579 3136 2824 3219 suisque

532 3226 969 3303 servitoribus,
1017 3224 1368 3288 secundum
1412 3221 1592 3309 quod
1642 3220 2154 3305 suprascribitur,
2205 3222 2580 3287 eternaliter
2621 3222 2824 3287 tribuo

536 3330 605 3381 et
688 3312 921 3377 ordino
953 3336 981 3387 ·,
1061 3324 1328 3375 cunctos
1404 3309 1582 3374 istius
1657 3308 2088 3374 ordinacionis
2162 3309 2446 3374 fautores
2521 3322 2826 3395 perpetua

540 3399 674 3466 Dei
722 3397 1197 3483 omnipotentis,
1259 3395 1488 3474 Patris,
1541 3411 1610 3461 et
1665 3396 1808 3460 Filii
1855 3409 1921 3461 et
1955 3394 2230 3481 Spiritus
2263 3398 2503 3475 Sancti,
2535 3393 2827 3462 benedic-

538 3490 717 3553 tione
746 3482 1189 3550 benedicendo
1219 3484 1624 3549 benedicens,
1723 3484 1964 3549 Omnes
1995 3497 2234 3562 autem,
2267 3484 2320 3548 si
2349 3485 2464 3571 qui
2491 3486 2660 3551 hanc
2691 3504 2828 3569 pro-

540 3574 857 3662 phanare,
903 3572 1001 3637 vel
1052 3570 1393 3657 quicquam
1439 3572 1614 3648 inde,
1665 3570 1782 3636 nisi
1820 3572 1986 3636 sorte
2037 3571 2100 3633 in
2133 3572 2360 3636 melius
2391 3585 2642 3637 mutare
2673 3591 2830 3657 prae·

539 3660 943 3745 sumpserint,
975 3682 1061 3723 ex
1091 3661 1474 3723 auctoritate
1505 3658 1805 3743 principis
1829 3658 2260 3744 apostolorum
2285 3673 2354 3723 et
2377 3658 2624 3726 domini
2646 3660 2828 3741 Papoe

540 3750 795 3839 praefati
848 3747 1171 3833 Gregorii,
1214 3770 1253 3811 a
1281 3761 1524 3810 sanctae
1553 3747 1888 3811 consorcio
1918 3746 2206 3811 ecclesiae
2235 3742 2830 3813 anathematizando

544 3854 882 3929 sequestro
909 3861 927 3914 ;
980 3849 1049 3901 et
1107 3834 1235 3899 Dei
1269 3833 1520 3919 judicio
1565 3833 1998 3919 perhennibus
2029 3856 2176 3897 cum
2209 3833 2470 3899 diabolo
2501 3848 2570 3900 et
2597 3830 2832 3917 angelis

545 3934 684 4033 ejus
723 3927 1079 4015 puniendos
1127 3922 1378 4009 ignibus
1412 3942 1685 3985 reservo.
1779 3921 1980 3986 Facta
2007 3935 2156 3985 suut
2179 3922 2319 3987 haec
2349 3922 2567 3989 omnia
2597 3922 2660 3986 in
2689 3940 2832 3984 con-

542 4019 688 4083 silio
721 4014 1023 4081 London.
1056 4032 1272 4075 coram
1302 4008 1569 4072 domino
1607 4006 1949 4074 willielmo
1986 4007 2192 4094 Rege,
2225 4032 2395 4075 anno
2438 4012 2524 4075 ab
2555 4008 2835 4075 incarna-

546 4107 731 4172 cione
780 4102 1047 4168 Domini
1096 4095 1433 4163 millesimo
1478 4096 1744 4179 lxxxij0.
1863 4096 2006 4161 Hiis
2052 4098 2339 4176 testibus,
2393 4096 2834 4163 Landefranco

545 4195 820 4280 primate
869 4190 1071 4254 tocius
1131 4184 1405 4272 Angliae,
1456 4182 1972 4249 Dorobernensis
2019 4184 2306 4249 ecclesiae
2343 4184 2832 4272 Archipraesule‚

545 4294 617 4345 et
672 4278 931 4343 Tboma
982 4270 1370 4341 Eboracensi
1404 4269 1927 4357 Archiepiscopo,
1975 4284 2042 4336 et
2094 4271 2328 4337 Odone
2371 4272 2567 4339 fratre
2626 4271 2834 4359 Regis,

552 4364 891 4435 Baiocensi
957 4363 1301 4446 Episcopo,
1357 4372 1421 4422 et
1484 4357 1784 4422 Goffrido
1843 4358 2168 4445 Episcopo
2225 4360 2726 4437 Constansiensss
2775 4370 2836 4422 et

558 4452 899 4521 willielmo
955 4444 1400 4517 Londonieusi
1461 4443 1801 4531 Episcopo,
1853 4461 1917 4510 et
1974 4445 2368 4513 walchelino
2407 4443 2834 4514 wintoniensi
