3000 5117
481 449 619 534 cxii
913 471 1118 527 Ηιετ.
1157 467 1519 524 nunntm.
1558 467 2024 530 sempronns
2052 469 2275 528 mussi.

480 638 671 705 dictis
701 638 938 702 nostris
969 630 1232 702 civitate
1285 647 1353 700 et
1384 629 1627 701 diocesi
1658 633 1743 698 de
1772 632 2281 722 quibuscumque
2313 631 2605 718 personis
2656 631 2821 696 fac-

484 742 696 793 tarum
745 727 1040 810 negocia,
1088 745 1164 788 ac
1220 724 1463 788 electos
1512 743 1953 809 quoscumque
2006 723 2073 786 in
2126 721 2335 786 forma
2368 720 2534 808 juris
2565 717 2825 785 debita

481 812 930 890 confirmandi,
985 825 1054 877 et
1105 824 1242 875 tam
1299 809 1382 876 de
1429 808 1802 875 criminibus
1856 825 1924 874 et
1969 809 2340 874 excessibus
2384 808 2820 873 subditorum

485 915 854 966 nostrorum
899 900 1276 964 clericorum
1328 911 1396 963 et
1441 897 1752 962 laicorum
1804 917 1999 996 quam
2045 895 2130 962 de
2171 897 2517 963 vacacione
2548 895 2826 962 benefi-

489 988 734 1054 ciorum
790 985 1225 1074 quorumlibet
1277 985 1561 1070 ipsarum
1614 982 1888 1049 civitatis
1937 997 2004 1050 et
2049 983 2402 1064 dioceseos,
2436 997 2503 1050 et
2556 986 2645 1050 de
2678 983 2821 1048 hiis

489 1097 641 1164 quae
669 1072 840 1138 circa
859 1095 938 1138 ca
987 1071 1342 1138 necessaria
1370 1072 1613 1138 fuerint
1657 1071 1759 1137 vel
1788 1085 2171 1158 opportuna,
2204 1071 2591 1160 inquirendi,
2626 1094 2825 1158 prae-

493 1161 1027 1247 sentacionesque
1055 1159 1136 1225 ad
1169 1159 1488 1224 beneficia
1513 1157 1881 1247 hujusmodi
1913 1157 2135 1237 factas,
2166 1173 2234 1225 et
2264 1172 2699 1246 praesentatos
2726 1157 2829 1224 ad

497 1248 726 1316 eadem
775 1243 1184 1326 admittendi,
1225 1265 1292 1312 et
1321 1245 1490 1331 ipsos
1520 1245 1896 1311 instituendi
1928 1247 1993 1309 in
2023 1246 2289 1326 eisdem,
2322 1269 2398 1312 ac
2425 1247 2827 1335 exequendi

496 1334 763 1401 ulterius
793 1335 973 1422 quod
1004 1329 1341 1412 incumbit,
1370 1332 1752 1419 corrigendi,
1784 1333 2202 1413 reformandi,
2225 1348 2295 1399 et
2323 1333 2665 1420 puniendi,
2692 1356 2833 1398 ex-

499 1445 736 1500 cessus,
771 1422 1056 1499 crimina,
1089 1434 1154 1486 et
1182 1419 1496 1498 defectus,
1520 1419 1740 1485 literas
1760 1419 2150 1487 dimissorias
2169 1422 2555 1488 sufficientes
2580 1421 2831 1488 titulos

500 1508 890 1578 habentibus
922 1508 989 1573 in
1020 1507 1227 1574 forma
1270 1507 1583 1573 canonica
1612 1507 2032 1587 concedendi,
2066 1507 2132 1572 in
2172 1509 2375 1574 causis
2416 1523 2485 1574 et
2515 1508 2831 1596 negociis

503 1595 972 1682 cognoscendis
1019 1595 1492 1697 pronunciandi
1541 1607 1611 1660 et
1660 1616 1783 1659 exe
1830 1593 2048 1671 uendi,
2105 1617 2179 1662 ac
2231 1594 2527 1675 faciendi,
2578 1609 2650 1660 et
2699 1613 2833 1660 ex·-

505 1682 814 1771 pediendi
865 1705 1082 1748 omma
1131 1695 1198 1747 et
1249 1683 1519 1768 singula,
1555 1705 1701 1769 quae
1754 1703 1793 1747 a
1888 1677 2164 1747 officium
2217 1685 2457 1749 Vicarii
2488 1681 2831 1770 generalis

509 1773 594 1838 de
644 1771 792 1855 jure
849 1782 1157 1856 poterunt
1210 1769 1698 1857 quomodolibet
1748 1769 2090 1856 pertinere,
2124 1771 2475 1837 collacione
2521 1770 2832 1836 omnium

509 1855 1002 1934 beneficiorum,
1035 1878 1184 1944 quae
1213 1857 1551 1924 occasione
1572 1856 1735 1941 juris
1764 1857 1966 1921 nostri
2004 1869 2381 1943 patronatus
2413 1883 2528 1925 seu
2559 1873 2830 1942 tempo-

511 1947 599 2012 ris
650 1946 865 2029 lapsus
904 1944 989 2010 ad
1041 1955 1326 2008 nostram
1373 1943 1791 2009 collacionem
1820 1943 2164 2029 pertinent,
2211 1961 2325 2011 aut
2369 1947 2434 2011 in
2481 1961 2831 2032 posterum

515 2033 952 2121 pertinebunt,
999 2030 1186 2096 nobis
1214 2031 1366 2116 ipsis
1411 2029 1700 2096 totaliter
1738 2043 2081 2110 reservata,
2114 2035 2295 2099 vobis
2324 2034 2725 2120 conjunctim
2757 2049 2831 2096 et

516 2119 771 2187 divisim
823 2117 1230 2182 concedimus
1281 2141 1358 2184 ac
1405 2119 1860 2196 transferimus,
1908 2117 1976 2183 in
2018 2141 2150 2198 vos,
2184 2135 2249 2186 et
2281 2136 2560 2186 vestrum
2594 2141 2831 2210 quem-

519 2208 682 2273 libet
703 2205 767 2269 in
798 2205 1098 2282 solidum,
1132 2219 1542 2290 potestatem,
1580 2205 1745 2270 vices
1776 2219 2043 2284 nostraS,
2077 2230 2224 2272 cum
2256 2223 2577 2295 potestate
2608 2209 2837 2292 cujus-

519 2295 680 2360 libet
731 2291 1130 2357 cohercionis
1175 2293 1500 2358 canonicae
1554 2293 1735 2358 vobis
1781 2291 1849 2356 in
1895 2292 2014 2356 hiis
2060 2307 2128 2360 et
2174 2319 2254 2360 ea
2302 2295 2839 2381 contingentibus

523 2379 920 2465 conjunctim
975 2391 1042 2444 et
1094 2377 1344 2444 divisim
1391 2393 1464 2445 ut
1512 2382 1930 2465 praemittitur
1958 2384 2455 2448 committentes.
2566 2383 2835 2447 Valete.

531 2468 711 2534 Data
746 2467 919 2552 apud
955 2465 1288 2546 Alverton‚
1319 2489 1484 2532 xxm
1518 2467 1623 2530 die
1661 2464 2068 2547 Novembris,
2103 2492 2274 2534 anno
2307 2469 2575 2534 Domini
2624 2469 2837 2535 mille·

527 2555 690 2622 simo
722 2561 918 2621 eccm
948 2554 1354 2624 duodecimo.
1455 2555 1543 2620 Et
1572 2555 1985 2642 pontificatus
2014 2557 2219 2621 nostri
2244 2557 2553 2626 secundo,

880 2949 1077 3002 xcut.
1129 2953 1384 2999 LITERA
1417 2953 1965 2999 FRATRRNITATIS
1996 2953 2055 3001 J.
2085 2954 2174 2998 DE
2206 2955 2503 3002 sumum.

1444 3069 1601 3140 [lug.
1626 3069 1708 3122 11.
1728 3069 1819 3121 roi.
1835 3069 1945 3135 ⁶31

642 3186 970 3256 Universis
1026 3185 1265 3253 Christi
1317 3185 1638 3264 fidelibus,
1692 3199 2041 3272 praesentes
2073 3187 2287 3254 literas
2318 3187 2721 3278 inspecturis,
2754 3195 2850 3262 G.

553 3277 743 3342 Prior
787 3273 1073 3340 ecclesiae
1107 3273 1558 3338 Dunelmensis
1589 3287 1655 3338 et
1684 3274 1973 3360 ejusdem
2001 3275 2127 3340 loci
2165 3276 2541 3344 Conventus
2569 3281 2853 3346 salutem

552 3363 620 3427 in
688 3364 976 3426 omnium
1023 3360 1378 3426 Salvatore.
1415 3359 1745 3426 Modestia
1802 3360 2129 3426 militantis
2176 3364 2489 3444 ecclesiae,
2538 3367 2852 3433 doctrinis

551 3449 801 3514 imbuta
827 3447 1230 3532 evangelicis,
1263 3445 1535 3511 inhaeret
1581 3445 1859 3534 vestigiis
1884 3449 2233 3516 Salvator-is
2264 3452 2537 3520 dicentis
2570 3465 2616 3496 “
2643 3457 2855 3540 petite

555 3547 624 3601 et
653 3534 996 3620 accipietis,
1029 3533 1280 3619 pulsate
1326 3545 1390 3597 et
1433 3534 1753 3618 aperietur
1796 3535 2037 3602 vobiS.'’
2136 3537 2268 3611 Qui
2298 3540 2450 3605 licet
2480 3565 2568 3607 ex
2599 3543 2859 3608 habun-

556 3620 787 3688 dancia
837 3621 1259 3707 promptuarii
1304 3619 1567 3706 pietatis
1618 3620 1915 3687 omnibus
1962 3647 2114 3689 eum
2143 3625 2378 3693 devote
2408 3628 2856 3696 invocantibus

555 3709 864 3799 propinat
915 3721 984 3773 et
1030 3707 1354 3773 distribuit
1401 3707 1758 3786 affluenter,
1791 3709 1967 3795 prius
2013 3723 2229 3778 tamen
2258 3737 2328 3780 se
2358 3716 2495 3802 peti
2521 3718 2857 3803 postulat3

558 3812 634 3865 ut
677 3797 768 3862 sic
813 3795 1122 3883 pulsantis
1152 3793 1527 3859 instanciam
1559 3799 1924 3862 remuneret
1954 3796 2233 3864 liberalis
2264 3803 2709 3870 munificentia
2734 3805 2861 3870 lar-

557 3883 806 3978 gitoris.
907 3883 994 3949 Et
1022 3881 1174 3972 quia
1196 3904 1418 3946 omnes
1453 3879 1693 3948 Christi
1723 3883 2002 3951 actiones
2032 3907 2251 3954 nostra
2281 3903 2381 3956 est
2410 3891 2777 3972 instructio,
2809 3895 2861 3958 si

562 3997 709 4041 vere
741 3971 1035 4057 discipuli
1066 3970 1202 4056 ejus
1233 3993 1369 4035 esse
1400 3968 1713 4050 volumuS,
1747 3983 1813 4036 et
1845 3975 2065 4039 matris
2091 3990 2325 4043 nostrae
2350 3979 2639 4046 ecclesiae
2668 3980 2861 4046 liberi

561 4061 900 4138 nominari,
933 4080 1169 4148 negare
1213 4080 1345 4122 non
1377 4079 1711 4142 possumus
1743 4059 1853 4124 ubi
1884 4084 2045 4147 opus
2074 4063 2318 4149 petitur
2345 4065 2653 4146 caritatis,
2688 4091 2859 4156 qnae,

565 4161 812 4237 quanto
872 4146 1162 4212 diffusius
1217 4143 1407 4210 fuerit
1459 4144 1823 4226 distributa,
1881 4161 2065 4215 tanto
2105 4149 2305 4216 lacius
2356 4155 2743 4220 extenditur
2800 4171 2863 4222 et

567 4248 864 4320 augetur.
963 4233 1162 4299 Unde
1218 4255 1443 4319 nuper,
1495 4233 1898 4333 supplicante
1950 4236 2136 4304 nobis
2180 4239 2382 4305 nobili
2424 4241 2561 4307 viro
2599 4243 2863 4310 domino

567 4323 868 4388 Johanne
923 4319 1005 4385 de
1067 4321 1400 4385 Warenna
1429 4335 1667 4385 com1te
1728 4321 1991 4411 Surrye,
2022 4324 2198 4412 quod
2232 4326 2249 4390 i
2296 4351 2441 4393 sum
2472 4327 2537 4394 in
2564 4329 2863 4398 fraternae

567 4407 939 4476 devocionis
968 4407 1366 4474 consorcium
1397 4405 1903 4492 admitteremus,
1938 4427 2003 4480 et
2031 4435 2235 4482 conce
2282 4437 2535 4484 eremus
2566 4417 2635 4486 in
2664 4423 2866 4487 omui-
