3000 5117
745 482 1200 534 cantamus
1237 482 1338 533 m:
1375 479 1931 533 convincunt.
2388 462 2479 531 31

347 956 518 1002 car.
579 956 784 1001 xxm.
873 955 1345 1001 innocnnrius
1405 956 1583 1001 nra
1642 955 1884 1001 nonan
1937 956 2057 1001 nm
2104 955 2311 1002 nnnc-

359 1044 638 1088 ·rxoxnu
699 1044 960 1088 micam
1013 1043 1567 1089 sannsmmnnsxs
1612 1022 1947 1111 [sus-rm]
1997 1044 2309 1089 cassavir

362 1132 459 1175 ET
535 1130 1114 1176 nosram-riona
1182 1130 1761 1182 evanueramus
1816 1130 1905 1176 nn
1980 1130 2313 1177 sonuum

361 1218 929 1262 non-ruwrcsnsi
985 1202 1264 1284 [nero]
1315 1217 1438 1262 sar
1484 1218 1622 1263 sm
1678 1216 1974 1263 uonruo
2022 1216 2313 1264 conrin-

1223 1304 1460 1353 uavlr.

935 1448 1084 1512 {MS-
1107 1447 1237 1517 Cap.
1257 1464 1432 1510 cxxx,
1453 1447 1490 1501 ε
1518 1450 1617 1509 179
1652 1450 1729 1516 b.l

273 1590 610 1655 Dominus
660 1590 842 1675 Papa
887 1587 1054 1656 adeo
1111 1590 1278 1679 Regi
1317 1588 1575 1675 Angliae
1617 1590 1682 1655 in
1726 1590 2021 1657 omnibus
2065 1588 2331 1675 agendis
2358 1590 2487 1655 suis

185 1678 537 1743 videbatur
595 1677 952 1756 inclinatus,
1015 1691 1089 1742 ut
1147 1700 1188 1742 a
1229 1677 1547 1765 plerisque
1602 1700 1643 1745 a
1694 1689 1867 1744 statu
1912 1700 2047 1743 suoe
2088 1676 2489 1743 rectitudinis

183 1766 518 1831 diceretur
575 1764 967 1829 immutatus.
1077 1763 1414 1843 Monachi,
1473 1766 1624 1830 lieet
1680 1766 2127 1851 postulassent,
2188 1763 2493 1831 electioni

183 1868 409 1917 tamen
443 1850 658 1916 animo
685 1873 940 1937 semper
981 1850 1434 1929 adlioerebant3
1477 1868 1547 1919 et
1576 1854 1901 1919 mittentes
1936 1852 2233 1931 Romam,
2266 1852 2493 1919 volun-

187 1955 398 2003 tatem
432 1938 846 2023 apostolicam
891 1939 1329 2005 consulebant.
1426 1940 1580 2017 Qui,
1614 1942 1875 2025 cognito
1920 1962 2136 2005 rerum
2164 1954 2486 2025 gestarum

187 2026 444 2104 ordine,
470 2026 746 2091 electum
771 2025 1062 2105 cassavit,
1095 2026 1613 2115 postulatumque
1658 2028 2107 2104 confirmavit3
2153 2027 2303 2095 licet
2330 2028 2491 2117 quid

185 2114 428 2177 clausis
462 2113 670 2179 oculis
697 2112 940 2179 faceret
970 2112 1320 2199 ignoraret.
1414 2114 1535 2179 His
1564 2137 1837 2202 namque
1868 2114 1958 2180 ita
1986 2137 2055 2179 se
2082 2113 2489 2193 habentibus,

183 2200 544 2265 defunctus
602 2213 700 2265 est
753 2200 1272 2288 Northwycensis
1325 2199 1696 2288 episcopum
1746 2220 1815 2267 et
1866 2202 2101 2267 eodem
2150 2201 2257 2267 die
2314 2202 2494 2288 Papa

183 2289 412 2352 vivum
444 2288 740 2364 cassavit,
773 2302 1100 2353 mortuum
1143 2289 1565 2357 confirmavit.
1688 2289 2011 2355 Dicebant
2041 2287 2299 2373 plurimi
2330 2288 2494 2355 divi-

187 2398 340 2439 nam
389 2378 458 2439 in
503 2375 605 2439 his
649 2374 904 2441 affuisse
933 2377 1258 2453 virtutem,
1292 2391 1361 2442 et
1387 2377 1701 2441 voluntati
1748 2376 2117 2442 successisse
2149 2377 2493 2441 monacho-

187 2486 359 2526 rum.
455 2462 620 2526 Erat
667 2464 841 2527 enim
889 2462 1042 2543 [eis]
1093 2464 1376 2541 odiosuS,
1409 2478 1474 2528 et
1508 2464 1894 2549 jampridem
1926 2484 2011 2529 ex
2058 2460 2257 2529 odore
2302 2464 2493 2529 famae

181 2564 555 2637 suspectus.

669 2961 824 3007 CAP.
875 2960 1057 3005 Xle.
1150 2961 1239 3006 m:
1273 2962 1669 3009 nnncrlolm
1700 2966 2047 3015 moneam.

983 3104 1132 3166 [ΜΒ.
1155 3106 1279 3173 Cap.
1304 3121 1505 3169 cxxxr,
1523 3106 1559 3157 f.
1588 3108 1727 3172 lau]

285 3245 546 3313 Audita
593 3242 788 3333 igitur
833 3245 978 3333 [de]
1028 3258 1232 3310 morte
1289 3244 1807 3335 Northwycensis
1852 3251 2153 3339 episcopi,
2208 3255 2501 3325 dominus

201 3334 380 3414 Rex,
415 3348 492 3397 ut
537 3354 708 3397 nova
756 3334 820 3397 in
869 3333 1167 3417 proximo
1195 3333 1413 3399 sutura
1439 3335 1675 3400 electio
1704 3339 1787 3402 ad
1820 3353 2037 3404 votum
2069 3341 2189 3406 sibi
2218 3346 2499 3426 caderet,

195 3422 630 3495 elaborabat3
677 3432 742 3485 et
790 3421 1098 3507 quasdam
1154 3444 1452 3506 personas
1495 3422 1752 3509 eligens,
1788 3430 2117 3493 monachis
2148 3431 2232 3496 ad
2259 3433 2503 3519 eligen-

195 3510 360 3574 dum
392 3507 821 3594 proponebat.
915 3507 1017 3572 llli
1061 3530 1214 3573 vero
1257 3509 1585 3574 electionis
1617 3512 1903 3579 ordinem
1936 3516 2003 3579 in
2034 3516 2131 3581 his
2162 3520 2502 3604 periclitari

191 3597 564 3683 prudenter
622 3595 1056 3672 advertentes,
1105 3609 1172 3660 et
1216 3618 1298 3660 ne
1345 3598 1502 3683 quid
1546 3598 1613 3661 in
1658 3623 1734 3665 ea
1776 3602 2025 3687 regium
2069 3621 2321 3691 saperet
2368 3630 2505 3674 ma-

193 3684 453 3747 chinari
482 3679 842 3757 studentes»,
875 3682 1208 3747 consilium
1239 3682 1554 3761 inierunt3
1600 3702 1667 3751 et
1698 3687 1925 3754 timore
1961 3690 2087 3757 Dei
2120 3694 2507 3761 unanimiter

194 3771 544 3836 dominum
587 3768 983 3853 Morganum
1017 3772 1428 3870 praepositum
1464 3772 2013 3857 Beverlacensem,
2050 3781 2308 3870 fratrem
2338 3784 2505 3868 ejus-

193 3859 356 3923 dem
411 3857 630 3941 Regis,
679 3858 826 3941 ipso
876 3856 1057 3940 Rege
1099 3874 1454 3942 ignorante,
1501 3872 1569 3925 et
1600 3862 1939 3933 observata
1966 3866 2029 3929 in
2060 3868 2359 3931 omnibus
2399 3870 2509 3931 eli-

191 3946 398 4031 gendi
430 3944 760 4022 libertate,
793 3942 1144 4029 elegerunt.
