3000 5117
495 406 628 481 ccii
999 424 1205 476 msr.
1246 422 1606 475 nUNELM.
1648 422 2116 473 scnlrronns
2154 422 2370 473 runs,

665 896 942 942 cmxxvi.
991 894 1406 939 Anxanum
1461 878 1583 937 v²¹²⁸
1634 894 1723 939 m:
1781 894 2011 939 mem
2066 891 2491 940 anuissmxs
2540 898 2619 941 m

664 983 1014 1029 suricum
1047 980 1306 1027 nonus
1337 982 1477 1027 rao
1511 980 1831 1026 onninus
1855 982 2238 1026 raornssis.
2271 984 2464 1027 Anno
2492 984 2619 1028 no-

662 1070 825 1115 mm
858 1050 934 1114 Μ’
967 1054 1108 1114 1111e
1141 1055 1287 1119 xm.
1337 1078 1342 1083 ·

1303 1209 1473 1275 [cm.
1497 1210 1616 1261 111.
1636 1208 1723 1261 foi.
1753 1211 1845 1269 171
1871 1210 1948 1273 a]

571 1354 943 1421 Alexander
979 1352 1355 1439 Episcopus,
1401 1370 1621 1415 servus
1666 1374 1990 1417 servorum
2042 1350 2191 1431 Dei,
2226 1353 2581 1419 venerabili
2611 1354 2795 1420 fratri

485 1436 763 1507 Thomoe
800 1441 857 1505 E
903 1441 1124 1526 iscopo
1147 1437 1597 1515 Dunelmensi‚
1632 1450 1698 1503 et
1727 1436 1975 1503 dilectis
2000 1438 2147 1502 filiis
2182 1439 2391 1505 Priori
2422 1463 2498 1505 ac
2533 1441 2794 1507 univer-

481 1527 566 1590 sis
626 1465 956 1592 monacliis
1013 1524 1301 1591 ecclesiae
1360 1524 1847 1603 DunelmensiS,
1879 1524 2119 1589 ordinis
2165 1526 2371 1591 sancti
2420 1528 2791 1607 Benedicti,

477 1612 1026 1697 impresentiarum
1078 1612 1525 1691 existentibus,
1582 1612 1857 1676 salutem
1904 1626 1973 1676 et
2024 1612 2438 1697 apostolicam
2482 1614 2794 1680 benedic-

479 1700 750 1763 cionem.
845 1698 1150 1764 Provenit
1209 1721 1297 1763 ex
1348 1711 1579 1763 vestroe
1638 1697 2004 1763 devocionis
2064 1699 2322 1778 affectu,
2373 1722 2505 1786 quo
2554 1722 2679 1765 nos
2726 1717 2792 1766 et

483 1782 849 1850 Romanam
907 1785 1240 1850 ecclesiam
1293 1784 1691 1862 reveremini,
1754 1800 1829 1850 ut
1884 1784 2237 1869 peticiones
2297 1801 2569 1867 vestras,
2651 1786 2792 1853 illas

473 1872 853 1956 praesertim,
915 1894 1064 1960 quae
1115 1872 1473 1936 animarum
1530 1886 1884 1937 vestrarum
1939 1871 2207 1936 salutem
2268 1869 2653 1957 respiciunt,
2707 1874 2795 1939 ad

475 1956 914 2023 exaudicionis
942 1957 1220 2047 graciam
1253 1957 1691 2023 admittamus.
1816 1958 1991 2023 Hinc
2022 1973 2141 2035 est,
2174 1958 2349 2045 quod
2381 1982 2522 2036 nos,
2556 1962 2795 2025 vestris

476 2044 1053 2131 supplicacionibus
1100 2044 1406 2121 inclinati,
1440 2057 1514 2108 ut
1560 2046 1904 2123 confessor,
1938 2068 2133 2133 quem
2176 2044 2445 2132 quilibet
2492 2061 2787 2111 vestrum

475 2130 737 2195 duxerit
781 2131 1168 2232 eligendum,
1215 2131 1505 2196 omnium
1550 2146 1961 2217 peccatorum
2008 2146 2385 2210 vestrorum,
2420 2132 2503 2196 de
2548 2132 2789 2219 quibus

471 2219 666 2282 corde
705 2218 961 2284 contriti
1004 2234 1075 2284 et
1119 2239 1232 2284 ore
1276 2218 1550 2283 confessi
1600 2218 1870 2295 fueritiS,
1904 2219 2099 2283 semel
2149 2232 2419 2295 tantum,
2456 2219 2521 2282 in
2562 2222 2787 2285 mortis

471 2306 767 2383 articulo,
815 2305 1072 2391 plenam
1099 2305 1552 2370 remissionem
1598 2304 1779 2370 vobis
1824 2305 1891 2368 in
1924 2304 2291 2370 sinceritate
2320 2305 2496 2383 fidei,
2532 2305 2789 2372 unitate

473 2404 709 2457 sanctae
747 2390 1057 2456 Romanae
1081 2390 1386 2469 ecclesiae,
1413 2414 1490 2457 ac
1520 2391 1903 2457 obediencia
1931 2405 1997 2455 et
2029 2391 2385 2455 devocione
2410 2406 2659 2471 nostra,
2684 2396 2785 2459 vel

473 2500 904 2542 successorum
952 2490 1339 2554 nostrorum,
1395 2477 1833 2542 Romanorum
1879 2477 2274 2561 pontificum,
2324 2479 2638 2543 canonice
2682 2480 2785 2545 in-

471 2564 802 2641 trantium,
830 2562 1336 2649 persistentibuS,
1356 2564 1743 2627 auctoritate
1774 2564 2123 2647 apostolica
2150 2564 2507 2633 concedere
2537 2566 2779 2645 valeat,

471 2649 802 2714 devotioni
852 2664 1083 2715 vestrae
1135 2663 1359 2714 tenore
1412 2651 1831 2734 praesentium
1884 2648 2326 2733 indulgemus:
2374 2652 2485 2729 sic,
2532 2665 2779 2731 tamen,

472 2734 647 2821 quod
692 2735 867 2800 idem
920 2736 1242 2801 confessor
1287 2736 1372 2801 de
1423 2733 1565 2812 hiis,
1600 2734 1682 2799 de
1712 2734 1943 2823 quibus
1972 2735 2167 2801 fuerit
2194 2736 2380 2801 alteri
2410 2737 2780 2804 satisfaccio

470 2821 920 2907 impendenda,
954 2846 1096 2887 eam
1132 2823 1308 2887 vobis
1340 2838 1476 2908 per·
1499 2844 1634 2899 vos,
1667 2821 1719 2885 si
1748 2821 2249 2907 supervixeritis,
2284 2824 2385 2888 vel
2428 2847 2546 2910 per
2590 2826 2778 2906 alios,

467 2910 520 2972 si
568 2922 720 2973 tunc
765 2908 932 2974 forte
978 2908 1370 2987 transieritiS,
1402 2908 1763 2973 faciendam
1811 2908 2126 2997 injungat,
2159 2931 2352 2997 quam
2384 2933 2497 2975 vos
2530 2913 2635 2977 vel
2684 2912 2779 2977 illi

464 2994 679 3061 facere
739 2995 1105 3075 teneamini,
1167 3009 1238 3060 ut
1298 2994 1659 3081 praefertur.
1784 2994 1872 3060 Et
1917 3018 2022 3074 ne,
2057 2998 2235 3084 quod
2278 2996 2467 3075 absit,
2500 3014 2781 3085 propter

465 3082 833 3168 hujusmodi
861 3083 1131 3169 gratiam
1161 3082 1520 3149 reddamini
1550 3081 1960 3167 procliviores
1982 3083 2067 3147 ad
2099 3082 2320 3148 illicita
2350 3084 2777 3169 imposterum

467 3170 947 3249 committenda,
973 3170 1288 3247 volumus,
1315 3168 1511 3257 quod,
1538 3168 1589 3233 si
1620 3191 1707 3234 ex
1724 3168 2117 3234 confidentia
2142 3170 2531 3234 remissionis
2550 3171 2781 3257 hujus-

466 3255 667 3335 modi,
714 3256 796 3321 ali
846 3280 928 3322 ua
970 3257 1138 3322 forte
1181 3256 1687 3333 committeretis,
1777 3256 1950 3321 uoad
1995 3255 2105 3321 illa
2133 3256 2445 3342 praedicta
2471 3259 2777 3325 remissio

469 3342 651 3407 vobis
709 3343 818 3406 nul
845 3356 1074 3409 atenus
1131 3344 1531 3429 suffragetur.
1643 3342 1753 3407 Nu
1780 3342 1823 3407 li
1884 3365 2045 3428 ergo
2102 3343 2369 3407 omnino
2428 3344 2776 3412 hominum

463 3430 656 3493 liceat
685 3428 850 3493 hanc
873 3430 1169 3515 paginam
1189 3444 1427 3498 nostrae
1455 3427 1884 3496 concessionis
1914 3446 1982 3495 et
2011 3430 2356 3495 voluntatis
2386 3428 2771 3517 infringere,

463 3516 564 3581 vel
596 3514 657 3580 ei
685 3537 843 3580 ausu
874 3516 1209 3581 temerario
1253 3518 1591 3585 contraire.
1692 3518 1761 3583 Si
1805 3516 1945 3603 quis
1974 3529 2191 3581 autem
2222 3516 2345 3581 hoc
2376 3532 2773 3604 attemptare

463 3602 960 3691 praesumpserit,
1019 3602 1530 3692 indignationem
1590 3602 2046 3689 omnipotentis
2096 3602 2246 3681 Dei,
2303 3615 2371 3667 et
2420 3604 2769 3671 beatorum

467 3688 648 3756 Petri
679 3704 747 3754 et
781 3688 982 3769 Pauli,
1013 3689 1450 3776 apostolorum
1490 3691 1651 3775 ejuS,
1686 3713 1755 3753 se
1786 3688 2034 3754 noverit
2064 3688 2489 3755 incursurum.
2582 3692 2773 3761 Data

463 3778 648 3859 Pisis,
685 3800 771 3843 xv
800 3777 1107 3845 kalendas
1141 3777 1438 3863 Augusti,
1470 3775 1887 3864 pontificatus
1918 3774 2118 3843 nostri
2148 3800 2318 3842 anno
2347 3775 2583 3861 primo.
