3000 5117
691 496 702 505 ·
785 504 1198 557 areanum.
1254 504 1437 555 Anu.
1477 498 1857 555 Mcccxm:
1982 518 1989 523 ·
2281 486 2486 559 clxvii

209 670 562 740 sanctissimi
615 669 678 733 in
737 667 1002 735 Christo
1049 668 1245 753 patris
1276 680 1342 731 et
1372 664 1615 731 domini
1662 668 1863 733 nostri
1895 667 2139 733 domini
2168 668 2487 735 Bonisacii

207 763 404 827 divina
430 756 838 847 providencia
863 756 1062 841 Papae
1081 756 1234 820 noni
1266 776 1437 819 anno
1468 756 1779 832 secundo,
1814 756 2051 821 mensis
2090 755 2486 843 Septembris

207 852 300 915 die
329 870 477 927 xm,
511 847 576 910 in
603 846 826 909 Domo
857 842 1216 945 capitulari
1247 841 1555 907 Ecclesiae
1568 842 1975 908 cathedralis
2008 844 2485 924 Dunelmensis‚

210 938 266 1001 in
311 935 432 1000 mei
475 934 708 999 notarii
739 931 996 1017 publici,
1029 943 1096 996 et
1127 929 1382 994 testium
1418 929 1923 1014 subscriptorum
1954 934 2309 1018 praesencia
2338 954 2487 1018 per-

206 1026 484 1089 sonaliter
534 1018 866 1087 constituti
907 1017 1192 1103 religiosi
1241 1015 1361 1081 viri
1399 1017 1744 1083 Uthredus
1775 1018 1859 1082 de
1896 1019 2137 1084 Bolton
2169 1018 2231 1087 J.
2267 1021 2351 1085 de
2386 1022 2483 1085 H.

205 1126 266 1176 et
299 1112 373 1181 R.
399 1110 480 1175 de
513 1110 591 1174 L.
617 1105 910 1172 monachi
942 1104 1206 1191 professi
1231 1118 1298 1169 et
1315 1106 1699 1170 sacerdotes
1738 1104 2041 1171 Ecclesiae
2076 1107 2483 1173 cathedralis

208 1197 530 1264 antedictae
571 1196 642 1261 in
671 1195 864 1259 dicta
896 1194 1116 1257 Domo
1148 1192 1506 1277 Capitulari
1552 1206 1919 1278 pra-senteS,
1952 1194 2485 1279 conmromissarii

204 1287 278 1351 ad
309 1284 704 1351 tractandum
733 1282 818 1347 de
848 1302 1120 1366 persona
1146 1280 1407 1366 ydonea
1449 1279 1516 1343 in
1574 1279 1861 1344 Priorem
1900 1280 2205 1347 Ecclesiae
2242 1282 2483 1348 Cathe-

203 1372 376 1439 dralis
423 1371 770 1437 antedictae
818 1368 1138 1453 eligenda,
1171 1381 1238 1432 et
1281 1368 1825 1433 consenciendum
1856 1368 1921 1431 in
1954 1370 2248 1445 eandem,
2285 1371 2483 1434 vices-

203 1482 312 1548 que
348 1482 486 1525 suas
535 1461 649 1524 uni
697 1458 782 1523 de
831 1456 1072 1521 eisdem
1121 1468 1269 1541 post
1295 1476 1671 1519 consensum
1705 1455 2057 1521 eorundem
2090 1458 2190 1522 vel
2220 1457 2481 1542 majoris

201 1549 379 1634 partis
409 1550 690 1633 ipsorum
720 1542 1414 1629 compromissa-iorum
1444 1543 1531 1607 >ad
1554 1542 1911 1631 eligendam
1945 1542 2307 1631 hujusmodi
2340 1568 2485 1630 per-

201 1658 402 1700 sonam
443 1635 518 1699 in
573 1634 859 1699 Priorem
913 1631 1106 1697 dietae
1161 1630 1470 1715 Ecclesiae
1512 1644 1582 1693 et
1620 1630 2103 1717 ,providendum
2137 1631 2345 1696 eidem
2394 1634 2477 1697 de

201 1724 410 1787 eodem
440 1723 724 1808 ipsorum
771 1719 908 1785 vice
929 1733 1015 1784 -et
1057 1718 1364 1783 mandato
1393 1717 1925 1783 committendum
1958 1740 2075 1805 per
2110 1718 2482 1805 Capitulum

193 1811 713 1887 etConventum‚
755 1830 839 1873 ac
885 1805 1395 1872 commonachos
1443 1828 1597 1869 suos
1644 1805 1929 1870 ecclesiae
1982 1798 2345 1885 antedictae,
2394 1831 2481 1873 ex

199 1920 492 1963 consensu
537 1894 828 1961 omnium
875 1890 960 1959 et'
983 1892 1378 1977 singulorum
1411 1916 1601 1957 voces
1636 1892 1711 1956 in
1752 1892 2121 1978 hujusmodi
2153 1894 2481 1959 eleccione

203 1985 590 2064 habentium,
639 1983 748 2071 qui
795 1982 1158 2058 voluerunt,
1191 1980 1577 2056 debuerunt,
1610 1994 1679 2045 et
1716 1980 2479 2066 potuerunt-hujusmodi

203 2073 484 2137 eleccioni
507 2070 850 2137 commode
876 2072 1200 2146 interesse,
1215 2068 1335 2132 sub
1358 2081 1537 2133 certa
1552 2067 1761 2132 forma
1788 2068 2147 2152 specialiter
2164 2070 2479 2155 deputati,

201 2176 374 2244 prout
423 2160 484 2224 iu
534 2159 920 2249 quibusdam
974 2155 1170 2219 literis
1215 2176 1328 2241 per
1359 2154 1601 2219 dictum
1640 2156 2011 2241 Capitulum
2046 2156 2107 2218 in
2140 2156 2259 2221 hac
2290 2174 2475 2242 parte

203 2246 384 2325 factis,
436 2246 650 2333 sigillo
695 2245 1024 2311 communi
1081 2242 1388 2307 Ecclesioe
1440 2243 1785 2307 antedictoe
1834 2242 2141 2327 sigillatis,
2192 2248 2479 2333 meisque.

199 2335 362 2419 signo
390 2350 456 2400 et
485 2333 964 2419 subscripcione
993 2330 1282 2419 signatis,
1317 2330 1567 2431 plenius
1599 2330 1980 2410 continetur,
2016 2334 2293 2415 ipsarum
2328 2356 2480 2397 aiic-

201 2422 458 2501 toritate,
493 2424 560 2487 in
593 2419 956 2508 hujusmodi
1003 2420 1276 2507 negocio
1322 2432 1488 2481 mter
1516 2440 1585 2483 se
1616 2431 1963 2482 tractantes
1994 2419 2079 2482 de
2110 2418 2479 2505 hujusmodi

201 2531 455 2593 persona
505 2510 810 2598 eligenda
851 2507 914 2571 in
967 2506 1256 2571 Priorem
1295 2505 1583 2570 ecclesiae
1610 2505 1978 2584 antedictae,
2012 2500 2479 2593 post'diversos

201 2611 488 2664 tractatus
541 2598 630 2663 de
682 2612 750 2662 et
801 2616 991 2681 super
1037 2592 1301 2659 diversis
1331 2593 1645 2679 personia,
1680 2594 1957 2658 utilitate
1988 2607 2053 2658 et
2104 2594 2479 2660 necessitate

200 2684 372 2750 dictae
422 2684 714 2752 ecclesiae
765 2681 1225 2749 Dunelmensis
1277 2680 1585 2767 pensatis,
1648 2702 1723 2745 ac
1772 2680 2015 2745 meritis
2062 2702 2480 2767 personarum

201 2772 540 2857 hujusmodi
577 2774 817 2851 debite,
835 2786 914 2835 ut
944 2769 1267 2846 dixerunt,
1301 2767 1668 2853 ponderatis
1700 2790 1814 2853 per
1842 2769 2127 2847 eosdem,
2164 2770 2279 2853 ipsi
2304 2794 2480 2834 com-

201 2863 592 2945 promissarii»,
644 2861 916 2947 praefato
969 2856 1231 2920 domino
1259 2854 1561 2920 Johanne
1592 2854 1673 2920 de
1717 2856 2313 2942 Hemmyngburgh,
2350 2882 2481 2921 uno

200 2948 274 3011 de
302 2950 534 3014 eisdem
571 2944 1134 3034 compromissariis
1163 2943 1496 3007 -duntaxat
1526 2956 1826 3027 excepto,
1860 2943 1925 3006 in
1967 2945 2242 3008 eundem
2276 2944 2484 3009 domi-

199 3058 336 3099 num
364 3036 727 3102 Johannem
774 3036 858 3100 de
899 3030 1493 3181 Hemmyng'burgl
1528 3030 1665 3093 vice
1710 3041 1775 3093 et
1804 3030 2212 3107 auctoritate,
2246 3031 2479 3117 quibus

197 3144 390 3207 supra,
417 3126 480 3187 in
523 3124 811 3189 Priorem
843 3122 1034 3187 dictae
1067 3118 1378 3183 Ecclesiae
1485 3116 1867 3181 unelmensis
1912 3118 2297 3182 unanimiter
2326 3142 2483 3183 con-

197 3214 536 3291 senserunt,
562 3225 630 3276 et
667 3210 973 3275 Ecclesioe
993 3206 1334 3294 proedictae
1364 3204 1784 3291 providerunt
1808 3205 1890 3269 ‹le
1912 3206 2161 3273 eodem.
2217 3206 2477 3295 Ipsique

201 3299 716 3383 compromissarii
748 3319 969 3363 omnes
1015 3306 1080 3360 et
1126 3293 1376 3379 singuli,
1409 3292 1691 3377 proel'atis
1737 3292 2041 3377 magistro
2076 3292 2381 3359 ‚Uthredo
2411 3312 2480 3362 et

193 3384 442 3452 domino
494 3388 794 3453 Johanne
837 3384 924 3450 de
984 3380 1523 3467 Hemmyngburg
1554 3381 1873 3444 duntaxat
1892 3381 2214 3467 exceptis,
2250 3382 2331 3446 ad
2365 3382 2481 3446 eli-

201 3474 462 3555 gendum
519 3474 798 3557 eundem
851 3471 1182 3537 dominum
1215 3470 1599 3535 'Johannem
1647 3468 1731 3532 de
1776 3468 2482 3558 'Hemmyngburghin

207 3558 478 3627 Priorem
533 3562 828 3627 ecclesiae
874 3558 1218 3625 antedictoe
1265 3557 1328 3620 in
1384 3555 1882 3622 communi·1iice
1928 3578 2044 3621 sua
2088 3580 2163 3620 ac
2194 3560 2481 3623 omnium

195 3650 882 3735 compromissarimum
951 3646 1407 3733 praedictorum
1483 3643 1897 3730 omniumque
1956 3658 2025 3707 et
2083 3644 2480 3729 singulorum

201 3755 372 3801 voces
401 3737 478 3801 in
525 3736 892 3825 hujusmodi
939 3734 1266 3800 eleccione
1321 3729 1717 3806 habencium,
1754 3745 1823 3795 ut
1877 3730 2229 3817 prae‘fertur,
2265 3734 2479 3797 eidem

197 3824 470 3889 ecclesiae
519 3825 984 3910 providendum
1041 3821 1123 3886 de
1175 3819 1404 3884 eodem
1459 3840 1535 3881 ac
1577 3816 1945 3903 ‘hujusmodi
1980 3819 2365 3882 eleccionem
2414 3834 2481 3892 et

197 3912 615 3993 provisionem
643 3936 796 3977 mox
815 3908 1234 3999 publicandas
1257 3906 1530 3993 praefato
1563 3906 1867 3989 magistro
1896 3904 2193 3970 Uthredo
2217 3904 2299 3967 de
2329 3906 2482 3969 Bol-

197 4011 298 4062 ton
345 4002 552 4085 palam
603 4015 669 4065 et
723 4000 981 4085 publice
1034 3996 1486 4061 commiserunt
1543 3992 1711 4055 vices
1764 4014 1929 4055 suas·
2028 3990 2157 4064 Qui
2218 3992 2479 4077 quidem

196 4087 478 4175 magister
510 4088 1080 4172 Utbredus‚juxta
1107 4096 1492 4169 potestatem
1525 4079 1641 4142 sibi
1674 4080 1756 4143 ab
1787 4078 2021 4142 eisdem
2056 4076 2117 4139 in
2150 4076 2267 4142 hac
2296 4097 2477 4163 parte

195 4172 410 4239 factam
462 4191 533 4240 et
579 4198 962 4249 concessam,
995 4171 1333 4258 proefatum
1382 4167 1713 4232 (lominum
1756 4165 2116 4229 Johannem
2148 4166 2229 4229 de
2272 4166 2477 4230 Hem-

195 4262 589 4349 myngburgh
621 4264 686 4327 in
727 4264 1011 4327 Priorem
1049 4258 1352 4325 Ecclesioe
1387 4253 1795 4321 Cathedralis
1828 4252 2281 4319 Dunelmensis
2313 4276 2480 4338 prae-

195 4344 369 4414 dictae
399 4372 618 4415 coram
656 4351 1069 4436 Suppriorem
1096 4344 1400 4432 Capitulo
1431 4356 1498 4407 et
1526 4340 2000 4405 commonachis
2030 4362 2107 4405 ac
2137 4341 2274 4405 aliis
2304 4364 2480 4431 com-

197 4438 602 4517 promissariis
652 4438 786 4503 siiis
838 4436 1164 4523 praedictis
1218 4432 1641 4516 omnibusque
1707 4426 1869 4505 aliis,
1933 4427 2041 4514 qui
2093 4429 2477 4505 debuerunt,

183 4524 538 4605 voluerunt,
571 4541 637 4592 et
665 4538 1016 4612 potuerunt
1034 4520 1380 4610 hujusmod
1420 4516 1738 4583 'rieccioni
1763 4517 2099 4583 commode
2146 4518 2476 4595 interesse,
