3000 5117
771 515 1176 574 sonemus
1233 517 1334 574 m:
1389 515 1901 574 snAYs'rANss.
2374 497 2469 568 51·

70 677 102 774 [
153 678 298 743 ricis
323 681 486 758 suis,
513 681 578 745 in
603 703 861 747 camera
877 705 1014 758 sua,
1041 683 1128 748 sic
1153 681 1244 748 ait
1265 707 1283 760 ;
1312 691 1358 726 ‘⁶
1378 683 1575 761 Quod
1599 705 1725 770 ego
1744 685 2021 748 venirem
2050 681 2469 759 Dunelmam,

149 783 426 852 propter
481 769 946 855 professionem
981 785 1253 836 vestram
1285 793 1500 835 coram
1532 793 1637 834 me
1670 771 2078 848 recitandam,
2102 771 2295 855 juxta
2340 768 2470 831 for·

150 875 322 918 mam
377 855 604 921 nescio
650 879 844 944 quam
886 857 1026 922 heri
1071 857 1329 936 factam,
1375 880 1494 923 nec
1527 859 1634 923 ubi
1682 859 2081 924 observatam
2114 879 2241 921 non
2276 855 2465 919 video

151 942 507 1007 rationem.·
597 943 696 1008 Ut
747 942 902 1032 quid
950 944 1120 1009 enim
1165 960 1403 1009 starem
1451 947 1533 1010 ad
1584 945 1803 1022 altare,
1835 959 2081 1031 partem
2114 941 2304 1009 officii
2338 941 2463 1006 mei

151 1029 483 1108 faciendo,
535 1045 602 1095 et
631 1045 878 1116 partem
909 1030 1294 1110 omittendO,
1328 1031 1561 1097 derisio
1592 1048 1757 1097 esset
1789 1033 1979 1096 mihi:
2028 1032 2141 1096 sed
2171 1031 2223 1094 si
2254 1029 2469 1093 velitis

151 1115 390 1194 facere,
417 1131 624 1202 prout
641 1117 1005 1183 continetur
1021 1119 1083 1182 in
1101 1118 1623 1198 benedictionali,
1651 1119 1873 1183 dicatis
1894 1118 2073 1195 mihi3
2093 1120 2187 1182 sin
2214 1133 2455 1194 autem,

149 1224 280 1264 non
335 1226 582 1288 ponam
631 1204 718 1267 ibi
773 1205 1025 1288 pedem,
1104 1209 1211 1270 uia
1240 1207 1444 1271 forma
1474 1208 1651 1272 nulla
1683 1223 1799 1281 est,
1834 1221 1901 1270 et
1931 1221 2159 1272 contra
2186 1205 2459 1269 formam

153 1289 532 1354 universalis
597 1292 950 1360 ecclesiae.'’
1058 1228 1637 1378 fficspondentibus
1697 1294 1964 1371 nunciis,
2026 1292 2201 1380 quod
2262 1291 2459 1356 nichil

154 1377 426 1442 alterius
487 1378 818 1443 audebant
872 1379 1269 1464 promittere,
1330 1403 1521 1468 quam
1584 1383 1677 1445 eis
1735 1397 1877 1445 erat
1935 1381 2314 1466 injunctum,
2376 1401 2459 1443 ea

149 1465 368 1542 etiam,
419 1489 574 1552 quae
627 1465 759 1550 ipse
807 1467 1102 1551 postulat,
1155 1491 1286 1532 non
1315 1482 1496 1532 erant
1528 1467 1611 1532 de
1640 1469 1996 1533 substantia
2026 1467 2459 1551 professionis,

149 1553 262 1616 sed
309 1554 530 1616 solum
582 1559 914 1640 solempne
963 1569 1202 1632 votum,
1252 1555 1432 1642 quod
1477 1576 1693 1620 coram
1738 1554 1960 1619 Priore
1989 1556 2352 1630 emiserant,
2384 1571 2455 1618 et

149 1661 371 1703 coram
425 1663 514 1704 eo
563 1643 796 1706 iterare
853 1645 1058 1726 parati
1117 1657 1306 1707 erant
1327 1664 1356 1717 3-
1414 1651 1462 1684 ‘⁶
1479 1663 1697 1706 verum
1758 1643 1919 1719 est,”
1968 1641 2197 1728 inquit,
2246 1652 2293 1683 ⁸⁶
2318 1663 2453 1706 non

149 1739 246 1791 est
273 1727 362 1791 de
393 1727 780 1805 substantia,
811 1728 925 1792 sed
957 1728 1040 1793 de
1071 1729 1232 1794 bene
1263 1751 1424 1806 esse,
1455 1744 1520 1794 et
1554 1730 1885 1793 honestate
1906 1728 2311 1814 professionis
2332 1751 2353 1804 3-
2381 1743 2453 1793 et

148 1815 321 1898 quod
349 1837 484 1898 ego
507 1815 871 1879 omitterem
895 1838 993 1892 ea,
1019 1837 1165 1903 quae
1187 1829 1335 1880 sunt
1361 1816 1731 1894 honestatis,
1755 1817 2032 1882 maxime
2051 1815 2111 1878 in
2134 1815 2273 1893 hiis,
2300 1837 2449 1902 quoe

145 1901 228 1963 ad
271 1902 566 1966 officium
610 1924 822 1967 meum
871 1904 1218 1988 pertinent,
1253 1926 1378 1968 non
1425 1904 1705 1978 deceret,
1736 1925 1855 1968 nec
1886 1903 2137 1971 faciam.
2231 1903 2457 1968 Testis

147 2006 244 2053 est
285 1989 450 2052 mihi
487 1989 691 2067 Deus,
733 1990 910 2076 quod
941 2011 1070 2055 non
1101 1990 1296 2078 exigo
1325 1990 1448 2054 hoc
1479 1991 1597 2054 nisi
1632 2006 1895 2076 propter
1923 1993 2265 2076 puritatem
2296 2012 2451 2055 con-

144 2075 444 2141 scientioe
497 2090 726 2140 vestrae
773 2091 842 2142 et
889 2099 1072 2156 meae,
1125 2091 1197 2142 ut
1241 2077 1432 2142 etiam
1477 2077 1649 2143 scitis
1692 2078 1935 2142 habiles
1962 2092 2031 2142 et
2107 2077 2279 2142 nales
2308 2099 2447 2142 esse

144 2161 424 2228 debetis.
527 2163 838 2229 Redeatis
879 2187 1062 2248 ergo,
1113 2179 1178 2229 et
1216 2187 1342 2249 ego
1394 2165 1645 2230 mittam
1685 2165 2009 2230 vobiscum
2078 2181 2317 2230 ratrem
2354 2165 2442 2232 R.

143 2249 222 2312 de
281 2249 596 2328 Barnebi,
649 2251 1036 2316 confratrem
1085 2265 1364 2317 vestrum
1393 2274 1420 2328 ’μ
1465 2274 1579 2338 per
1630 2251 1833 2337 ipsum
1874 2253 2261 2318 remandetis
2287 2252 2444 2316 mihi

143 2336 558 2402 voluntatem
589 2339 964 2404 Conventus
989 2363 1010 2403 :-
1049 2339 1381 2404 benessio
1409 2341 1585 2426 quod
1616 2338 1913 2424 snperbia
1935 2339 2263 2404 seniorum
2292 2339 2447 2404 facit

141 2437 382 2488 totum.
485 2426 770 2490 Juvenes
821 2425 988 2491 enim
1040 2425 1286 2492 faciunt
1328 2426 1633 2514 quicqu-id
1682 2429 1773 2492 eis
1824 2426 2019 2492 fuerit
2062 2427 2447 2528 injunctum,

137 2511 256 2576 sed
285 2511 584 2578 seniores
601 2535 732 2576 non
765 2514 1167 2598 permittunt.
1259 2515 1373 2578 Isti
1404 2529 1554 2579 sunt
1581 2514 1819 2578 similes
1848 2517 2253 2600 magnatibus
2282 2513 2445 2578 mul-

142 2601 244 2676 tis,
313 2601 458 2686 qui,
517 2623 666 2664 cum
713 2613 979 2686 propter
1029 2601 1284 2687 culpam
1340 2623 1521 2665 snam
1580 2603 2145 2681 excommunicati,
2198 2601 2441 2667 debent

141 2686 448 2750 ecclesiae·
491 2687 876 2766 satisfacere,
927 2701 1274 2775 antequam
1327 2687 1757 2767 absolvantur,
1792 2690 2017 2755 volunt
2056 2689 2233 2778 quod
2260 2688 2449 2756 satis-e

141 2773 348 2838 factio
400 2775 892 2859 praeordinetur,
945 2775 1295 2840 secundum
1353 2775 1749 2840 voluntatem
1809 2799 2051 2856 eorum,
2102 2793 2170 2844 et
2216 2777 2441 2841 volunt

140 2876 320 2926 stare
361 2861 620 2947 j-udicio
666 2862 974 2928 ecclesiae.
1089 2863 1320 2942 Immo,
1370 2863 1420 2926 si
1476 2863 1632 2951 quid
1680 2863 1770 2928 eis
1828 2863 2188 2949 injunctum
2248 2865 2442 2930 fuerit

141 2962 376 3014 contra
430 2950 846 3028 volantatem,
896 2950 1120 3016 dicunt
1166 2973 1236 3015 se
1282 2951 1473 3016 malle
1524 2951 2110 3016 excommunicatos
2152 2973 2447 3030 manere,

139 3057 338 3121 quam
391 3037 526 3102 tale
571 3037 727 3124 quid
773 3039 1003 3103 facere.
1101 3039 1188 3102 Et
1239 3038 1362 3103 hoc
1413 3039 1655 3103 habent
1682 3060 1723 3102 a
1750 3037 2034 3116 diabolo,
2064 3039 2216 3126 quia
2243 3039 2441 3103 homo

138 3123 532 3190 christianus
584 3125 783 3190 debet
823 3149 1073 3211 semper
1119 3125 1284 3190 velle
1329 3126 1507 3212 quod
1557 3125 1743 3190 Deus
1786 3125 1945 3204 vult,
1992 3138 2061 3190 et
2114 3125 2318 3190 honor
2346 3137 2445 3190 est

137 3210 498 3277 christiano
541 3213 888 3278 secuudum
933 3228 1174 3280 statuta
1207 3213 1494 3278 ecciesiae
1526 3213 1755 3290 vivere,
1786 3226 1853 3277 et
1880 3212 2449 3279 excommunicato

139 3313 312 3362 esset
339 3299 558 3364 honor
577 3322 794 3366 coram
829 3315 966 3366 toto
991 3301 1236 3366 mundo
1259 3300 1470 3366 faeere
1538 3301 1665 3365 uod
1686 3299 1952 3366 ecclesia
1978 3301 2445 3365 rationabiiiter

136 3387 440 3471 praecipit
492 3387 592 3452 vel
637 3388 961 3474 requirit.’'
1051 3388 1159 3454 Ad
1207 3389 1348 3453 haec
1391 3324 1654 3476 quidam
1698 3387 1783 3452 de
1832 3387 2099 3468 clericiS,
2150 3397 2195 3431 ‘⁶
2218 3389 2443 3466 Certe,

137 3474 430 3552 domine,
473 3497 588 3538 vos
634 3475 882 3540 debetis
930 3475 1180 3541 deferre
1209 3475 1624 3542 senioribus.”
1720 3475 1807 3541 Et
1836 3477 1989 3562 ipse,
2022 3477 2202 3564 quasi
2232 3477 2442 3561 indig-

135 3575 400 3640 nanter,
450 3572 496 3604 “
522 3562 610 3626 Et
658 3585 784 3647 ego
832 3562 1213 3648 dispensabo
1256 3585 1400 3628 cum
1446 3561 1822 3642 senioribuS,
1873 3577 1939 3630 et
1980 3564 2123 3629 aliis
2152 3563 2235 3630 de
2269 3565 2445 3630 Con·

135 3663 364 3728 ventu,
401 3662 472 3714 ut
501 3649 622 3735 ipsi
651 3649 905 3714 veniant
931 3651 994 3712 in
1015 3650 1261 3729 habitu,
1287 3651 1398 3716 sed
1423 3649 1533 3729 iili,
1559 3650 1715 3715 mihi
1740 3651 1849 3738 qui
1868 3666 2019 3716 sunt
2038 3651 2103 3715 in
2126 3653 2439 3730 custodia,

133 3735 388 3801 faciunt
434 3750 510 3801 ut
553 3748 654 3802 est
705 3737 1011 3805 dictum.’'
1127 3739 1216 3802 Et
1258 3737 1472 3803 clerici
1516 3737 1995 3804 acclamabant:
2045 3739 2441 3805 “Satisfacit

131 3822 436 3888 dominus
485 3847 610 3909 pro
661 3826 1066 3890 Conventu.”
1164 3825 1402 3890 Nuncii
1455 3846 1607 3891 vero
1636 3826 2115 3912 respondentes,
2146 3849 2215 3891 se
2242 3825 2439 3892 nichil

131 3910 406 3978 ulterius
433 3935 626 3999 posse
657 3912 888 3990 facere,
916 3927 1334 3992 recesserunt,
1359 3926 1424 3978 et
1449 3913 1742 3979 dominus
1770 3915 1860 3978 R«
1878 3913 1962 3979 de
1992 3915 2267 3980 Barnebi
2288 3937 2435 3980 cum

130 4018 246 4060 ets.

1235 4523 1280 4566 n
1311 4509 1356 4566 2·
