3000 5117
681 499 1092 551 Arrsumx.
1151 495 1332 550 Anu.
1372 457 1832 550 mccxxxun.
2224 473 2430 548 lxxiii

237 665 386 731 Item
417 684 560 729 cum
597 661 950 747 Episcopus
985 660 1436 725 Dunelmensis
1469 660 1705 725 habeat
1734 672 1945 724 castra
1972 657 2335 737 fortissima,
2359 672 2427 724 et

167 751 544 828 municiones,
596 749 661 812 in
713 749 998 814 confinio
1053 748 1306 832 Anglioe
1357 761 1424 812 et
1477 748 1737 826 Scotiae,
1771 759 1919 812 cum
1961 769 2146 834 reges
2185 745 2425 812 Scotiae

165 861 378 924 semper
425 849 892 903 consueverunt
943 835 1199 920 regibus
1252 833 1506 919 Angliae
1554 833 1893 912 adversari,
1926 847 1994 898 et
2045 856 2202 918 gens
2249 834 2431 919 genti

167 927 422 991 similiter
448 925 642 990 fuerit
671 923 949 1000 inimica,
983 923 1410 1009 periculosum
1441 936 1611 986 esset
1648 922 1817 1010 Regi
1846 935 1913 986 et
1944 944 2147 1006 regno
2179 938 2249 988 ut
2279 945 2429 988 suus

167 1013 422 1078 inimicus
453 1028 518 1076 et
547 1011 790 1078 amicus
829 1010 1022 1095 Regis
1055 1011 1294 1077 Scotioe
1325 1011 1767 1096 praa-ficeretur
1810 1009 2055 1074 ibidem
2079 1033 2100 1085 3
2146 1011 2429 1076 maxime

167 1123 286 1164 cum
305 1123 616 1164 summum
647 1099 886 1163 debeat
907 1120 1042 1162 esse
1067 1097 1465 1184 propositum
1489 1096 1685 1182 Regis
1716 1097 1858 1182 paci
1888 1112 1955 1164 et
1985 1098 2434 1186 tranquillitati

167 1188 490 1273 prospicere
519 1187 975 1272 subjectorum.

240 1276 386 1340 Item
414 1275 772 1360 periculum
805 1288 972 1337 esset
1005 1271 1174 1356 Regi
1209 1284 1276 1335 et
1306 1292 1527 1356 regn0,
1561 1269 1615 1333 si
1643 1269 1811 1337 idem
1845 1273 2285 1357 praeficeretur
2314 1275 2437 1339 ibi-

167 1362 308 1441 dem,
340 1361 618 1427 maxime
649 1361 804 1448 quia
821 1360 1088 1425 haberet
1129 1373 1330 1423 terras
1360 1381 1507 1423 suas
1538 1358 1691 1422 sitas
1722 1359 1786 1424 in
1816 1359 2169 1440 maritimis,
2203 1379 2269 1427 et
2290 1385 2437 1448 pos-

168 1464 246 1514 aet
269 1471 380 1534 pro
406 1450 742 1515 voluntate
773 1449 907 1525 sus,
941 1461 1010 1513 et
1043 1447 1226 1532 Rege
1248 1447 1473 1524 invito,
1506 1445 1785 1511 Francos
1817 1460 1882 1511 et
1914 1447 1966 1511 F
1966 1447 2337 1516 landrenses
2367 1463 2433 1516 et

169 1537 298 1602 alios
329 1538 524 1623 Regis
555 1551 622 1601 et
653 1537 838 1620 regni
861 1533 1152 1600 inimicos
1182 1532 1617 1598 introducere.
1667 1544 1679 1552 ’

240 1626 412 1702 Item,
458 1625 641 1713 quod
687 1637 992 1710 tanquam
1037 1620 1361 1688 homicida
1406 1621 1603 1685 debet
1643 1621 1911 1706 repelli3
1956 1645 2036 1686 eo
2078 1623 2253 1711 quod
2286 1647 2435 1692 cum

169 1711 392 1800 quidam
439 1711 621 1777 istrio
665 1711 734 1774 in
778 1709 1090 1776 cimiterio
1119 1730 1239 1774 suo
1269 1707 1535 1772 cordam
1566 1732 1606 1772 a
1634 1708 1793 1772 turri
1825 1708 1908 1773 ad
1940 1723 2177 1775 turrem
2208 1711 2437 1778 exten-

169 1821 276 1863 sam
302 1800 700 1876 ascenderet,
733 1798 816 1863 de
847 1797 1176 1863 voluntate
1205 1794 1360 1860 dicti
1396 1793 1659 1873 Prioris,
1694 1795 1865 1862 idem
1898 1799 2142 1864 corruit
2170 1814 2237 1866 et
2264 1823 2438 1865 mor-

169 1899 296 1950 tuus
323 1899 446 1963 est3
478 1886 592 1974 qui
615 1886 804 1951 Prior
833 1907 950 1949 nec
981 1883 1216 1949 talibus
1245 1881 1481 1947 illicitis
1513 1883 1740 1948 debuit
1770 1883 2103 1963 interesse,
2140 1907 2255 1951 nec
2286 1909 2440 1954 con-

167 1973 366 2037 sentire
394 1997 413 2049 ;
458 1975 666 2038 immo
693 1971 919 2038 debuit
947 1993 1252 2056 expresse
1283 1970 1457 2049 talia,
1491 1992 1575 2034 ne
1606 1972 1860 2049 fierent,
1888 1971 2262 2040 inhibuisse.

238 2061 388 2125 Item
407 2061 814 2147 impugnavit
835 2058 1164 2124 libertates
1194 2056 1607 2143 Episcopales
1633 2058 1942 2124 Ecclesiae
1952 2060 2443 2139 Dunelmensis;

169 2163 222 2210 et
245 2162 368 2213 tota
404 2148 749 2213 contentio
801 2159 980 2212 mota
1026 2145 1192 2211 inter
1225 2143 1619 2231 Episcopum
1656 2144 2006 2211 Ricardum
2036 2148 2119 2212 de
2156 2149 2441 2215 Matisco

171 2247 222 2298 et
251 2235 656 2300 conventum
686 2257 804 2321 per
833 2233 1038 2320 ipsum
1069 2247 1246 2298 mota
1273 2233 1416 2298 suit.

241 2321 393 2386 Item
444 2321 609 2386 dicit
660 2322 786 2386 alia
811 2322 1060 2386 ratione
1091 2320 1264 2408 quod
1297 2342 1425 2384 non
1456 2319 1653 2388 debet
1684 2320 1929 2405 praefici
1960 2321 2195 2389 ibidem
2223 2347 2241 2401 3
2287 2329 2442 2414 quia

82 2405 85 2470 ἱ
171 2406 278 2490 ipse
298 2408 628 2496 usurpavit
661 2411 986 2475 libertates
1025 2408 1330 2472 Ecclesiae
1362 2407 1840 2486 Dunelmensis,
1878 2423 1946 2473 ut
1976 2425 2129 2494 pote
2143 2413 2447 2498 jurisdic-

170 2495 376 2560 tionem
407 2497 840 2562 Ecclesiarum
874 2518 1132 2562 suarum
1150 2496 1234 2559 de
1259 2495 1679 2572 Alvertonsir,
1712 2518 1868 2582 quas
1898 2496 2228 2563 libertates
2257 2501 2444 2586 Epis-

170 2582 286 2666 copi
320 2583 776 2650 Dunelmensis
803 2583 1152 2661 habebant,
1178 2595 1244 2646 et
1267 2582 1360 2647 eis
1403 2583 1771 2661 utebantur,
1809 2607 2010 2671 usque
2036 2586 2122 2651 ad
2153 2599 2448 2673 tempora

174 2669 441 2758 Episcopi
479 2671 750 2736 Ricardi
779 2673 888 2758 qui
916 2671 1148 2735 ultimo
1178 2670 1474 2734 decessit.
1574 2669 1773 2736 Unde
1804 2694 1951 2736 cum
1982 2671 2103 2736 hiis
2135 2673 2450 2742 libertati-

171 2757 282 2834 bus,
327 2773 390 2823 et
437 2759 604 2836 aliis,
640 2759 908 2823 eandem
963 2757 1318 2822 Ecclesiam
1369 2757 1777 2843 spoliaverit3
1824 2780 1951 2822 non
2004 2760 2199 2827 debet
2232 2763 2447 2832 eidem

173 2845 420 2929 ejusdem
459 2845 777 2912 Ecclesiae
805 2867 960 2910 cura
987 2844 1326 2909 committi.

247 2933 396 2998 Item
427 2933 592 2999 dicit
635 2935 810 3021 quod
861 2933 1195 2997 morbosus
1223 2947 1340 3010 est,
1373 2944 1604 3018 utpote
1635 2932 2007 3001 calculosuS.
2102 2935 2298 3002 Unde
2332 2960 2447 3024 po-

175 3018 293 3098 tius,
340 3021 391 3085 si
425 3022 570 3106 jam
620 3020 966 3107 praefectus
1013 3035 1202 3099 esset,
1259 3021 1527 3086 deberet
1578 3032 1802 3107 petere
1846 3019 2224 3102 cessionem,
2258 3049 2451 3113 quam

173 3108 336 3171 modo
364 3123 592 3194 petere
625 3107 1211 3176 confirmacionem.

245 3194 398 3259 Item
438 3195 624 3274 dicit,
659 3196 835 3283 quod
870 3210 1298 3280 transgressor
1328 3209 1425 3260 est
1453 3193 1910 3280 multipliciter,
1962 3211 2095 3262 tum
2129 3197 2280 3286 quia
2307 3222 2455 3286 per-

177 3283 446 3348 sonaliter
476 3283 768 3349 comedit
797 3306 1020 3348 carnes
1045 3297 1190 3368 post
1215 3281 1722 3368 prohibicionem
1748 3304 2002 3364 novam,
2032 3300 2097 3350 et
2120 3305 2292 3366 ante,
2316 3301 2455 3352 tum

178 3369 298 3455 quia
326 3370 658 3436 licentiam
689 3371 872 3436 dedit
900 3371 1242 3435 Monachis
1273 3371 1400 3434 suis
1430 3393 1535 3435 eas
1568 3371 1970 3436 comedendi.

246 3458 400 3523 Item
431 3459 597 3525 dicit
626 3459 804 3544 quod
827 3457 1207 3523 simoniacus
1229 3469 1350 3535 est,
1383 3480 1464 3521 eo
1494 3458 1672 3545 qnod
1706 3459 2055 3525 Ricardum
2087 3459 2171 3524 de
2204 3461 2460 3530 Schire-

177 3542 356 3608 burun
406 3547 660 3630 recepit
712 3545 778 3608 iu
831 3544 1256 3622 Monachum,
1298 3545 1571 3630 pecunia
1620 3545 1985 3624 mediante3
2029 3564 2098 3612 et
2128 3551 2455 3636 quendam

181 3630 360 3711 alium,
392 3633 660 3696 nomine
698 3631 1129 3709 willielmum,
1178 3632 1332 3697 data
1371 3646 1542 3696 terra
1579 3654 1695 3696 sua
1724 3633 2151 3700 Dunelmensi
2185 3637 2455 3718 Domui,

182 3739 242 3781 eo
266 3735 450 3802 pacto
480 3717 732 3803 recepit
760 3719 828 3783 in
859 3719 1265 3784 monachum.

251 3804 401 3871 Item
433 3805 600 3872 dicit
631 3829 781 3871 eum
813 3829 950 3872 esse
982 3807 1398 3871 simoniacum
1429 3805 1557 3870 alia
1584 3807 1849 3886 ratione,
1876 3810 2051 3898 qnod
2082 3833 2229 3874 cum
2260 3823 2459 3875 motae

183 3908 365 3958 essent
391 3894 853 3959 contenciones
881 3895 966 3960 de
995 3895 1286 3981 pluribus
1317 3893 1739 3972 libertatibus,
1773 3911 1838 3961 et
1867 3899 2053 3960 rebus
2084 3896 2243 3975 aliis,
2290 3897 2462 3964 inter

187 3975 552 4067 Episcopum
602 3982 953 4046 Ricardum
1005 3981 1090 4045 de
1138 3979 1445 4058 Mai-isco,
1479 3994 1549 4046 et
1598 3982 1887 4047 Priorem
1932 3997 2000 4048 et
2047 3985 2459 4050 Conventum

189 4063 688 4145 Dunelmensem,
745 4067 838 4132 ita
885 4068 1131 4132 sedatae
1183 4067 1447 4132 fuerunt
1498 4081 1786 4153 tempore
1842 4069 2144 4154 Episcopi
2194 4070 2459 4138 Ricardi

189 4155 438 4232 secundi,
471 4154 656 4241 quod
683 4155 998 4218 concessit
1043 4154 1132 4218 eis
1176 4154 1663 4219 advocationem
1698 4155 1990 4219 omnium
2031 4156 2459 4224 Ecclesiarum

191 4259 410 4304 suarum
437 4241 506 4304 in
559 4241 848 4318 Eborsir,
877 4264 1023 4306 cum
1066 4241 1281 4305 multis
1311 4240 1450 4304 aliis
1479 4240 1903 4319 libertatibus,
1938 4266 2019 4308 eo
2048 4260 2239 4328 pacto
2284 4247 2461 4331 quod

192 4344 298 4390 non
341 4342 604 4413 possent
652 4328 944 4394 conferre
997 4328 1185 4394 alicui
1236 4328 1517 4415 aliquam
1566 4325 1935 4406 Ecclesiam,
1970 4330 2332 4418 irrequisito
2362 4355 2463 4398 as-

82 4471 84 4480 .
195 4431 350 4477 sensu
379 4429 446 4480 et
473 4431 786 4482 consensu
817 4439 959 4480 suo.

269 4500 420 4568 Item
448 4502 606 4570 dicit
628 4503 806 4592 quod
835 4501 1218 4569 simoniacus
1244 4515 1342 4568 est
1372 4525 1448 4567 eo
1479 4499 1657 4588 quod
1688 4502 1960 4572 contulit
1993 4503 2350 4571 Ecclesiam
2382 4507 2463 4572 de
