3000 5117
573 459 856 569 dxxviii
1057 487 1260 540 ffls'r.
1301 488 1659 540 mmmm·
1698 488 2169 567 scmrroass‘
2200 486 2415 545 runs.

755 960 990 1009 cnvul.
1069 962 1303 1005 BULLA
1349 961 1717 1005 BoNercu
1768 962 1839 1005 lx
1900 962 2041 1008 PRO
2088 962 2421 1009 JonANNR
2484 966 2719 1012 lu'l’oN

1085 1048 1428 1094 MONArCHO
1465 1048 1815 1093 ECCLESIAE
1859 1050 2375 1100 DUNRLMENsls.

1499 1189 1663 1253 tem.
1686 1190 1736 1241 r.
1756 1188 1847 1242 τοι.
1872 1194 1988 1260 sm·

665 1330 1040 1395 Bonisacius
1070 1366 1157 1379 --
1185 1328 1468 1394 Johanni
1496 1329 1755 1415 Rypou,
1784 1329 2103 1395 monacho
2128 1329 2416 1395 ecclesiae
2437 1329 2863 1395 Dunelmeusis

575 1454 656 1468 --
693 1417 1027 1502 capellano
1056 1428 1305 1492 nostro,
1339 1415 1615 1480 salutem
1645 1454 1733 1466 —
1758 1416 1966 1481 Grata
1995 1430 2127 1480 tuae
2158 1416 2527 1482 devocionis
2562 1442 2605 1481 o
2758 1419 2861 1493 uia,
2941 1428 2942 1497 j

576 1524 722 1590 quoe
775 1502 959 1567 nobis
1019 1514 1084 1567 et
1137 1502 1509 1587 apostolicae
1570 1501 1709 1567 sedi
1764 1502 2073 1567 hactenus
2126 1503 2495 1589 impendisti
2554 1518 2626 1568 et
2681 1526 2719 1568 a
2762 1504 2867 1567 hue
2941 1552 2942 1567 ,

577 1588 840 1655 solicitis
871 1588 1238 1673 impendere
1285 1588 1511 1654 studiis
1558 1611 1685 1653 non
1716 1588 1992 1667 desistis,
2024 1611 2141 1655 nec
2172 1612 2301 1654 non
2336 1589 2665 1674 religionis
2694 1591 2862 1667 zelus,
2941 1600 2942 1635 3

573 1676 728 1740 vitae
757 1690 827 1741 et
853 1697 1126 1753 morum,
1159 1674 1409 1761 ahisque
1453 1674 1799 1740 laudabilia
1842 1675 2179 1761 probitatis
2202 1690 2271 1741 et
2300 1676 2613 1742 virtutum
2646 1677 2866 1753 merita,
2941 1674 2942 1709 ³

573 1762 807 1849 quibus
839 1782 1176 1846 personam
1209 1774 1385 1826 tuam
1431 1762 1904 1847 fidedignorum
1952 1762 2332 1827 testimoniis
2351 1764 2573 1847 juvari
2605 1764 2863 1849 percepi·-

575 1871 742 1925 mus,
797 1848 1030 1913 merito
1089 1869 1206 1913 nos
1259 1848 1581 1913 inducunt
1632 1862 1705 1913 ut
1736 1861 1802 1914 te
1832 1850 2121 1933 specialis
2151 1850 2371 1914 favore
2400 1849 2646 1933 graciae
2674 1872 2863 1935 prose-

575 1956 870 2021 quamur.
962 1933 1142 1998 Hinc
1172 1951 1270 1999 est
1314 1937 1491 2021 quod
1526 1956 1662 2014 nos,
1695 1934 1821 2001 tuis
1852 1939 1919 2001 in
1950 1937 2073 2001 hac
2093 1948 2275 2021 parte
2306 1936 2869 2022 supplicacionibus

575 2020 880 2096 inclinatis
944 2020 1082 2097 tibi,
1143 2021 1256 2120 qui
1329 2021 1678 2086 monachus
1737 2022 2027 2087 ecclesioe
2105 2022 2588 2100 Dunelmensis,
2646 2024 2871 2087 ordinis

584 2106 806 2172 Sancti
840 2108 1203 2185 Benedicn,
1259 2130 1333 2171 ac
1393 2108 1599 2194 ipsum
1630 2108 1919 2173 ordinem
1954 2131 2257 2194 expresse
2286 2111 2618 2195 professus
2648 2110 2861 2185 existis,

577 2207 651 2259 ut
709 2216 908 2259 unum
966 2193 1346 2260 beneficium
1399 2195 1902 2261 ecclesiasticum
1961 2217 2105 2260 cum
2158 2218 2315 2261 cura
2362 2196 2467 2259 vel
2518 2198 2661 2260 sine
2708 2218 2862 2271 cura,
2941 2200 2942 2203 ’

575 2282 772 2346 etiam
805 2280 856 2343 si
886 2294 1267 2346 consuetum
1311 2279 1506 2345 fuerit
1548 2302 1665 2365 per
1695 2283 2011 2347 seculares
2042 2282 2309 2347 clericos
2339 2282 2497 2367 regi,
2536 2282 2865 2347 dummodo
2941 2288 2942 2301 ³

575 2368 694 2432 tibi
745 2368 900 2432 alias
947 2367 1254 2431 canonice
1307 2367 1700 2446 conferatur,
1736 2368 1933 2433 libere
1976 2368 2260 2454 recipere
2290 2382 2361 2433 et
2390 2368 2569 2433 licite
2600 2372 2861 2445 retinere,
2941 2386 2942 2417 ³

579 2454 868 2541 illudque
899 2456 1140 2519 tociens
1171 2456 1476 2541 quociens
1532 2454 1655 2518 tibi.
1680 2454 2023 2534 videbitur,
2056 2478 2143 2519 ex
2174 2478 2367 2521 causa
2394 2455 2865 2539 permutacionis
2941 2460 2942 2517 l

577 2542 683 2606 vel
735 2542 915 2619 aliaS,
971 2540 1342 2625 sImpliciter
1393 2540 1740 2621 dimittere,
1774 2557 1843 2607 et
1886 2543 2033 2607 loeo
2078 2541 2321 2607 dimissi
2350 2542 2529 2606 allud
2562 2542 2759 2606 simile
2786 2540 2865 2603 vel

576 2628 880 2691 dissimile
937 2628 1224 2711 recipere
1279 2662 1372 2676 —-
1429 2643 1656 2691 tenore
1700 2631 2116 2714 praeseucium
2180 2629 2617 2707 concedimus,
2677 2628 2867 2714 gracia
2941 2678 2942 2687 2

575 2713 838 2798 speciali
861 2756 986 2814 --.·
1062 2712 1242 2777 Data
1284 2712 1546 2793 Remae,
1572 2716 1743 2799 apud
1795 2718 1863 2783 S.
1917 2716 2209 2795 Petrum,
2257 2736 2327 2781 vi
2358 2716 2485 2783 kal.
2539 2716 2863 2789 Novemb„

579 2814 758 2885 pont.
793 2812 989 2865 nostri
1020 2822 1194 2865 anno
1225 2810 1378 2868 νιν.
2941 2840 2942 2849 ¹

758 3264 940 3311 cmx.
989 3258 1557 3310 leTRUMENTUM
1609 3260 1711 3303 An·
1750 3260 2337 3305 eouconnannuu
2366 3284 2713 3310 ........„.>.·

757 3350 981 3394 summ
1040 3349 1198 3393 mu:
1251 3368 1601 3393 .............
1644 3347 2182 3393 wmsmcrionn
2243 3348 2713 3395 ARCRlDI-Aco·

755 3436 920 3481 unm
969 3433 1537 3493 non'ruumnnm·

1421 3550 1683 3621 [‚neg..11.
1706 3547 1779 3601 fol
1815 3550 1932 3600 321.
1955 3549 2035 3617 b.]

669 3695 750 3763 In
781 3693 1356 3773 nomineDomini,
1399 3695 1622 3759 Amen.
1704 3692 1836 3757 Per
1854 3712 2131 3775 praesens
2150 3692 2480 3777 publicum
2504 3693 2867 3757 instrumen-

579 3798 720 3851 tum
777 3797 1030 3850 constet
1089 3782 1386 3848 omnibus
1441 3780 1805 3856 manifeste?
1846 3777 2042 3864 quod,
2090 3800 2265 3842 anno
2310 3780 2393 3843 ab
2438 3778 2863 3845 incarnacione

581 3865 870 3951 Domini,
925 3870 1281 3937 secundum
1334 3889 1591 3932 cursum
1637 3880 1703 3931 et
1750 3865 2306 3950 computaeionem
2335 3866 2628 3930 ecclesioe
2660 3861 2867 3943 Angli·
2941 3872 2942 3875 ’

579 3984 758 4027 canae
791 3960 1126 4026 millesimo
1171 3978 1281 4021 ccc
1310 3952 1732 4039 nonogesimo
1762 3964 1971 4029 sexto,
2006 3950 2362 4029 indiccione
2394 3968 2643 4039 quarta,
2672 3946 2862 4044 ponti:

579 4049 811 4115 ficatus
849 4043 1229 4113 sanctissimi
1261 4042 1328 4107 in
1361 4042 1625 4107 Christo
1676 4038 1875 4125 patris
1919 4050 1985 4102 et
2030 4037 2273 4102 domini
2315 4039 2517 4103 nostri
2565 4032 2863 4104 Bonisacii

581 4136 799 4201 divina
853 4132 1268 4221 providencia
1317 4128 1517 4213 Papae
1568 4126 1722 4191 noni
1751 4147 1921 4190 anno
1974 4125 2271 4211 septimo,
2320 4128 2551 4190 mensis
2581 4122 2727 4190 Julii
2770 4119 2862 4216 die

580 4222 791 4307 xxiiij,
825 4221 892 4286 in
923 4222 1119 4285 domo
1169 4216 1506 4302 capitulari
1552 4214 1839 4279 ecclesiae
1869 4211 2347 4290 Dunelmensis,
2381 4211 2448 4277 in
2480 4212 2607 4277 mei
2627 4205 2861 4304 Notariz

580 4308 842 4396 publici,
892 4308 1274 4391 testiumque
1297 4302 1794 4387 subscriptorum
1830 4298 2181 4383 praesencia
2207 4298 2630 4384 personaliter
2650 4308 2861 4361 consu·

583 4396 704 4462 tuti
725 4393 1114 4458 venerabiles
1133 4408 1201 4457 et
1219 4389 1505 4475 religiosi
1528 4388 1639 4453 viri
1663 4388 1704 4453 J
1708 4386 2013 4461 ohannes,
2041 4385 2226 4449 Prior
2244 4386 2532 4451 ecclesiae
2550 4383 2855 4471 predictae,

591 4484 915 4549 Robertus
927 4481 1008 4547 de
1037 4480 1295 4569 Rypon,
1321 4478 1639 4565 supprior,
1657 4474 1987 4543 Johannes
2004 4471 2085 4537 de
2114 4472 2524 4559 Bisshopton‚
2550 4471 2853 4539 Johannes
2941 4524 2942 4529 ,
