3000 5117
749 479 1156 542 aonam-us
1193 483 1296 537 ΒΕ
1335 473 1847 538 οῐιΔῩεΤΑΝέει
2361 457 2451 528 81

406 955 558 1016 fist.
593 966 784 1013 xka.
833 963 924 1010 DE
957 963 1286 1015 QUBRBLA
1312 959 1593 1066 Patentis
1625 947 1851 1004 SUPER
1880 953 2211 1007 Episcot’o

1125 1051 1212 1094 BT
1243 1049 1410 1098 ems.

875 1192 1029 1260 [MS.
1052 1181 1178 1260 cap.
1207 1194 1356 1244 cmx.
1379 1193 1466 1246 fol.
1489 1198 1611 1248 201.
1634 1193 1713 1258 b,]

157 1409 166 1416 .
215 1333 426 1398 Anno
447 1331 716 1397 Domini
735 1351 1037 1407 mcccm,
1059 1331 1124 1396 in
1151 1329 1316 1396 festo
1339 1332 1540 1398 sancti
1566 1329 1738 1397 Petri
1765 1330 1847 1395 ad
1874 1327 2174 1405 Vincula,
2199 1327 2446 1392 rediens

137 1419 332 1484 Prior
383 1419 705 1484 Ricardus
749 1419 834 1483 de
889 1418 1184 1482 Romana
1229 1418 1447 1502 Curia,
1479 1439 1629 1482 eum
1661 1417 1901 1502 gaudio
1930 1418 2263 1499 susceptus
2284 1428 2382 1477 est
2411 1437 2451 1476 a

131 1523 466 1571 conventu
515 1519 586 1570 et
637 1504 1101 1592 compatriotiS,
1161 1505 1396 1606 quibus
1444 1505 1557 1569 illo
1608 1505 1716 1570 die
1769 1502 2133 1571 convivimn
2194 1502 2443 1588 grande

129 1593 312 1661 fecit.
419 1593 520 1656 Ad
553 1593 1068 1680 querelam‚ve1‘o
1102 1589 1340 1656 Prioris
1371 1605 1440 1656 et
1467 1592 1738 1656 aliorum
1769 1591 1853 1654 de
1885 1591 2094 1675 patria
2114 1588 2444 1652 seisiverat‘

133 1680 292 1744 Rex
345 1679 720 1744 libertatem
771 1677 1075 1764 Episcopi
1123 1677 1188 1741 in
1238 1700 1431 1744 manu
1479 1699 1596 1742 sua
1620 1701 1651 1754 3--
1686 1693 1753 1742 et
1780 1677 1864 1740 ibi
1896 1673 2342 1740 cancellarium
2377 1689 2445 1740 et:

122 1766 526 1850 justiciarios
542 1785 692 1830 suos
715 1765 952 1850 posuit,
975 1763 1084 1852 φὶ
1109 1767 1464 1852 cuicunque
1493 1763 1859 1852 (pierelanti
1880 1762 1963 1846 de
1994 1763 2314 1846 Episcopo
2339 1761 2449 1825 vel-

131 1853 266 1916 suis
299 1852 636 1935 justiciam
664 1851 974 1916 facerent.
1068 1845 1473 1938 conquestus
1502 1866 1603 1916 est
1633 1873 1788 1935 ergo
1822 1849 2029 1926 Prior,
2064 1850 2260 1934 quod,
2294 1859 2443 1934 post

127 1960 366 2023 pacem
413 1939 648 2003 initam-
681 1957 800 2026 per
835 1937 1084 2022 Regem
1119 1939 1320 2022 [apud
1353 1938 1717 2014 Evenwod]
1752 1937 1915 2002 inter
1949 1935 2339 2022 Episcopum
2373 1948 2442 1999 et

127 2027 372 2108 ipsum,
423 2046 618 2103 anno,
667 2027 793 2090 etc'.
853 2035 1063 2103 nece,
1117 2024 1224 2089 die
1251 2025 1599 2090 undecimo
1649 2038 1931 2090 exeunte
1972 2045 2189 2086 mense
2222 2022 2439 2098 Junio,

127 2113 288 2177 fecit
344 2112 706 2198 Episcopus
757 2111 1046 2177 maneria
1112 2109 1350 2178 Prioris
1402 2111 1619 2200 seysiri
1668 2111 1733 2175 in
1792 2132 1985 2175 mauu
2036 2131 2179 2186 sua-5
2224 2111 2441 2174 firmas

127 2198 432 2284 collegit.
485 2210 554 2264 ets
605 2219 842 2298 parcos
877 2197 1214 2264 destruxit.
1313 2195 1498 2275 Item,
1553 2197 1910 2284 [dominica
1954 2196 2250 2282 proxime
2295 2209 2443 2282 post

127 2284 376 2351 festum
417 2303 624 2350 sancti
661 2285 1020 2363 laurentii,
1054 2285 1226 2350 venit
1257 2286 1490 2350 Petrus
1524 2285 1742 2371 Darcy
1774 2306 1921 2350 cum
1952 2299 2209 2349 centum
2240 2283 2444 2370 quad-

131 2373 398 2456 raginta
441 2373 528 2437 de
587 2371 1002 2436 Northindall
1049 2385 1119 2436 et
1194 2372 1496 2436 trecentis
1557 2372 1641 2436 de
1712 2371 2129 2458 Episcopatu,
2179 2372 2443 2435 armatis

131 2483 284 2523 cum
343 2459 618 2524 arcubus
665 2471 736 2522 et
785 2458 1034 2546 gladiis,
1090 2470 1157 2522 et
1214 2457 1603 2524 Abbathiam
1658 2458 2070 2534 obsederunt,
2124 2456 2214 2520 sic
2266 2457 2441 2542 quod

135 2545 454 2611 victualia*
487 2545 580 2610 ad'
615 2545 902 2610 Priorem
933 2557 1000 2608 et
1030 2558 1420 2609 conventum
1451 2545 1787 2645 pervenire
1814 2565 1943 2608 non
1976 2544 2443 2630 permiserunt3

132 2634 512 2697 deferentes
561 2633 774 2696 literas
819 2630 1022 2716 regias
1052 2653 1170 2716 pro
1205 2632 1430 2696 Priore
1461 2646 1959 2712 incarcerarunt‚
1992 2645 2059 2696 et
2090 2631 2153 2694 in
2187 2653 2441 2696 carcere

133 2719 538 2784 detinebant.
633 2718 798 2783 Item
837 2718 1287 2805 aquoed'uctum
1323 2719 1564 2784 Pri‘oris
1590 2719 1942 2808 fregerunt,
1976 2717 2275 2783 utensilia
2302 2741 2447 2782 moa

133 2806 396 2871 lundini-
435 2819 866 2889 asportarunt,
927 2823 997 2869 et
1053 2823 1230 2870 rotas
1287 2805 1642 2872 exteriores
1701 2807 2175 2890 confregerunt.
2271 2805 2439 2870 Item

135 2892 456 2977 praefatus
503 2893 579 2956 P.
610 2892 764 2957 fecit
790 2891 1192 2977 proclamari,
1271 2893 1400 2957 uod
1431 2915 1652 2957 omnes
1680 2893 2023 2957 servientes
2053 2893 2115 2955 in
2148 2891 2436 2977 prioratu

135 2979 310 3045 insta
339 2979 624 3044 triduum
653 2979 736 3043 de
767 2979 1048 3063 prioratu
1078 2915 1478 3057 receflerent,
1513 2981 1633 3043 sub
1665 3001 1856 3063 poena
1885 2978 2247 3043 amissionis
2268 2979 2445 3062 capi«

137 3069 243 3145 tis,
270 3066 378 3131 vel
401 3065 667 3130 diutiuae
696 3064 1242 3144 incarceracionis3
1277 3081 1346 3131 et
1376 3066 1607 3131 timore
1636 3065 1815 3130 ducti
1843 3078 2260 3130 recesserunt.
2355 3065 2441 3129 Et

137 3154 224 3218 sic
279 3165 556 3239 propter
603 3152 932 3217 defectum
977 3151 1410 3232 servientium,
1443 3152 1653 3218 coacti
1684 3164 1835 3216 sunt
1863 3151 2161 3216 monachi
2214 3172 2445 3236 parare

139 3263 320 3304 escas
393 3261 565 3303 suas.
689 3239 778 3304 Et
844 3239 1268 3305 obsedentoe·
1288 3241 1637 3325 prioratum
1699 3238 2043 3316 intrarunt,
2104 3237 2443 3302 officiarias

139 3331 370 3392 domos
415 3325 712 3410 ingressi,
741 3326 932 3390 cistas
958 3326 1366 3392 servientium
1396 3326 1747 3412 fregerunt,
1777 3341 1843 3391 et
1872 3325 2049 3413 quod
2079 3331 2170 3388 eis
2200 3324 2443 3411 placuit

143 3425 579 3501 asportarunt.
672 3409 843 3478 Item
887 3428 1116 3478 contra
1141 3413 1677 3480 consuetudinem
1708 3428 1775 3478 et
1805 3413 2165 3478 libertatem
2198 3413 2445 3497 priora-

146 3515 268 3580 tus,
327 3499 587 3565 vocavit
641 3499 1001 3585 Episcopus
1048 3500 1132 3564 ad
1163 3523 1232 3566 se
1266 3499 1613 3566 monachos
1644 3499 2043 3565 adhaerentes
2072 3500 2217 3577 sibi,
2248 3513 2313 3565 et
2347 3503 2449 3564 eis

145 3585 448 3672 injunxit,
495 3601 570 3651 ut
619 3586 912 3654 Priorem
953 3587 1042 3652 eis
1089 3585 1424 3672 eligerent,
1472 3603 1563 3665 et,
1613 3588 1703 3652 eis
1750 3586 1827 3674 3¹¹,
1858 3610 2050 3652 unum
2082 3587 2439 3652 consentire

147 3693 268 3738 non
315 3671 707 3749 valentibus»,
753 3673 1040 3758 praefecit
1084 3675 1176 3738 eis
1221 3673 1288 3739 in
1323 3673 1621 3739 Priorem·
1646 3673 1741 3738 H.
1772 3673 1855 3738 de
1890 3670 2178 3760 Luceby,
2211 3672 2275 3739 in
2307 3696 2443 3738 ma-

149 3761 325 3826 nerio
369 3782 492 3825 suo
531 3760 616 3824 de
651 3759 962 3826 Alverton
991 3785 1012 3826 τ
1055 3761 1164 3847 qui
1203 3761 1289 3830 H.
1323 3761 1525 3826 fultus
1554 3759 1796 3826 auxilio
1832 3761 1907 3826 P.
1940 3761 2159 3846 Darcy
2190 3777 2258 3825 et
2287 3761 2441 3825 alio-

155 3871 290 3912 rum
357 3845 848 3912 malefactorum
906 3847 1344 3932 praefatorum,
1407 3847 1680 3913 sabbato
1738 3860 1886 3913 ante
1944 3848 2177 3911 festum
2236 3849 2445 3913 sancti

157 3933 612 4001 Bartholomaei
679 3932 744 3996 vi
801 3933 1128 4022 ingressus
1185 3951 1284 4000 est
1339 3935 1713 4021 prioratum,
1764 3936 2001 4020 januas
2059 3933 2317 3998 claustri
2378 3950 2447 3999 et

154 4019 428 4086 hostium
455 4019 785 4086 refectorii
815 4021 1026 4106 fregit,
1072 4022 1229 4087 cifos
1259 4037 1600 4106 argenteos
1630 4035 1699 4086 et
1744 4023 1827 4088 de
1873 4042 2112 4096 murm,
2144 4018 2450 4088 cocliaria

155 4124 215 4173 et
237 4108 366 4174 alia
391 4108 569 4174 bona
601 4106 929 4172 Prioratus
961 4123 1030 4174 et
1056 4110 1326 4175 aliorum
1349 4109 1438 4175 ibi
1463 4108 1761 4196 deposita
1782 4109 1953 4193 cepit
1978 4120 2044 4172 et
2068 4109 2451 4193 asportavit.

155 4195 334 4272 Item,
367 4193 701 4261 dominica
729 4195 1030 4280 proxima
1079 4210 1408 4285 sequente,
1457 4197 1799 4282 praesatum
1856 4195 1943 4259 H.
1997 4195 2449 4265 malefactores

157 4283 433 4366 praedicti·
463 4283 534 4348 in
565 4280 926 4368 capitulum
957 4285 1371 4364 induxerunt,
1403 4300 1469 4350 et
1497 4283 1747 4372 aliquos
1778 4283 2148 4365 monachos»,
2180 4283 2241 4350 ei
2274 4287 2443 4354 sicut

559 4465 586 4490 ⁸
613 4457 745 4512 This
771 4457 890 4512 title
909 4459 966 4512 is·
979 4457 1140 4512 added
1159 4460 1215 4510 in
1240 4461 1330 4512 the
1355 4461 1563 4530 margin·
1578 4461 1633 4512 in
1656 4476 1687 4512 a
1708 4459 1841 4514 later
1864 4460 2017 4514 hand.

1286 4571 1322 4613 F
