3000 5117
455 454 738 519 cccxxx
924 452 1130 515 ms‘r.
1169 454 1527 513 nussam.
1568 446 2034 515 scnirronns
2072 458 2287 517 wass.

451 624 882 701 manduce-nu
913 636 988 689 ac
1017 622 1084 688 in
1115 622 1220 688 die
1250 621 1596 701 dominico,
1629 622 1892 709 quando
1922 623 1990 689 in
2021 626 2308 691 secunda
2330 625 2488 691 seria
2508 626 2767 693 Natalis

454 710 719 777 Domini
743 711 1044 789 occurrit,
1070 708 1347 796 piscibus
1369 706 1814 788 vescebantur,
1840 732 1915 775 ac
1985 725 2281 798 ropterea
2302 734 2431 777 non
2456 709 2662 778 solum
2698 720 2769 779 in

443 800 733 883 personis
761 798 876 863 sed
905 798 1110 863 eciam
1139 796 1204 860 in
1235 795 1428 863 bonis
1455 795 1731 881 plurima
1757 799 1893 882 pati
2082 797 2173 864 ini
2196 798 2645 877 incommoda;
2694 816 2768 867 et

445 906 594 951 cum
641 886 707 949 in
737 885 916 950 dicto
949 883 1350 950 Monasterio
1396 882 1863 970 quinquaginta
1910 884 2009 951 vel
2060 886 2233 950 circa
2278 886 2559 971 religiosi
2600 886 2765 953 dicti

447 970 712 1037 Ordinis
735 984 1312 1049 commorarentur,
1343 992 1468 1035 nec
1497 969 1667 1034 infra
1696 969 1930 1036 limites
1950 971 2122 1038 illius
2144 972 2291 1037 loca
2318 974 2596 1039 multum
2613 996 2771 1061 spa-

445 1057 622 1125 ciosa
637 1078 757 1144 pro
779 1057 1241 1124 deambulandi
1257 1056 1579 1122 exercicio
1594 1058 2001 1137 haberentur,
2023 1059 2400 1145 plerumque
2422 1060 2766 1127 accidebat

491 1146 623 1211 uod
651 1167 740 1210 ex
769 1144 1208 1231 intemperatis
1232 1143 1486 1209 cibariis
1510 1141 1873 1228 hujusmodi
1900 1142 2087 1211 variis
2110 1146 2639 1245 opprimebantur
2658 1148 2767 1213 in-

442 1168 877 1308 annitentibus,
925 1230 1156 1319 quibus
1206 1230 1374 1296 adeo
1419 1230 1863 1297 reddebantur
1912 1231 2271 1318 indispositi
2304 1247 2375 1297 ut
2424 1256 2467 1299 a
2522 1232 2763 1301 divinis

445 1318 688 1397 officiis,
720 1317 1000 1383 maxime
1028 1340 1072 1383 a
1107 1317 1438 1383 missarum
1469 1317 1907 1383 celebracione
1937 1319 2417 1385 retraherentur
2446 1344 2466 1397 3
2512 1320 2577 1385 in
2622 1342 2762 1389 non

439 1405 770 1471 modicum
799 1403 1001 1469 divini
1029 1405 1242 1470 cultus
1285 1402 1808 1483 diminucionem,
1863 1418 1933 1470 et
1982 1427 2395 1491 personarum
2426 1405 2759 1493 religiosa-

441 1513 586 1557 rum
609 1492 762 1556 inibi
793 1490 1167 1580 degentium
1197 1489 1655 1555 detrimentum
1680 1490 1920 1576 pariter
1940 1505 2010 1557 et
2032 1516 2377 1577 gravamen
2404 1515 2423 1570 3
2454 1516 2532 1559 ac
2552 1495 2757 1562 etiam

441 1577 564 1664 ipsi
599 1578 939 1655 Nicholao,
971 1576 1448 1663 praedecessori,
1481 1577 1847 1662 subjuncto,
1879 1578 2057 1665 quod
2085 1603 2126 1645 a
2153 1579 2266 1644 diu
2296 1578 2362 1643 iu
2388 1579 2567 1646 dicto
2600 1580 2763 1647 Mo-

439 1665 722 1731 nasterio
751 1664 1160 1731 laudabiliter
1187 1664 1398 1729 fuerat
1421 1665 1831 1730 observatum
1859 1666 2035 1752 quod
2064 1666 2131 1731 in
2166 1665 2383 1751 vigilia
2414 1666 2762 1735 Festivita-

439 1750 521 1816 tis
549 1752 880 1838 praedictae
907 1751 1318 1852 quamplures
1339 1772 1667 1836 personas,
1710 1770 1846 1817 tam
1888 1753 2135 1817 nobiles
2160 1775 2353 1841 quam
2383 1753 2561 1832 alias,
2592 1755 2761 1820 invi-

441 1852 608 1904 tatas
637 1839 1011 1914 habebatis3
1041 1852 1108 1903 et
1137 1860 1284 1903 cum
1313 1837 1552 1904 festum
1580 1837 1947 1922 hujusmodi
1976 1838 2044 1904 in
2073 1840 2251 1907 dicta
2276 1841 2562 1906 secunda
2588 1842 2760 1909 feria

443 1928 723 1992 occurrit
741 1926 813 1997 in
826 1924 934 1989 die
951 1924 1278 1990 dominico
1297 1924 1673 1990 immediate
1692 1925 2083 2025 proecedenti
2102 1926 2351 1993 invitati
2370 1927 2669 1994 carnibus
2684 1944 2759 1995 et

439 2008 722 2113 religiosi
767 2012 1042 2098 piscibus
1073 2011 1509 2089 vescebantur,
1542 2033 1628 2077 ex
1658 2014 1947 2077 ciborum
1976 2012 2351 2099 disparitate
2378 2014 2753 2101 hujusmodi

439 2098 784 2185 plurimum
934 2098 1251 2165 vabamini
1283 2098 1346 2162 in
1377 2098 1714 2182 expensis;
1758 2120 1878 2184 pro
1930 2115 2114 2184 parte
2145 2114 2357 2167 vestra
2382 2102 2595 2166 eidem
2630 2103 2759 2167 Ni-

439 2185 626 2251 colao
647 2190 750 2271 ‘pr
853 2184 1128 2251 ecessori
1180 2184 1302 2249 suit
1369 2184 1697 2249 humiliter
1746 2186 2196 2271 supplicatum,
2248 2200 2322 2252 ut
2372 2210 2567 2273 super
2624 2189 2755 2255 hiis

435 2286 751 2358 oportune
769 2270 1108 2358 providere
1139 2270 1223 2336 de
1253 2270 1654 2355 benignitate
1675 2272 2031 2357 apostolica
2052 2273 2469 2362 dignaretur-3
2513 2276 2759 2360 praefa-

429 2370 538 2424 tus
562 2358 757 2444 igitur
795 2356 1143 2423 Nicholaus
1173 2357 1621 2443 proedecessor,
1654 2358 1849 2424 statui
1870 2372 1939 2425 et
1961 2359 2485 2427 indemnitatibus
2514 2364 2755 2428 vestris

433 2444 503 2511 in
550 2444 890 2532 praemissis
936 2442 1372 2510 favorabiliter
1399 2442 1734 2511 consulere
1779 2446 2062 2547 cupienS,
2092 2444 2457 2534 hujusmodi
2525 2472 2753 2537 noque

435 2532 1010 2634 supplicacionibus
1040 2530 1399 2610 inclinatus,
1431 2532 1553 2597 sub
1575 2531 1731 2598 data
1759 2532 1887 2598 ἀίει
1917 2554 2089 2598 nono
2112 2532 2420 2600 kalendas
2523 2559 2756 2603 ovem-

435 2618 589 2699 bris,
638 2617 1048 2705 pontificatus
1077 2617 1176 2682 sui
1205 2640 1380 2683 anno
1409 2630 1661 2697 octavo,
1685 2619 1869 2684 vobis
1900 2619 2109 2686 Priori
2138 2633 2209 2687 et
2230 2636 2361 2687 tam
2392 2623 2754 2707 praesiden-

435 2706 610 2773 tibus
633 2729 826 2795 quam
856 2705 995 2771 aliis
1029 2704 1372 2771 Monachis
1405 2704 1792 2771 Monasterii
1818 2728 1897 2772 ac
1926 2707 2217 2773 locorum
2246 2710 2745 2795 praedictorum,

481 2792 862 2859 roesentibus
915 2804 982 2858 et
1011 2790 1262 2871 futuris,
1295 2806 1368 2858 ut
1397 2792 1583 2857 ‘uxta
1622 2794 1819 2857 ritum
1863 2807 1933 2859 et
1962 2794 2434 2861 observantiam
2464 2796 2749 2865 aliorum

517 2882 978 2960 onasteriorum
1015 2878 1197 2964 regni
1232 2879 1382 2965 Ang
1409 2878 1510 2957 iae,
1542 2878 1786 2945 ordinis
1814 2879 2203 2965 hujusmodi,
2234 2882 2465 2969 quibus
2494 2882 2749 2953 similes

425 2968 896 3046 concessiones,
928 2979 1003 3033 ut
1029 2964 1427 3044 asserebatis,
1453 2987 1494 3031 a
1530 2966 1702 3031 Sede
1732 2967 2103 3052 Apostolica
2128 2968 2320 3035 factae
2342 2972 2741 3051 existebant,

429 3053 578 3119 loco
605 3056 992 3121 cibariorum
1021 3066 1091 3118 et
1119 3053 1562 3118 serciturarum
1592 3052 1960 3138 hujusmodi
1987 3076 2032 3120 a
2079 3054 2186 3120 die
2214 3055 2538 3122 dominico
2574 3059 2745 3144 Sep-

429 3141 806 3226 tuagesimoe
835 3162 1040 3229 usque
1069 3140 1155 3205 ad
1184 3138 1354 3205 diem
1386 3138 1777 3205 dominicum
1805 3139 2370 3241 Quinquagesimae
2399 3144 2735 3225 inclusive,

425 3226 582 3313 ipsis
613 3228 912 3293 videlicet
957 3226 1317 3304 dominicis,
1369 3226 1563 3305 lunae,
1616 3226 1837 3292 martis
1897 3240 1963 3293 et
2008 3230 2178 3314 jovis
2218 3228 2467 3308 diebus,
2496 3231 2739 3317 quibus

423 3314 668 3381 cibaria
693 3313 1007 3401 predicta
1055 3312 1460 3379 commedere
1489 3314 1985 3392 consueveratis,
2018 3336 2269 3380 necnon
2298 3316 2365 3380 in
2386 3318 2495 3383 die
2524 3318 2741 3384 domi-

425 3399 576 3467 nico
619 3399 960 3486 praedicto,
1015 3420 1210 3486 quum
1277 3399 1342 3462 in
1393 3400 1678 3465 secunda
1720 3399 1883 3466 feria
1938 3400 2115 3467 dicta
2160 3401 2409 3469 Natalis
2456 3404 2735 3471 Domini

419 3486 728 3551 festivitas
757 3498 1144 3563 occurreret,
1168 3484 1524 3551 dummodo
1568 3485 1746 3552 aliud
1790 3488 2171 3553 canonicum
2202 3510 2332 3554 non
2361 3490 2731 3572 obsisteret,

421 3584 614 3639 extra
635 3584 851 3637 tamen
894 3570 1323 3651 refectorium,
1373 3594 1599 3637 carnes
1634 3586 1747 3639 aut
1786 3572 2151 3659 hujusmodi
2196 3576 2458 3656 cibaria,
2490 3578 2732 3664 quibus

417 3659 540 3746 ipsi
569 3658 822 3724 invitati
845 3659 1284 3737 vescebantur,
1309 3660 1717 3727 commedere
1746 3660 1949 3726 libere
1970 3674 2038 3727 et
2052 3660 2227 3728 licite
2248 3678 2533 3747 possent,
2559 3687 2734 3749 prae-

417 3746 622 3812 missis
651 3768 727 3812 ac
755 3743 1328 3811 constitucionibus
1369 3756 1440 3811 et
1488 3746 2011 3813 ordinacionibus
2055 3749 2422 3835 apostolicis
2468 3772 2731 3817 necnon

409 3834 667 3901 statutis
695 3844 765 3899 et
793 3831 1363 3899 consuetudinibus
1395 3830 1788 3898 Monasterii
1834 3845 1903 3900 et
1956 3834 2221 3899 Ordinis
2262 3837 2727 3921 praedictorum

405 3923 798 4008 juramento,
857 3917 1354 3985 confirmacione
1396 3919 1767 4002 apostolica,
1822 3921 1923 3986 vel
1976 3922 2199 4009 quavis
2241 3924 2549 3989 firmitate
2594 3925 2731 3991 alia.

410 4008 748 4085 roboratis,
779 4026 1182 4095 nequaquam
1213 4006 1639 4085 obstantibus,
1672 4006 2055 4075 auctoritate
2084 4010 2459 4095 apostolica,
2490 4022 2729 4079 tenore

411 4116 668 4161 suarum
698 4094 752 4158 si
781 4094 1057 4179 desuper
1077 4092 1390 4158 confectoe
1429 4092 1697 4159 fuissent
1724 4093 2103 4174 litterarum,
2138 4094 2221 4160 de
2252 4096 2509 4183 speciali
2538 4098 2726 4165 dono

408 4184 644 4267 gracioe
673 4182 988 4246 concessit
1015 4180 1255 4267 pariter
1284 4194 1351 4245 et
1381 4179 1662 4245 indulsit.
1753 4180 1856 4245 Ne
1906 4196 2125 4247 autem
2172 4182 2255 4247 de
2300 4184 2724 4251 concessione

409 4282 478 4333 et
508 4267 760 4332 indulto
789 4266 1172 4352 hujusmodi,
1221 4288 1342 4353 pro
1373 4288 1452 4332 eo
1482 4266 1659 4353 quod
1689 4288 1881 4353 super
1912 4266 2035 4333 illis
2064 4267 2222 4335 dicti
2267 4269 2519 4335 Nicolai
2550 4293 2722 4357 prae-

408 4353 760 4421 decessoris
784 4352 1016 4419 litterae
1046 4353 1697 4439 ejus-superveniente
1720 4354 1901 4419 obitu
1930 4355 2243 4424 consectae
2272 4378 2401 4421 non
2434 4358 2717 4437 fuerunt,

407 4442 620 4509 valeat
647 4440 1136 4530 quomodolibet
1165 4439 1484 4518 haesitari3
1521 4440 1810 4549 volumus
1842 4452 1909 4507 et
1931 4442 2313 4511 auctoritate
2336 4444 2713 4536 apostolica,
