3000 5117
467 408 718 484 dccxlii
933 425 1139 481 ffls’r.
1179 408 1538 479 mmmm.
1567 430 2033 482 sempronsss
2068 432 2278 485 Tuas.

467 591 549 655 ad
595 591 733 675 ejus
763 590 1260 670 exhibicionem‚
1291 604 1555 658 centum
1589 613 1853 656 marcas.
1947 593 2114 657 Item
2146 592 2235 659 do
2264 607 2331 660 et
2362 592 2511 681 lego
2547 594 2785 661 Aliciae

466 679 672 742 sorori
731 678 1108 757 eorundem,
1165 680 1246 743 ad
1303 681 1441 763 ejus
1501 678 1933 763 maritagium,
1998 680 2426 767 quadraginta
2486 706 2735 749 marcas
2762 708 2782 759 ;

468 766 820 830 dummodo
849 766 1024 829 bona
1051 788 1198 831 mea
1226 766 1308 830 ad
1341 765 1701 853 hujusmodi
1736 768 1953 854 legata
1980 781 2048 831 et
2068 765 2195 833 alia
2217 792 2418 835 onera
2435 770 2781 848 solvenda,

467 852 689 915 solutis
743 866 808 915 et
859 852 1156 917 deductis
1203 866 1274 917 ut
1319 876 1533 937 supra,
1568 853 1650 917 de
1682 876 1751 917 se
1782 852 2118 922 sufficiant.
2216 855 2381 921 Item
2410 856 2506 935 do,
2528 870 2597 923 et
2625 858 2785 945 lego

465 942 585 1005 sub
637 939 861 1005 eadem
917 939 1295 1003 condicione
1346 940 1639 1004 Roberto
1673 940 1952 1025 Marley‚
1986 940 2070 1005 ad
2103 964 2283 1007 usum
2319 966 2503 1009 suum
2536 958 2605 1008 et
2636 946 2785 1029 ejus

468 1026 712 1104 uxori3‚
767 1025 998 1113 viginti
1047 1026 1261 1103 libras
1324 1026 1388 1091 in
1451 1042 1686 1091 eventu
1742 1048 1871 1114 quo
1923 1042 2111 1112 pater
2160 1028 2449 1115 ejusdem
2498 1031 2785 1097 Roberti

467 1110 819 1198 adimpleat
849 1136 968 1198 pro
993 1127 1173 1197 parte
1203 1136 1320 1177 sua
1348 1136 1571 1178 omnes
1602 1126 1671 1179 et
1698 1112 2098 1179 omnimodas
2128 1118 2547 1183 condiciones
2578 1116 2786 1183 inter·

465 1200 793 1265 venientes
849 1197 1136 1285 ternpore
1187 1214 1555 1265 contractus
1604 1201 2087 1267 matrimonialis
2117 1203 2257 1267 initi
2289 1205 2459 1271 inter
2488 1205 2781 1283 eosdem,

465 1302 534 1351 et
564 1288 756 1351 aliter
785 1309 934 1353 non.
1029 1289 1196 1352 Item
1229 1288 1317 1352 do
1347 1301 1410 1351 et
1444 1287 1592 1372 lego
1616 1286 1940 1353 carissimo
1973 1291 2188 1374 nepoti
2223 1313 2367 1357 meo
2416 1292 2785 1357 Humfrido

467 1376 710 1451 Duae,
743 1376 1081 1457 armigero,
1114 1396 1236 1459 pro
1263 1398 1380 1438 suo
1410 1375 1585 1439 bono
1614 1375 1885 1441 servicio
1914 1375 2103 1441 michi
2123 1377 2433 1445 hactenus
2454 1378 2781 1465 impenso,

465 1476 540 1527 et
564 1462 656 1526 ad
677 1462 990 1527 orandum
1021 1484 1148 1547 pro
1163 1462 1377 1526 anima
1397 1484 1559 1539 mea,
1581 1462 2009 1550 qnadraginta
2031 1464 2227 1529 libras
2252 1466 2318 1530 in
2344 1468 2643 1551 pecunia,
2673 1468 2785 1532 vel

465 1544 542 1611 in-
560 1549 904 1635 gernyssh3
929 1549 1050 1635 ipsi
1081 1570 1346 1613 summae
1378 1549 1913 1637 equivalentibuS.
1991 1550 2152 1631 Item
2186 1552 2275 1617 do
2304 1567 2370 1618 et
2404 1553 2547 1637 lego
2568 1554 2787 1619 domi-

461 1658 548 1699 no
579 1636 858 1701 Ricardo
890 1636 1177 1713 Duffeld,
1210 1658 1416 1720 nuper
1447 1635 1685 1701 vicario
1715 1638 1799 1701 de
1826 1638 2203 1716 Straunton,
2236 1660 2355 1725 pro
2374 1640 2505 1707 suis
2526 1643 2785 1725 magnis

461 1724 789 1789 laboribus
814 1724 1008 1787 michi
1029 1725 1304 1788 instante
1330 1745 1471 1788 mea
1493 1724 1867 1789 infirmitate
1892 1724 2214 1809 impensiS,
2244 1750 2439 1791 unum
2457 1729 2785 1816 gernyssh

463 1810 666 1875 bladii
711 1810 941 1876 coloris
987 1832 1132 1874 cum
1179 1808 1426 1894 capicio
1470 1810 1681 1875 eidem
1728 1812 2113 1895 pertinente.
2202 1814 2372 1879 Item
2404 1814 2492 1879 do
2522 1828 2593 1879 et
2622 1816 2785 1901 lego

463 1897 770 1981 magistro
813 1896 1098 1963 ,Iohanni
1132 1898 1412 1981 Segden,
1447 1920 1647 1963 sacrae
1682 1898 1747 1962 T
1748 1898 2063 1986 heologiae
2094 1900 2461 1981 bucellario,
2494 1902 2785 1987 capella-

461 2007 550 2049 no
596 2008 739 2050 meo
785 1985 1064 2069 speciali,
1097 1984 1273 2048 aliud
1303 1982 1623 2049 almicium
1656 2008 1803 2049 cum
1834 2008 1967 2049 uno
1998 1988 2443 2073 superpellicio
2472 1989 2593 2053 sibi
2622 2012 2789 2076 per-

463 2074 734 2137 tinente.
832 2072 995 2135 keu)
1041 2070 1128 2135 do
1182 2086 1252 2136 et
1299 2072 1448 2155 lego
1495 2087 1774 2159 quatuor
1816 2073 2183 2157 presbiteris
2234 2074 2319 2139 de
2362 2076 2561 2141 domo
2602 2098 2783 2155 mea,

464 2157 683 2223 missas
732 2174 799 2224 et
846 2158 972 2223 alia
1017 2158 1237 2222 divina
1283 2159 1366 2223 ad
1417 2159 1660 2223 dictum
1714 2159 1919 2223 altare
1948 2161 2155 2225 sancti
2186 2162 2391 2227 Bedoe
2412 2185 2535 2249 pro
2562 2165 2785 2231 salute

461 2245 694 2311 nnimae
745 2268 910 2311 meae
958 2268 1077 2330 per
1125 2268 1318 2309 unum
1364 2268 1599 2309 aunum
1634 2260 1841 2312 totum
1872 2247 2307 2327 celebraturis,
2341 2250 2783 2337 quadran-iota

461 2356 705 2399 marcas
752 2333 920 2397 inter
961 2356 1030 2397 se
1061 2334 1374 2419 equaliter
1404 2332 1803 2399 dividendas.
1902 2334 2066 2401 Item
2096 2334 2186 2401 do
2216 2353 2285 2401 et
2320 2336 2465 2421 lego
2505 2304 2783 2403 Wfiliel-

461 2444 574 2486 mo
623 2421 911 2487 Gisburn
958 2420 1302 2485 secretario
1333 2441 1480 2485 meo
1514 2443 1711 2485 unum
1742 2420 1975 2485 librum
2005 2437 2305 2488 vocatum
2342 2422 2784 2491 willielmum

459 2508 523 2573 iu
575 2508 872 2595 Speculo.
971 2507 1332 2572 Residuurn
1362 2528 1519 2572 vero
1548 2508 1865 2572 bonorum
1913 2530 2201 2573 meorum
2244 2532 2374 2575 non
2406 2511 2781 2595 legatorum

460 2598 548 2661 do
601 2610 669 2661 et
713 2596 859 2680 lego
911 2595 1386 2660 Executoribus
1419 2596 1577 2659 meis
1620 2594 2133 2695 quibuscunque,
2165 2619 2283 2682 per
2320 2598 2784 2681 Super-visores

456 2683 645 2769 liujus
675 2684 1040 2748 testamenti
1070 2680 1913 2767 subscriptos-nominandis,
1946 2704 2219 2769 quorum
2244 2682 2505 2771 quidem
2536 2707 2781 2751 execu-

458 2784 676 2835 torum
718 2769 1238 2834 nominat-ionem
1263 2768 1330 2831 in
1358 2768 1480 2833 hac
1513 2784 1691 2853 parte
1721 2792 1945 2834 eorum
1976 2769 2475 2836 discrecionibus
2506 2794 2787 2838 reservo

455 2878 575 2943 per
603 2870 967 2942 praesentoe.
1039 2856 1138 2921 Ita
1162 2870 1373 2921 tamen
1406 2856 1579 2943 quod
1613 2856 1733 2939 ipsi
1760 2871 2145 2923 executores
2170 2880 2293 2943 per
2318 2880 2431 2923 eos
2455 2858 2783 2927 nominati

461 2966 631 3009 onus
655 2941 1225 3010 administracionis
1273 2942 1649 3027 hujusmodi
1688 2941 1757 3007 in
1800 2966 1871 3009 se
1898 2943 2343 3031 suscipientes,
2372 2967 2521 3010 eum
2564 2946 2781 3015 avisa-

459 3048 687 3096 memo
715 3045 778 3097 et
811 3030 1076 3095 consilio
1105 3030 1577 3115 supervisorum
1609 3030 2001 3115 hujusmodi,
2035 3032 2427 3097 voluntatem
2458 3054 2673 3099 meam
2706 3036 2783 3101 in

465 3118 806 3202 praemissis
846 3120 1042 3205 juxta
1069 3118 1405 3182 facultates
1451 3118 1765 3181 bonorum
1812 3140 2103 3183 meorum
2134 3118 2553 3206 adimpleant,
2586 3121 2787 3189 debi-

461 3221 658 3293 taque
687 3220 753 3271 et
781 3205 992 3290 legata
1067 3204 1408 3282 ersolvant,
1441 3228 1519 3269 ac
1548 3204 1870 3269 residuum
1900 3204 2289 3291 hujusmodi,
2322 3208 2375 3272 si
2406 3208 2583 3294 quod
2614 3207 2778 3275 inde

461 3306 815 3370 remaneat,
863 3292 930 3355 in
977 3228 1102 3357 aiia
1131 3291 1385 3375 pietatis
1417 3313 1617 3378 opera
1644 3314 1765 3378 pro
1794 3292 1999 3391 spiute
2028 3294 2263 3357 anime
2292 3315 2455 3359 meae
2484 3293 2779 3363 fideliter

461 3380 807 3465 disponant
829 3401 855 3455 ;
879 3380 1041 3443 sicut
1073 3381 1140 3441 in
1168 3392 1466 3443 extremo
1496 3378 1626 3443 Dei
1647 3378 1899 3463 judicio
1920 3401 2135 3445 coram
2160 3382 2305 3467 ipso
2328 3380 2479 3446 Deo
2501 3404 2780 3469 respon-

462 3464 623 3531 dere
668 3464 990 3529 voluerint
1039 3466 1104 3529 in
1159 3480 1416 3531 eventu.
1513 3466 1731 3551 Hujus
1777 3480 1993 3533 autem
2038 3467 2411 3533 testamenti
2448 3469 2599 3547 mei,
2632 3470 2779 3537 sive

461 3553 706 3618 ultimoe
751 3552 1124 3631 volunt-atis,
1151 3552 1399 3629 ordino,
1433 3552 1601 3617 facio
1630 3566 1699 3617 et
1728 3556 2054 3619 constituo
2092 3554 2563 3639 SupervisoreS,
2593 3556 2781 3623 vide-

353 3692 367 3707 ,
459 3639 614 3704 licet
643 3638 1138 3724 praecarissimos
1167 3655 1436 3725 nepotes
1460 3660 1633 3703 meos
1654 3640 1986 3705 dominum
2016 3640 2337 3707 Thomam
2366 3642 2582 3707 Nevill
2604 3644 2779 3708 mili-

409 3784 424 3795 .
462 3740 600 3793 tem
641 3739 710 3791 et
763 3726 1186 3791 Humfridum
1234 3726 1450 3791 Dacre
1479 3726 1908 3813 armigerum3
1954 3732 2203 3793 necnon
2238 3730 2667 3795 venerabilem
2700 3746 2777 3797 et

459 3814 992 3900 circumspectum
1053 3815 1258 3880 virum
1311 3813 1684 3898 magistrum
1739 3815 2165 3881 willielmum
2220 3817 2483 3902 Sci-ope,
2532 3817 2775 3903 proedi-

457 3902 790 3991 lectosque
835 3902 1103 3967 clericos
1135 3924 1312 3967 meos
1341 3902 1715 3985 magistrum
1746 3902 2111 3967 Johmmem
2147 3904 2425 3969 Lounde
2452 3904 2777 3969 cancella-

457 3990 625 4055 rium
679 4012 894 4055 meum
961 3989 1468 4054 Dunelmensem
1522 4005 1588 4055 et
1640 3988 2011 4073 magistrum
2060 3990 2420 4056 Johannem
2478 3990 2775 4080 Segden,

457 4100 657 4146 sacrae
700 4077 1086 4165 Theologi‘oe
1131 4076 1567 4155 bacallarium,
1624 4078 1885 4141 eosdem
1938 4100 2220 4143 exorans
2272 4078 2646 4165 suppliciter
2696 4094 2773 4145 et

455 4160 718 4241 devote,
767 4178 840 4228 ut
885 4187 1048 4229 onus
1095 4162 1543 4248 supervisionis
1588 4162 1955 4247 hujusmodi
1994 4164 2057 4229 in
2088 4188 2158 4229 se
2190 4178 2258 4230 et
2288 4188 2513 4230 eorum
2544 4188 2775 4253 quem-

452 4251 612 4317 libet
644 4250 726 4314 ad
757 4250 1056 4315 effectum
1088 4266 1514 4336 praeoptatum
1546 4250 1834 4336 recipere
1854 4251 2193 4330 voluerint,
2222 4252 2463 4319 intuitu·
2482 4251 2773 4319 caritatis

457 4352 526 4403 et
571 4337 700 4403 Dei
770 4358 1032 4413 amore3
1079 4340 1454 4422 promittens
1501 4360 1604 4401 me
1656 4351 1887 4410 ratum,
1921 4352 2203 4425 gratum,
2236 4354 2305 4406 et
2337 4342 2591 4405 firmum
2622 4360 2773 4424 per·-

455 4438 656 4511 petuo
707 4424 1074 4490 habiturum
1127 4438 1334 4490 totum
1381 4439 1452 4490 et
1477 4424 1781 4513 quiequid
1814 4448 1929 4512 per
1964 4426 2130 4513 ipsos
2161 4426 2610 4515 supet-visores),
2654 4440 2771 4495 aut
