3000 5117
804 473 1222 525 APPEme.
1262 472 1447 526 ANN.
1488 474 1780 525 chnl.
2347 474 2486 527 XXV

218 646 439 719 timum,
488 636 759 725 profecti
804 659 1060 712 sumus;
1106 650 1176 702 et
1220 637 1577 723 impetratis
1609 638 1692 701 ab
1722 660 1823 716 eo,
1855 638 2069 723 gratia
2097 636 2248 716 Dei,
2282 637 2490 701 omni-

217 730 339 807 bus,
368 750 515 815 quae
544 723 1019 791 racionabiliter
1047 738 1117 789 et
1144 724 1449 789 canonice
1472 724 1956 811 postulavimus,
1981 725 2232 809 singula
2253 725 2490 810 scripta

216 816 301 880 sui
346 815 711 880 valetudine
754 812 1119 877 confirmari
1162 810 1449 877 fecimus.
1551 813 1628 877 ln
1681 811 1979 901 Angliam
2026 812 2324 899 denique,
2375 832 2496 897 per

215 902 419 968 merita
446 901 623 968 beati
650 898 994 966 Cuthberti
1018 898 1311 985 perfecto
1340 901 1617 983 negocio
1639 912 1858 963 nostro
1877 898 2224 978 venientes,
2247 898 2496 964 auxilio

216 1005 271 1055 et
298 990 557 1055 consilio
606 986 853 1052 domini
904 986 1033 1049 mei
1068 986 1289 1071 Regis,
1323 1000 1392 1051 et
1437 986 1707 1050 aliorum
1739 986 2168 1071 probabilium
2210 986 2491 1051 virorum

216 1099 277 1141 re
361 1079 379 1139 i
408 1074 803 1149 testimonio,
834 1096 979 1137 cum
1002 1073 1277 1159 plurima
1300 1073 1778 1139 deliberacione
1799 1086 1868 1138 et
1891 1073 2278 1139 auctoritate
2309 1096 2500 1159 apos·

216 1100 393 1229 toffia
434 1162 993 1248 supranominatos
1040 1159 1306 1225 clericos
1350 1182 1391 1225 a
1438 1160 1860 1227 Dunelmensi
1889 1160 2160 1226 ecclesia
2187 1162 2497 1227 recedere

214 1250 481 1327 fecimuS,
504 1266 575 1315 et
606 1250 671 1314 in
696 1248 1015 1347 aliquibus
1036 1248 1447 1311 ecclesiarum
1472 1248 1881 1334 episcopatus
1905 1248 2104 1312 nostri
2128 1247 2220 1312 eis
2253 1248 2496 1314 victum

214 1351 273 1402 et
300 1340 595 1403 vestitum
620 1335 1039 1400 sufficientem
1072 1336 1552 1420 assignavimus,
1585 1349 1654 1400 et
1684 1335 2034 1401 monachos
2065 1336 2148 1400 de
2175 1336 2404 1421 Gyrue
2425 1346 2496 1401 et

218 1425 615 1490 Weremutha
666 1444 813 1489 cum
865 1444 983 1487 suo
1022 1420 1260 1500 Priore,
1294 1422 1451 1486 item
1500 1444 1588 1487 ex
1617 1436 1962 1507 -praecepto
1993 1422 2237 1487 domini
2273 1423 2492 1508 Papae,

214 1512 269 1575 iu
294 1514 557 1578 eandem
601 1510 935 1575 ecclesiam
982 1508 1476 1586 introduximus,
1519 1509 1604 1575 ad
1633 1510 2040 1575 serviendum
2071 1510 2313 1575 ibidem
2349 1510 2500 1575 Deo

212 1600 269 1662 in
294 1602 646 1685 praesencia
672 1596 959 1683 corporis
988 1596 1189 1661 sancti
1224 1597 1572 1662 Cuthberti
1597 1597 1974 1662 confessoris
2001 1596 2500 1684 imperpetuum.

214 1687 632 1751 concedimus
686 1684 881 1773 igitur
922 1686 1037 1761 eis,
1080 1698 1149 1748 et
1180 1684 1485 1768 praesenti
1515 1684 1754 1769 scripto
1783 1685 2254 1764 confirmamus,
2289 1685 2499 1773 quati-

210 1794 335 1852 nus,
366 1788 495 1839 tam
527 1772 929 1857 temporibus
974 1771 1207 1835 nostris
1246 1793 1437 1857 quam
1470 1773 1757 1836 omnium
1781 1794 2215 1839 successorum
2249 1788 2502 1838 nostro-

210 1883 360 1938 rum,
378 1862 617 1925 fratres
638 1858 929 1925 ecelesias
949 1858 1212 1923 liberam
1236 1880 1488 1945 semper
1505 1858 1890 1924 electionem
1918 1859 2158 1925 Prioris
2176 1862 2455 1926 habeant
2477 1884 2500 1935 3

208 1964 270 2012 et
312 1948 701 2035 quicumque
746 1946 832 2011 de
878 1968 997 2011 suo
1030 1945 1373 2011 conventu
1422 1948 1748 2011 communi
1801 1946 2069 2012 fratrum
2115 1948 2384 2013 consilio
2427 1962 2498 2013 et

208 2058 417 2099 eorum
484 2034 753 2121 propria
819 2034 1151 2099 voluntate
1217 2033 1403 2098 Prior
1473 2034 1719 2099 electus
1789 2034 1984 2099 fuerit
2043 2035 2126 2100 sit
2185 2036 2498 2102 secundus

206 2124 281 2187 ab
340 2122 669 2209 Episcopo
726 2121 789 2185 in
847 2122 1023 2185 omui
1075 2120 1393 2205 dignitate
1441 2134 1510 2185 et
1569 2121 1816 2187 honore
1884 2122 2172 2201 Abbati&
2233 2123 2499 2191 nomine

212 2210 459 2288 Prioris,
516 2208 693 2273 infra
738 2208 1071 2273 ecclesiam
1107 2208 1616 2273 Dunelmensem
1669 2221 1738 2273 et
1778 2222 2012 2287 extra3
2059 2223 2125 2275 et
2154 2210 2236 2276 sit
2267 2210 2503 2276 Archi-

208 2297 501 2363 ‹liaconus
554 2296 870 2385 omnium„
894 2294 1305 2361 ecclesiarum
1366 2318 1630 2361 suarum
1677 2294 1744 2360 in
1801 2297 2194 2384 Episcopatu
2245 2298 2501 2364 Dunel-

210 2388 416 2463 mensi,
449 2399 525 2450 ut
562 2383 773 2447 nullus
802 2404 997 2469 super
1016 2404 1165 2448 eum
1192 2382 1279 2448 de
1308 2383 1596 2449 ecclesiis
1639 2382 1742 2447 vel
1774 2384 2018 2449 clericis
2048 2385 2176 2451 suis
2205 2408 2274 2449 se
2301 2386 2502 2451 intro-

208 2473 443 2549 mittat3
486 2472 605 2536 sed
684 2470 889 2535 uictus
936 2470 1040 2549 sit,
1076 2483 1205 2535 tam
1260 2470 1394 2557 ipse
1423 2492 1616 2557 quam
1645 2471 1860 2535 clerici
1890 2472 2052 2558 ejus,
2085 2474 2170 2539 de
2198 2473 2500 2560 hospiciis

208 2577 267 2623 et
309 2559 569 2624 auxiliis
679 2559 1085 2643 piscoporum
1140 2572 1209 2623 et
1242 2558 1888 2636 Archidiaconorum,
1929 2573 1998 2625 et
2049 2562 2302 2625 caeteris
2353 2584 2500 2649 gra-

212 2647 557 2711 vaminibus
586 2659 656 2710 et
684 2644 1163 2711 vexacionibus.
1256 2646 1511 2710 Damus
1539 2646 1737 2711 etiam
1764 2646 1973 2711 Priori
1992 2658 2060 2712 et
2089 2648 2498 2713 concedimus

210 2748 272 2797 ut
298 2735 541 2801 habeat
572 2733 793 2798 sedem
838 2732 907 2797 in
958 2731 1181 2810 choro,
1216 2730 1383 2797 sicut
1416 2733 1658 2811 Abbas,
1691 2746 1762 2799 et
1791 2735 2133 2800 dexteram
2166 2736 2407 2823 Episco
2453 2738 2496 2814 i,

206 2836 265 2884 et
312 2822 692 2886 facultatem
748 2818 1093 2905 plenariam
1142 2819 1209 2883 in
1254 2820 1526 2885 consilio
1563 2820 1850 2907 Capituli
1879 2822 1978 2886 sui
2007 2823 2348 2889 ordinandi
2425 2846 2499 2888 o-

206 2930 366 2973 mum
422 2930 615 2973 suam
646 2907 711 2972 in
746 2906 1152 2972 interioribus
1200 2919 1267 2971 et
1310 2908 1740 2973 exterioribus
1787 2910 2053 2992 agendis
2083 2910 2232 2989 suis,
2267 2924 2398 2976 tam
2431 2912 2500 2975 in

206 2996 477 3061 ecclesiis
560 3016 706 3059 uam
740 2994 807 3059 in
840 2994 1025 3058 terris
1054 3006 1122 3059 et
1148 2993 1401 3059 caeteris
1431 2994 1949 3080 possessionibus,
1983 3010 2051 3062 et
2078 2997 2402 3062 statuendi
2433 3010 2500 3063 et

204 3017 569 3149 removengi
612 3082 963 3147 monachos
1008 3080 1331 3159 officiales,
1364 3082 1530 3147 sicut
1561 3082 1870 3168 expedire
1899 3082 2199 3149 viderint.
2295 3084 2504 3149 Volu-

206 3192 333 3234 mus
359 3171 585 3248 etiam,
622 3183 715 3247 ut,
748 3170 931 3233 nobis
976 3169 1371 3246 absentibus,
1404 3169 1753 3254 praedictus
1804 3169 1992 3234 Prior
2033 3169 2100 3234 in
2131 3170 2382 3258 synodo
2411 3173 2496 3237 de

208 3258 493 3344 quaerelis
528 3270 601 3322 et
630 3256 769 3321 aliis
804 3255 1301 3322 Christianitatis
1324 3256 1570 3335 officiiS,
1604 3280 1750 3345 quae
1783 3258 1916 3342 ipse
1945 3270 2014 3323 et
2049 3257 2498 3325 Archidiaconi

206 3368 309 3429 per
334 3368 403 3410 se
442 3345 667 3409 facere
708 3346 975 3429 possint,
1024 3342 1194 3409 vices
1238 3357 1491 3409 nostras
1537 3360 1710 3433 agat.
1807 3344 2074 3411 Curiam
2105 3368 2260 3413 vero
2289 3369 2491 3426 suam,

206 3454 383 3583 (ἔξω
431 3432 741 3498 dominus
792 3454 973 3497 meus
1010 3431 1157 3496 Rex
1192 3431 1584 3497 Willielmus
1628 3431 1808 3498 dedit
1837 3447 1904 3497 et
1934 3434 2254 3499 concessit
2285 3436 2496 3501 eidem

260 3520 401 3585 riori
456 3534 529 3585 ct
566 3518 951 3597 Conventui,
1001 3518 1095 3585 ita
1140 3519 1342 3585 libere
1394 3532 1461 3583 et
1505 3520 1860 3585 honorifice
1889 3518 1955 3585 in
1984 3522 2300 3601 omnibus,
2335 3523 2500 3589 sicut

206 3606 504 3673 habemus
528 3620 835 3685 nostram,
862 3606 954 3671 eis
977 3608 1387 3671 concedimus
1406 3620 1473 3671 et
1497 3608 1949 3672 confirmamus
1974 3633 1993 3685 3
2025 3632 2170 3675 cum
2201 3611 2500 3677 omnibus

206 3693 607 3761 libertatibus
636 3706 705 3759 et
730 3694 1320 3772 consuetudinibus,
1369 3715 1518 3782 quae
1541 3694 1623 3759 ad
1659 3694 1921 3761 Curiam
1952 3697 2302 3780 pertinent,
2334 3700 2502 3766 infra

208 3782 471 3868 burgum
526 3796 594 3847 et
648 3797 857 3859 extra,
918 3804 1065 3847 cum
1110 3782 1304 3847 sacha
1345 3796 1413 3845 et
1443 3783 1640 3846 soche
1670 3796 1735 3849 et
1776 3783 1869 3847 tol
1899 3799 1966 3849 et
1995 3798 2164 3851 team
2195 3801 2264 3850 et
2293 3784 2502 3851 infan-

208 3870 518 3953 genethef
538 3883 608 3934 et
639 3869 888 3934 werech
932 3884 998 3935 et
1027 3870 1324 3935 omnibus
1353 3869 1676 3959 regalibus
1707 3871 2294 3949 consuetudinibus,
2326 3894 2496 3959 quae,

210 3957 349 4022 Deo
406 3970 699 4035 auctore,
748 3958 946 4022 beato
1008 3956 1373 4022 cuthberto
1418 3980 1459 4022 a
1525 3956 1622 4022 Re
1671 3956 1812 4022 ibus
1874 3958 2128 4041 Angliae
2173 3980 2499 4025 concessas

208 4059 369 4110 sunt.
464 4046 579 4121 Et,
628 4046 782 4131 quia
822 4044 1255 4130 possessiones
1304 4045 1593 4109 ecclesiae
1699 4044 2080 4110 unelmensis
2111 4043 2365 4109 duobus
2395 4048 2500 4111 vel

210 4132 401 4196 tribus
435 4130 747 4197 Cenobiis
772 4153 899 4197 non
926 4144 1193 4217 possunt
1211 4132 1522 4209 sufficere,
1545 4132 1970 4219 praecipimus,
1995 4153 2116 4217 pro
2137 4134 2509 4199 reverencia

212 4234 273 4284 et
296 4221 566 4307 antiqua
609 4218 923 4303 dignitate
970 4220 1279 4299 locorum,
1328 4220 1505 4308 quod
1551 4234 1684 4284 tam
1729 4220 1794 4282 in
1828 4218 2338 4285 Lindisfarnensi
2367 4244 2507 4287 mo-

213 4308 507 4383 nasterio,
554 4330 747 4394 quam
792 4306 859 4371 in
898 4307 1247 4395 Gyruensi,
1296 4324 1363 4374 et
1399 4306 1950 4386 Weremuthensi,
1985 4307 2304 4387 monachi,
2347 4326 2507 4397 quot

218 4394 397 4460 Prior
447 4394 905 4459 Dunelmensis
949 4394 1328 4480 providerit,
1378 4418 1632 4494 semper
1661 4410 2002 4471 maneant3
2051 4396 2159 4483 qui
2191 4398 2274 4461 ad
2305 4396 2506 4462 hono-

215 4504 339 4545 rem
374 4482 511 4547 Dei
560 4482 892 4547 servicium
941 4484 1236 4571 regulare
1283 4482 1371 4548 ibi
1420 4483 1676 4547 faciant.
1773 4482 1880 4560 Et,
1915 4483 1998 4547 ad
2029 4484 2336 4569 proedicta
2369 4508 2510 4550 mo-

218 4570 493 4637 nasteria
540 4570 955 4637 restauranda
1007 4586 1075 4637 et
1124 4570 1506 4650 edificanda,
1570 4571 2006 4651 concedimus,
2071 4585 2140 4636 ut
2193 4572 2510 4657 accipiant
