3000 5117
802 429 1242 494 arsnnmx.
1299 430 1482 479 Anu.
1524 428 1833 483 mecca·
2210 404 2493 477 clxxxiii

509 711 542 730 N

355 880 542 925 chx.
591 880 984 925 MANDATUM
1022 879 1248 923 chuno
1283 877 1657 923 moer-snos
1691 876 2009 921 mmmmm.
2049 876 2311 921 MISSUM

351 968 442 1009 AD
487 968 892 1013 ARMANDUM
917 968 1004 1011 SR
1039 966 1316 1011 coN‘rnA
1345 964 1661 1009 lmfflcos
1694 963 1915 1008 ntem
1950 964 2037 1007 m·
2076 964 2315 1008 nssmt-

355 1052 512 1099 DUM
543 1054 873 1099 PARATOS·

1065 1164 1229 1233 ἵῑῑιοο.
1248 1170 1334 1221 19.
1359 1166 1463 1219 No.
1485 1170 1595 1235 a]

269 1280 554 1347 Thomas
615 1282 700 1348 de
757 1282 1060 1359 Weston,
1115 1282 1480 1347 licentiatus
1530 1282 1593 1345 in
1648 1280 1917 1366 legibus,
1976 1281 2487 1347 Archidiaconns

187 1368 650 1445 Dunelmensis,
709 1367 1074 1434 Reverendi
1125 1372 1188 1431 in
1241 1368 1504 1433 Christo
1561 1369 1771 1435 Patris
1821 1382 1889 1432 et
1942 1367 2185 1432 domini
2226 1368 2489 1433 Walteni

187 1453 305 1519 Dei
354 1456 568 1542 gratia
623 1456 1079 1520 Dunolmensis
1130 1455 1454 1541 Episcopi,
1510 1454 1651 1534 ipso
1696 1455 1761 1518 in
1806 1454 2071 1519 remotis
2116 1472 2371 1539 agente,
2418 1456 2487 1519 in

194 1541 634 1625 spiritualibus
663 1544 958 1608 Vicarius
1002 1542 1346 1626 generalis,
1381 1541 1737 1605 reverendo
1766 1557 1835 1605 et
1866 1540 2169 1629 religioso
2200 1541 2338 1605 viro
2368 1543 2487 1605 do-

183 1628 348 1692 mino
387 1630 678 1695 Johanni
729 1628 936 1694 Priori
980 1628 1271 1693 ecclesioe
1305 1628 1783 1705 Dunelmensis‚
1818 1648 2069 1692 necnon
2098 1627 2490 1693 honorabili·

187 1715 294 1777 bus
349 1715 498 1779 viris
557 1718 867 1801 magistro
917 1717 960 1782 J
966 1715 1202 1781 ohanni
1251 1714 1335 1779 de
1393 1716 1637 1779 Dalton
1690 1713 1969 1779 Officiali
2028 1714 2483 1793 Dunohnensi,

185 1800 434 1867 domino
483 1803 782 1868 Roberto
813 1802 898 1867 de
937 1802 1220 1889 Wyelyff
1243 1801 1735 1867 constabulario
1766 1800 2216 1879 Dunolmensi,
2248 1801 2484 1888 magis-

188 1887 288 1949 tris
313 1888 595 1953 ,Iohanni
623 1889 706 1954 de
739 1890 976 1973 Danby
1005 1890 1318 1954 canonico
1353 1888 1767 1965 Eboraeensi,
1797 1887 2165 1973 ‚rectorique
2194 1890 2482 1953 ecclesiae

187 1975 664 2055 parochialis‘de
692 1976 1087 2040 Wermouth
1133 1976 1450 2061 Episcopi,
1485 1990 1551 2039 et
1582 1974 1865 2039 Johanni
1896 1974 1979 2039 de
2008 1975 2241 2059 Cokyn
2270 1975 2484 2041 Deca-

187 2080 264 2123 no
306 2062 594 2139 ecclesia}
643 2062 1024 2151 Collegiatae
1069 2064 1152 2127 de
1201 2062 1699 2145 Langechester,
1726 2062 1999 2125 salutem
2036 2060 2099 2124 in
2130 2085 2209 2125 eo
2238 2062 2350 2150 qui
2380 2080 2482 2129 est

190 2149 454 2212 omnium
505 2171 661 2213 vera
707 2149 898 2213 salus,
999 2150 1204 2215 Breve
1251 2152 1498 2232 regium
1546 2171 1757 2233 nuper
1798 2170 1943 2212 rece
1997 2149 2156 2212 imus
2190 2162 2511 2214 tenorem.

187 2234 498 2299 continens
543 2235 1041 2321 infrascriptum.
1121 2236 1461 2300 -Henricus
1510 2234 1639 2298 Dei
1684 2235 1893 2319 gratia
2043 2257 2087 2297 x
2122 2236 2379 2319 Angliae
2409 2252 2481 2301 et
2542 2264 2549 2273 ·

192 2318 462 2385 Franciae
515 2336 590 2387 et
647 2322 964 2387 Dominus
1019 2321 1350 2385 Hibernioe
1397 2321 1743 2386 venerabili
1774 2321 1839 2384 in
1877 2322 2139 2387 Christo
2172 2321 2336 2405 patri
2377 2322 2479 2391 W.

187 2407 394 2471 eadem
438 2407 654 2492 gratia
703 2408 1031 2493 Episcopo
1079 2408 1523 2485 Dunelmensi,
1548 2408 1846 2476 salutem.
1948 2409 2121 2473 Satis
2152 2408 2480 2474 informati

187 2492 322 2555 estis
365 2494 644 2581 qualiter
693 2495 930 2559 inimici
983 2496 1190 2559 nostri
1241 2495 1550 2571 Franciae,
1606 2510 1675 2559 et
1719 2494 1828 2559 alii
1875 2494 1995 2559 sibi
2046 2495 2475 2575 adhaerentes,

187 2579 452 2645 facinora
477 2605 602 2647 sua
627 2604 780 2667 erga
808 2604 924 2648 nos
953 2596 1022 2646 et
1045 2580 1094 2645 li
1141 2604 1253 2647 eos
1285 2594 1556 2659 nostros,
1590 2580 1745 2645 licet
1772 2580 2106 2659 indirecte,
2140 2581 2223 2645 de
2272 2566 2478 2647 die⁸in

187 2665 340 2729 diem
362 2667 860 2768 circumqpaque
890 2682 1074 2733 osten
1121 2682 1329 2746 enteS,
1363 2690 1513 2733 cum
1543 2690 1777 2757 magna
1804 2667 2005 2733 classe
2036 2668 2295 2733 navium
2324 2691 2475 2734 cum

186 2752 448 2818 maxima
490 2755 906 2819 multitudine
951 2770 1346 2819 armatorum
1381 2769 1451 2819 et
1481 2754 1865 2820 bellatorum
1896 2777 2091 2840 supra
2120 2777 2293 2821 mare
2324 2778 2477 2821 con-

187 2839 432 2922 gregati,
479 2840 764 2906 diversas
809 2841 990 2907 villas
1021 2864 1214 2928 super
1241 2855 1527 2906 coeteras
1556 2841 1737 2925 regni
1766 2844 1970 2907 nostri
2005 2842 2262 2929 Angliae
2295 2842 2473 2909 inva-

189 2922 344 3002 dere,
391 2949 468 2991 ac
514 2949 636 2991 nos
683 2941 750 2992 et
791 2950 1066 3012 regnum
1111 2941 1406 2993 nostrum
1435 2928 1841 3013 praedictum,
1876 2949 2131 2992 necnon
2159 2929 2475 3013 populum

185 3024 456 3077 nostrum
485 3035 606 3098 per
635 3028 869 3079 terram
901 3027 970 3079 et
991 3036 1168 3079 mare
1195 3015 1551 3091 destruere,
1582 3029 1651 3078 et
1682 3014 2017 3078 ecclesiam
2050 3014 2477 3100 Anglicanam

187 3097 450 3163 subicere
469 3122 622 3165 cum
653 3100 950 3165 omnibus
975 3102 1210 3165 viribus
1234 3100 1577 3165 intendunt
1600 3115 1666 3165 et
1690 3113 2097 3187 proponunt3
2130 3123 2243 3184 per
2272 3102 2485 3188 quod,

189 3182 450 3249 volentes
499 3185 848 3251 salvacioni
889 3187 1048 3252 dicti
1097 3188 1312 3272 Regni
1360 3186 1559 3251 nostri
1589 3200 1657 3251 et
1685 3187 2072 3272 populorum
2101 3202 2471 3254 nostrorum

188 3290 252 3332 ac
285 3272 566 3339 ecclesioe
593 3288 830 3339 sanctae
861 3288 1088 3338 contra
1113 3274 1432 3339 maliciam
1461 3290 1827 3339 nostrorum
1858 3272 2279 3352 inimicorum,
2315 3298 2475 3360 ope·

187 3369 350 3421 rante
399 3359 752 3437 Altissimo,
803 3360 1166 3445 providere,
1217 3382 1332 3445 per
1363 3360 1644 3424 diuersas
1676 3362 2159 3425 commissiones
2190 3364 2469 3445 assignar-

111 3442 120 3449 “
189 3444 368 3507 vimus
390 3462 598 3511 certos
623 3446 848 3512 fideles
877 3462 1128 3511 nostros
1157 3446 1222 3509 in
1251 3448 1515 3531 singulis
1552 3446 1985 3511 comitatibus
2024 3446 2234 3530 Regni
2266 3450 2469 3514 nostri

189 3530 452 3609 praedicti
479 3534 568 3597 ad
596 3534 1028 3611 arraiandum,
1060 3556 1136 3598 ac
1174 3533 1434 3597 arraiari
1465 3548 1529 3597 et
1556 3533 1797 3598 armari
1826 3534 2213 3612 faciendum,
2247 3558 2470 3601 omnes

190 3614 450 3682 homines
497 3620 968 3695 defensabiles;
1019 3620 1318 3685 videlicet
1363 3620 1715 3707 quemlibet
1760 3642 1982 3685 eorum
2003 3622 2199 3705 juxta
2226 3637 2469 3687 statum

187 3716 244 3762 et
283 3705 608 3771 facultates
655 3729 840 3782 suas;
893 3719 960 3770 et
1005 3728 1114 3771 eos
1159 3708 1486 3782 arraiatos,
1520 3721 1801 3772 armatos
1832 3721 1901 3771 et
1933 3708 2235 3785 munitos,
2272 3708 2331 3772 in
2366 3732 2468 3777 ar·

187 3790 466 3857 raiatione
491 3792 866 3877 hujusmodi
897 3792 1104 3859 teneri
1133 3792 1532 3869 faciendum;
1576 3794 1665 3858 sic
1694 3794 1873 3879 quod
1901 3816 2155 3878 semper
2186 3797 2467 3880 prompti

187 3872 294 3938 sint
335 3890 402 3941 et
447 3879 656 3964 parati
708 3880 790 3943 ad
843 3879 1382 3964 proficiscendum
1429 3879 1494 3942 in
1542 3880 1981 3945 defensionem
2026 3884 2211 3963 regni
2260 3882 2464 3946 nostri

185 3963 468 4041 praedicti,
523 3966 655 4043 ubi,
709 3988 785 4030 ac
833 3966 1164 4053 quodem,
1219 3983 1288 4030 et
1334 3966 1615 4053 quando,
1664 3988 1750 4030 ex
1800 3966 2075 4029 hostium
2108 3966 2461 4031 incursibus

183 4048 506 4128 periculum
548 4054 902 4130 immineat,
941 4067 1054 4116 aut
1083 4074 1344 4117 necesse
1372 4051 1565 4117 fuerit
1596 4052 1999 4138 aliqualiter3
2048 4051 2457 4119 advertentes

183 4152 316 4198 vero
358 4138 530 4223 quod
581 4162 716 4216 vos,
769 4152 838 4203 et
880 4138 1082 4203 ceteri
1132 4138 1412 4216 Praelati,
1461 4161 1538 4203 ac
1586 4152 1757 4203 totus
1803 4139 2031 4203 Clerus
2062 4128 2215 4203 die'ti
2250 4142 2456 4228 regni,

183 4240 290 4283 una
315 4244 454 4287 cum
484 4224 622 4289 aliis
651 4225 950 4291 fidelibus
979 4224 1212 4289 nostris
1241 4225 1326 4289 ad
1356 4226 1776 4295 resistendum
1806 4224 1994 4288 dictis
2018 4224 2284 4289 inimicis
2314 4250 2463 4292 nos·

183 4306 278 4369 tris
327 4330 437 4391 pro
483 4312 848 4375 salvacione
901 4327 1146 4376 sanctoe
1200 4312 1488 4377 ecclesioe
1544 4326 1610 4375 et
1664 4312 1947 4395 ejusdem
2002 4312 2189 4395 regni
2231 4336 2455 4385 manus

181 4395 458 4459 tenemini
500 4420 828 4485 apponere
859 4398 1225 4484 adjutrices,
1260 4397 1438 4465 vobis
1470 4397 1537 4461 in
1570 4398 1701 4465 fide
1733 4412 1797 4466 et
1828 4396 2193 4476 dilectione,
2227 4402 2454 4487 quibus
