3000 5117
778 501 1197 575 APPENDix.
1251 502 1437 581 ANN.
1478 498 1956 555 Mcccchvx.
2299 472 2526 547 cclxix

238 665 333 730 hic
358 662 561 729 brevis
592 661 879 749 sequitur
908 662 1181 740 menci0,
1214 684 1343 727 non
1373 662 1510 727 sine
1539 662 1762 727 labore
1793 673 1858 727 et
1887 656 2106 726 studio
2133 654 2524 743 compilavit,

241 768 299 817 et
331 773 438 837 per
476 750 831 813 Robertum
872 750 1343 817 Westmorland
1374 749 1566 815 scribi
1595 749 1768 815 fecit.

323 840 393 903 ln
420 837 657 922 primiS,
691 837 861 901 idem
892 837 1243 915 Johannes,
1278 850 1620 925 antequam
1666 850 1806 903 erat
1835 834 1900 899 in
1933 832 2223 899 Priorem
2253 841 2528 908 creatus,

248 926 511 1009 collegit,
538 946 657 1009 per
676 924 939 989 modum
960 924 1395 1003 articulorum,
1412 927 1566 1011 jura
1585 936 1654 989 et
1671 920 2010 1010 privilegia
2029 918 2534 985 Archidiacona-

238 1030 341 1077 tus
394 1012 630 1077 Prioris
708 1011 773 1073 in
832 1010 1114 1075 ecclesiis
1163 1012 1313 1089 suiS,
1372 1012 1677 1075 adversus
1735 1010 2112 1093 magistrum
2168 1007 2534 1073 Johannem

242 1099 545 1165 Rekenall
584 1098 1119 1161 Archidiaeonum
1155 1098 1686 1173 Northumbriae;
1730 1110 1798 1163 et
1827 1097 2001 1160 idem
2043 1094 2293 1161 articuli
2322 1093 2539 1159 valent

240 1187 317 1253 ad
340 1185 770 1250 defensionem
801 1200 1027 1249 contra
1055 1185 1597 1250 Archidiaconum
1631 1185 2162 1250 Dunelmensem.

312 1274 502 1351 Item,
538 1274 644 1337 De
680 1271 1041 1337 Primordio
1072 1287 1139 1336 et
1176 1272 1521 1357 Progressa
1556 1272 1738 1337 Sedis
1773 1269 2171 1358 Episcopalis
2201 1279 2268 1333 et
2300 1267 2540 1333 Mona·

238 1360 427 1425 chicae
456 1358 969 1424 conversacionis
1006 1358 1437 1424 Ecclesiarum
1474 1359 2011 1424 Lindisfarnensis
2041 1369 2107 1421 et
2140 1356 2538 1421 Dunelmen-

241 1448 337 1524 εἰς,
382 1448 557 1531 prius
601 1445 1077 1531 compendiose,
1124 1460 1273 1532 post
1323 1446 1594 1511 Librum
1643 1470 1727 1512 ex
1763 1444 2436 1529 diversis'ZOpusculis
2468 1456 2537 1508 et

244 1534 441 1599 multis
480 1534 747 1618 Scriptis
772 1533 1109 1618 fidedignis
1128 1534 1490 1599 collectum.
1591 1534 1672 1599 O.
1707 1540 1768 1599 2.
1943 1532 2184 1613 [These
2203 1536 2541 1615 references

236 1624 391 1704 refer
421 1622 731 1703 probably
768 1631 834 1685 to
878 1622 976 1685 Hie
1014 1626 1351 1703 respective
1394 1624 1764 1699 documen,
1811 1641 1882 1685 eo
1907 1622 2183 1698 marked,
2210 1622 2546 1703 preserved

233 1714 301 1772 ,in
326 1710 419 1772 the
457 1709 831 1789 Treasury]

326 1795 485 1859 Item
517 1794 801 1858 diversos
839 1794 1119 1859 Rotulos
1162 1793 1451 1879 depictos
1495 1818 1686 1880 super
1715 1792 2044 1859 Mis-aculis
2079 1794 2297 1860 Sancti
2327 1793 2534 1859 Cuth-

239 1882 415 1959 berti,
448 1903 595 1945 cum
630 1882 939 1946 Versibus
968 1881 1211 1945 eisdem
1269 1882 1606 1947 Miraculis
1659 1879 2216 1961 concordantibuS,
2272 1902 2391 1967 pro
2443 1882 2538 1947 vi-

240 1969 537 2033 triacione
572 1968 855 2033 Claustri
886 1968 987 2034 vel
1020 1968 1171 2032 alibi
1202 1967 1520 2033 facienda.
1615 1970 1694 2034 B.
1725 1975 1788 2033 3.
1813 1969 1877 2033 d.

324 2056 483 2120 Item
516 2054 689 2119 idem
720 2054 981 2139 collegit
1010 2077 1095 2120 ex
1125 2054 1387 2119 diversis
1423 2055 1714 2121 Cronicis
1759 2071 1826 2120 et
1875 2053 2144 2140 Scriptis
2177 2054 2540 2119 Fundacio-

236 2164 380 2207 nem
418 2142 961 2207 Monasteriorum
996 2141 1184 2227 Nigri
1223 2142 1485 2207 Ordinis
1539 2142 1762 2208 Sancti
1795 2142 2137 2207 Benedicti
2167 2142 2334 2206 infra
2361 2144 2538 2227 Reg-

248 2251 389 2292 num
436 2228 715 2316 Angliae.
811 2230 889 2293 C.
922 2234 985 2296 4.

326 2317 487 2379 ltem
516 2315 693 2401 quod
728 2316 911 2380 Prior
940 2330 1009 2381 ‚et
1044 2315 1419 2401 Capitulum
1450 2338 1582 2380 non
1612 2316 1854 2380 habent
1884 2316 2162 2381 scribere
2191 2314 2315 2381 hoc
2346 2337 2540 2382 voca-

236 2403 453 2466 bulum
491 2405 927 2467 Obedienciam
956 2402 1024 2467 in
1054 2404 1183 2467 suis
1227 2404 1836 2488 praesentacionibus
1867 2402 2136 2468 domino
2174 2404 2542 2490 Archiepis-

236 2511 401 2573 copo
438 2489 849 2553 Eboracensi.
942 2490 1023 2557 L.
1052 2495 1115 2557 5.
1150 2490 1217 2555 d.

328 2577 491 2641 Item
524 2576 699 2641 idem
738 2577 921 2640 Prior
951 2578 1195 2641 notavit
1226 2578 1289 2641 in
1316 2576 1547 2664 quibus
1584 2576 1795 2642 Libris
1825 2589 1892 2641 et
1924 2577 2239 2662 Capitulis
2270 2576 2546 2643 fundan-

242 2673 347 2724 tur
385 2664 737 2747 Scripturae
779 2664 897 2726 sub
943 2664 1213 2749 pedibus
1266 2664 1653 2747 Ymaginnm
1691 2664 2166 2730 Monachorum
2197 2665 2281 2729 ad
2315 2664 2538 2731 Altare

242 2749 431 2815 sancti
466 2750 807 2815 Benedicti
832 2773 851 2825 3
897 2773 1043 2813 cum
1063 2752 1592 2835 superaddicione
1615 2750 2014 2815 diversorum
2033 2750 2366 2817 nominum
2389 2776 2537 2841 quae

243 2838 405 2919 prius
434 2859 566 2900 non
600 2851 783 2903 erant
806 2836 1041 2921 scripta
1070 2839 1173 2902 vel
1203 2838 1497 2903 collecta.
1588 2838 1675 2902 D.
1701 2839 1765 2906 6.

332 2923 508 3001 Item,
565 2924 696 2988 Pro
748 2924 1157 2989 Immunitate
1206 2925 1519 3001 Reor-um,
1573 2925 1658 2989 ad
1702 2924 2076 3003 Ecclesiam,
2125 2925 2540 2992 Cimiterium

238 3010 334 3076 ,vel
364 3010 559 3077 alium
590 3010 805 3074 locum
834 3010 997 3077 infra
1027 3024 1211 3097 septa
1245 3012 1630 3077 Monasterii
1662 3011 2202 3095 confugiencium.

330 3097 513 3175 Item,
556 3098 687 3161 Pro
710 3098 1115 3180 separalitate
1157 3100 1508 3163 Boscorum
1553 3112 1622 3163 et
1654 3098 2005 3163 Terrarum
2038 3097 2542 3163 Dominicalium

241 3183 319 3247 de
354 3182 539 3249 Elvet
598 3184 685 3249 ad
742 3184 1181 3249 Hostillarium
1215 3188 1680 3269 pertinencium
1708 3208 1726 3260 ;
1757 3205 2001 3249 necnon
2035 3207 2150 3268 pro
2180 3198 2358 3250 secta
2391 3185 2544 3251 Mo-

240 3268 466 3334 lendini
491 3271 577 3335 de
610 3271 913 3336 Scaltoke
942 3287 1011 3337 et
1046 3272 1246 3337 Furni
1280 3272 1520 3337 Prioris
1552 3273 1635 3337 de
1671 3271 1910 3336 Elvett.
2004 3272 2082 3339 E.
2120 3276 2185 3339 8.

326 3356 511 3436 Item,
550 3359 683 3423 Pro
727 3358 1133 3442 separalitate
1178 3359 1479 3424 habenda
1509 3361 1572 3422 in
1611 3358 1804 3422 Mora
1831 3358 1914 3423 de
1949 3358 2399 3447 Beaurepayre
2429 3359 2544 3425 ad-

246 3464 455 3508 versus
485 3458 777 3511 tenentes
810 3446 893 3509 de
932 3446 1153 3510 Veteri
1189 3446 1434 3530 Burg0.
1530 3446 1602 3510 F.
1635 3450 1676 3513 9
1709 3446 1773 3513 d.

329 3530 511 3610 Item,
560 3533 691 3597 Pro
739 3552 1085 3597 communa
1127 3546 1389 3616 pastura
1432 3535 1495 3595 in
1544 3554 1728 3597 mora
1771 3532 1854 3596 de
1893 3530 2341 3622 Queryngdon
2385 3533 2552 3599 inter

242 3638 479 3683 moram
498 3619 585 3683 de
607 3618 959 3704 Shyncliffe
990 3631 1056 3683 et
1080 3641 1327 3685 moram
1356 3620 1443 3684 de
1469 3618 1859 3697 Trillesden,
1880 3641 2072 3705 quarn
2105 3642 2352 3685 moram
2373 3620 2550 3685 Wil-

240 3702 484 3769 lielmus
520 3705 835 3770 Elmeden
867 3726 983 3789 per
1010 3718 1218 3770 cartas
1249 3728 1418 3769 rasas
1450 3719 1517 3769 et
1550 3707 1634 3771 de
1663 3727 1836 3770 novo
1866 3706 2134 3791 scriptas
2162 3707 2398 3771 clamat
2428 3707 2548 3771 mi-

245 3810 356 3855 nus
374 3792 550 3875 juste
594 3792 682 3860 ad
704 3794 1059 3856 manerium
1092 3816 1279 3856 suum
1320 3794 1403 3857 de
1436 3793 1803 3857 Trillesden
1856 3793 2199 3878 pertinere,
2225 3817 2358 3858 una
2397 3816 2548 3859 cum

242 3878 626 3959 probacione
650 3879 825 3967 quod
855 3878 1050 3943 dictae
1080 3893 1276 3943 cartae
1307 3893 1455 3943 sunt
1486 3879 1807 3947 invalidae.
1903 3879 2004 3946 M.
2047 3884 2146 3946 10.
2183 3880 2246 3943 d.

330 3964 515 4043 Item,
554 3966 687 4029 Pro
728 3988 914 4030 cursu
962 3987 1149 4052 aquae
1197 3965 1547 4030 molendini
1593 3967 1675 4031 de
1727 3966 1914 4043 Hett,
1947 3987 2066 4050 per
2117 3964 2548 4034 Willielmum

252 4049 561 4117 Elmeden
608 4052 931 4117 chevalier
974 4052 1201 4131 fracto,
1234 4065 1299 4118 et
1338 4076 1378 4118 a
1406 4053 1610 4118 fundo
1640 4053 1927 4137 ejusdem
1957 4050 2224 4140 antiquo
2253 4052 2320 4115 in
2351 4052 2546 4122 alium

248 4137 512 4202 fundum
546 4138 819 4203 diverso.
918 4138 1004 4203 N.
1046 4144 1142 4203 ll.
1173 4140 1238 4204 d.

338 4224 519 4303 Item,
560 4226 689 4290 Pro
724 4226 922 4291 Curia
956 4225 1193 4291 Prioris
1231 4226 1403 4310 apud
1438 4224 2016 4311 Hemyngeburgh,
2051 4223 2226 4311 quod
2257 4236 2550 4291 tenentes

250 4308 480 4375 ibidem
515 4334 645 4375 non
677 4313 919 4379 debe‘nt
950 4335 1323 4398 comparere
1355 4313 1419 4379 in
1446 4311 1646 4379 Curia
1671 4312 1752 4377 de
1775 4312 1979 4377 Leete
2000 4312 2174 4396 apud
2201 4312 2550 4381 Houeden.

255 4395 337 4473 Q.
377 4401 471 4462 12.
