3000 5117
461 456 819 535 cccxxviii
949 480 1153 531 fflsr.
1193 477 1552 529 nnumin.
1594 475 2059 528 semri-onas
2098 476 2315 529 TnEs.
2472 548 2503 562 -

467 661 628 719 muS,
685 654 826 707 rat‘a
876 654 943 705 et
987 654 1172 725 grata
1219 640 1552 715 habentes,
1600 638 1852 701 illorum
1902 638 2189 716 effectus,
2236 636 2663 704 continentias
2714 648 2788 701 et

471 744 754 806 tenor-m,
805 751 879 793 ac
929 727 979 792 si
1010 728 1108 792 'de
1155 728 1353 791 verbo
1399 724 1482 789 ad
1532 723 1797 788 verbum
1832 724 2051 789 'inserti
2107 725 2323 790 forent
2352 723 2787 811 praesentibus

471 838 592 901 pro
622 816 1005 880 sufficienter
1051 812 1368 899 expressis
1419 811 1643 875 haberi
1699 812 2005 888 volenteS‚
2046 812 2412 896 hujusmodi
2458 811 2790 897 supplica·

474 904 766 967 eionibus
806 902 1094 965 inclinati
1123 900 1367 963 litteras
1398 898 1909 983 praedecessoriS‚
1944 912 2411 984 transumptum
2443 900 2786 985 praedicta,

473 990 816 1075 omniaque
865 1001 931 1052 et
963 987 1214 1072 singula
1244 987 1304 1049 in
1338 986 1428 1049 eis
1461 998 1766 1049 contenta
1796 998 1863 1047 et
1893 1007 2319 1073 quaecumque
2350 986 2502 1052 inde
2532 1003 2785 1066 secuta,

451 1077 560 1139 ad
612 1076 734 1139 hoc
785 1089 856 1138 ut
886 1072 1148 1137 solidius
1167 1062 1559 1158 'firmiusque
1591 1070 1913 1155 perpetuis
1945 1071 2171 1136 futuris
2202 1072 2598 1158 temporibus
2628 1076 2791 1141 sub-

475 1164 697 1226 sistere
748 1162 1271 1242 comprobentur,
1326 1156 1708 1223 auctoritate
1752 1158 2107 1242 apostolica
2148 1172 2212 1224 et
2242 1182 2329 1224 ex
2358 1174 2535 1225 certa
2561 1174 2793 1227 nostra

476 1247 746 1313 scientia
774 1248 1225 1311 confirmamus
1256 1245 1492 1330 pariter
1521 1257 1590 1308 et
1618 1245 2063 1329 approbamuS,
2097 1267 2171 1309 ac
2202 1247 2537 1331 praesentis
2561 1246 2791 1334 scripti

475 1334 836 1420 patrocinio
867 1332 1335 1397 communimus
1361 1355 1378 1407 3
1411 1331 1770 1416 supplendo
1800 1352 2021 1395 omnes
2054 1346 2119 1395 et
2148 1332 2431 1417 singulos
2461 1333 2787 1415 defectum,

477 1423 528 1484 si
582 1422 690 1507 qui
734 1420 946 1484 forsan
1003 1418 1460 1483 intervenerint
1501 1422 1565 1481 in
1598 1416 1859 1495 eisdem,
1893 1432 1960 1482 et
1990 1417 2436 1484 nichilominus
2468 1420 2687 1487 omnia
2718 1436 2790 1488 et

477 1508 731 1595 singula
781 1506 974 1571 etiam
1029 1506 1430 1570 commendae
1478 1504 1673 1569 alicui
1713 1524 2003 1588 personoe
2047 1505 2270 1592 quovis
2302 1507 2499 1571 modo
2530 1523 2598 1573 et
2624 1531 2794 1596 qna-

479 1616 753 1681 cumque
798 1592 1181 1657 auctoritate
1211 1590 1695 1679 quomodolibet
1728 1590 1939 1669 factae,
1973 1605 2086 1655 aut
2112 1591 2378 1678 alicujus
2410 1594 2793 1660 universita-

477 1682 558 1746 tis
589 1680 690 1743 vel
722 1678 1002 1764 capituli,
1037 1701 1149 1742 seu
1179 1678 1447 1763 alicujus
1478 1677 1646 1741 sedis
1671 1676 2045 1761 episcopalis
2070 1679 2407 1743 erectionis
2432 1696 2788 1765 praetextu,

475 1781 624 1853 post
655 1758 721 1831 et
745 1779 969 1831 contra
998 1765 1581 1841 confirmacionem,
1614 1762 2201 1843 communitionem,
2233 1765 2479 1832 litteras
2510 1781 2578 1833 et
2607 1782 2795 1833 tran-

479 1866 802 1937 sumptum
854 1852 1182 1938 praedicta,
1234 1851 1298 1915 in
1354 1850 1591 1915 Prioris
1639 1862 1708 1914 et
1742 1850 2111 1914 Conventus
2143 1852 2623 1936 praedictorum,
2666 1878 2791 1921 seu

479 1940 745 2023 alicujus
789 1940 1141 2003 eorundem
1172 1937 1613 2025 praejudicium
1659 1936 1965 2001 haetenus
2011 1937 2227 2003 forsan
2271 1941 2598 2026 quomodo
2621 1941 2791 2008 libet

477 2039 882 2110 attemptare,
932 2038 1325 2101 revocantes,
1375 2023 1717 2102 irritanteS,
1750 2037 2092 2102 cassanteS,
2124 2038 2189 2090 et
2219 2026 2644 2107 annullantes,
2675 2028 2797 2095 illa

479 2113 561 2176 ad
593 2111 930 2198 pristinum
963 2110 1382 2197 debitumque
1414 2124 1645 2173 statum
1678 2108 2043 2173 reducimus
2071 2133 2187 2195 per
2208 2126 2594 2197 praesentes3
2623 2138 2797 2203 quas

479 2199 696 2276 etiarn,
731 2220 982 2263 necnon
1013 2197 1257 2261 litteras
1277 2196 1785 2282 praedeeessori5‚
1811 2210 1877 2260 et
1903 2210 2366 2283 transumptum
2394 2200 2792 2286 hujusmodi,

469 2285 667 2370 juxta
694 2284 948 2348 illorum
979 2284 1430 2348 continentiam
1465 2296 1537 2346 et
1562 2299 1844 2347 tenorem
1866 2284 2192 2367 perpetuis
2216 2286 2531 2352 voluimus
2554 2288 2796 2356 futuris

481 2372 880 2457 temporibus
913 2370 1357 2434 inviolabiliter
1378 2368 1739 2445 observari;
1772 2368 2187 2435 decernentes
2210 2371 2456 2437 irritum
2484 2389 2551 2440 et
2573 2376 2795 2456 inane,

477 2458 529 2522 si
584 2480 766 2522 secus
821 2479 1010 2542 super
1062 2457 1183 2520 hiis
1229 2478 1268 2519 a
1314 2477 1637 2543 quoquam
1691 2456 1912 2542 quavis
1957 2460 2342 2523 auctoritate
2372 2459 2653 2527 scienter
2683 2466 2797 2530 vel

479 2545 850 2635 ignoranter
879 2554 1326 2627 attemptatum
1355 2542 1569 2606 forsan
1601 2556 1701 2607 est
1752 2542 2082 2621 hactenus,
2137 2546 2238 2611 vel
2290 2545 2797 2631 imposterorun

479 2630 826 2716 eontigerit
854 2628 1244 2715 attemptari.
1373 2627 1696 2702 Quocirca
1724 2630 2191 2694 venerabilibus
2220 2631 2523 2700 fratribus
2552 2641 2796 2703 nostris

481 2718 987 2803 Archiepiscopo
1027 2714 1414 2781 Eboracensi
1445 2738 1522 2779 ae
1557 2714 1977 2781 Dunelmensi
2000 2730 2067 2782 et
2096 2718 2479 2803 Glasguensi
2520 2720 2799 2807 Episco-

479 2805 578 2889 pis
607 2826 726 2889 per
751 2802 1104 2890 apostolica
1132 2802 1368 2887 scripta
1410 2802 1810 2879 mandamus,
1858 2804 2155 2889 quatinus
2199 2807 2342 2888 ipsi,
2374 2808 2477 2871 vel
2509 2808 2644 2873 duo
2674 2825 2796 2877 aut

480 2914 648 2955 unus
680 2890 984 2976 ipsorum,
1019 2911 1137 2975 per
1166 2912 1234 2952 se
1266 2887 1359 2951 vel
1394 2888 1588 2951 alium
1613 2910 1721 2951 seu
1752 2887 1932 2967 alios,
1966 2892 2234 2974 praefato
2257 2907 2325 2956 et
2344 2914 2461 2977 pro
2493 2906 2797 2982 tempore

480 2977 781 3042 existenti
812 2976 964 3041 dicti
997 2973 1366 3040 monasterii
1400 2973 1605 3039 Priori
1635 2974 1931 3061 illiusque
1978 2977 2347 3043 Conventni
2377 2980 2561 3044 fortis
2589 2998 2663 3047 et
2694 2984 2796 3050 ef-

479 3064 693 3129 ficacis
716 3062 1102 3129 defentionis
1126 3061 1367 3126 auxilio
1391 3060 1715 3146 perpetuis
1738 3060 1965 3125 futuris
1984 3064 2379 3149 temporibus
2396 3066 2795 3151 assistentes,

479 3172 610 3214 non
643 3150 1019 3236 permittant
1047 3172 1161 3213 eos
1191 3168 1308 3231 per
1337 3169 1750 3235 quascunque
1788 3170 2099 3246 personas
2144 3154 2597 3239 cu'uscumque
2646 3156 2800 3243 dig-

479 3237 728 3315 nitatis,
753 3249 976 3314 status,
1010 3235 1266 3322 gradus,
1300 3233 1562 3311 ordini8‚
1611 3233 2019 3314 conditionis,
2062 3176 2435 3317 nobilitatis,
2486 3241 2593 3305 vel
2622 3264 2801 3327 prae-

483 3324 877 3401 emiuentiae,
925 3334 992 3385 et
1035 3341 1439 3408 quacumque
1487 3321 1765 3405 desuper
1807 3322 2189 3388 auctoritate
2233 3326 2477 3391 suffulti
2519 3327 2794 3411 fuerint,

479 3424 707 3474 eontra
749 3406 1202 3493 praedictarum
1255 3406 1413 3470 dicti
1459 3406 1932 3492 predecessoris
1980 3409 2151 3473 acin
2182 3410 2304 3475 illis
2333 3424 2795 3481 contentorum

480 3516 738 3559 necnon.
759 3491 1151 3577 presentium
1183 3492 1538 3557 litterarum
1572 3496 1999 3558 continentias
2030 3508 2099 3559 et
2142 3510 2398 3563 tenores
2426 3504 2796 3586 quomodo-

479 3580 641 3645 libet
696 3579 920 3665 impeti
971 3599 1081 3641 seu
1135 3579 1328 3643 etiam
1374 3579 1700 3644 molestari
1726 3602 1745 3655 3
1808 3582 2311 3649 contradictores
2354 3586 2676 3672 quoslibet
2720 3601 2798 3655 et

479 3665 755 3730 nebelles
813 3664 1193 3730 auctoritate
1251 3677 1471 3729 nostra
1527 3666 1883 3749 apostolica
1927 3672 2415 3753 compescendo,
2470 3694 2549 3737 ae
2592 3676 2799 3741 etiam

477 3750 776 3837 legitimis
807 3774 925 3837 per
953 3749 1215 3814 eosdem
1245 3765 1625 3815 executores
1668 3752 1943 3837 desuper
1986 3754 2297 3821 habendis
2339 3760 2606 3823 servatis
2634 3781 2798 3847 pro-

478 3839 760 3905 cessibus
789 3860 900 3903 eos
931 3836 1228 3923 quotiens
1272 3836 1635 3921 expedierit
1674 3860 2025 3925 aggravare
2078 3854 2144 3906 et
2192 3864 2608 3927 reaggravare
2639 3868 2799 3931 pro—

480 3938 750 4002 curent3
797 3925 1093 3988 invocato
1136 3923 1222 3988 ad
1266 3922 1390 3988 hoc
1419 3924 1471 3986 si
1501 3946 1664 4009 opus
1691 3924 1887 3989 fuerit
1916 3926 2157 3991 auxilio
2186 3928 2437 3994 brachii·
2462 3933 2795 4005 secularis.

483 4014 573 4078 Et
617 4013 873 4095 insuper
906 4010 1195 4075 volumus
1225 4022 1292 4074 et
1321 4010 1673 4093 apostoliea
1699 4010 2083 4077 auctoritate
2112 4013 2513 4080 decernimus
2544 4018 2799 4085 eisdem

485 4098 938 4163 executoribus
967 4120 1008 4161 a
1035 4096 1189 4161 data
1216 4096 1638 4181 praesenciam
1668 4096 1752 4161 sit
1781 4096 1873 4162 eis
1902 4111 1973 4163 et
2016 4098 2360 4187 unicuique
2402 4102 2690 4187 ipsorum
2722 4106 2799 4171 in

485 4184 828 4269 praemissis
859 4183 1152 4248 omnibus
1182 4195 1251 4247 et
1281 4181 1545 4270 singulis
1576 4183 1804 4268 coeptis
1832 4198 1902 4249 et
1928 4206 2059 4249 non
2105 4189 2334 4271 coeptis
2362 4192 2801 4274 praesentibus

484 4283 551 4335 et
570 4270 799 4333 futuris
823 4282 1203 4354 perpetuata
1219 4281 1501 4353 potestas
1522 4283 1589 4334 et
1606 4268 1981 4352 jurisdiccio
2004 4271 2337 4353 attributa,
2366 4287 2438 4339 nt
2460 4298 2542 4341 eo
2568 4277 2797 4363 vigore

485 4378 686 4441 eaque
749 4356 1050 4419 firmitate
1110 4354 1361 4439 possint
1419 4354 1484 4417 in
1545 4356 1882 4440 praemissis
1926 4358 2225 4424 omnibus
2269 4364 2496 4446 coeptis
2540 4375 2609 4427 et
2654 4386 2797 4431 non

477 4441 734 4527 coeptis,
757 4441 1177 4530 praesentibus
1208 4454 1274 4507 et
1317 4440 1572 4523 futuris,
1611 4460 1688 4534 et·
1722 4464 1842 4529 pro
1884 4444 2207 4530 praedictis
2237 4448 2595 4534 procedere
2624 4472 2703 4517 ac
2736 4454 2798 4519 si
