3000 5117
759 433 1175 490 aernumx.
1229 437 1412 490 Anu.
1453 433 1831 490 uccexvn
2286 409 2469 490 cxvii

177 605 498 662 mlttentae
549 618 664 663 nos
715 599 994 665 fideliter
1041 614 1110 666 et
1156 599 1504 690 diligenter
1532 613 1787 666 acturos
1818 611 1881 664 et
1912 611 2252 665 curaturos
2282 597 2460 684 quod

172 685 352 748 dictas
405 685 730 769 pensionis
777 686 1024 752 solucio
1074 688 1273 752 modo
1303 685 1615 774 praedicto
1646 689 1757 753 fiat
1790 687 1852 750 in
1885 687 2029 751 loco
2073 699 2142 750 et
2180 686 2459 749 termino

171 772 560 856 supradictis
653 773 732 838 Iu
751 796 1024 860 quorum
1049 774 1336 838 omnium
1358 773 1795 839 testimonium
1816 773 2093 859 sigillum
2115 793 2457 836 commune

169 858 418 942 capituli
443 860 647 923 nostri
680 859 1140 926 Dunolmensis
1176 861 1597 945 praesentibus
1643 859 1943 926 duximus
1972 860 2451 946 apponendum.

173 943 335 1009 Data
367 945 433 1009 in
481 947 769 1030 capitulo
809 961 1034 1013 nostro
1081 947 1535 1025 Dunolmensi,
1574 948 1799 1035 quinto
1862 947 1986 1013 kal.
2052 947 2451 1022 DecembriS,

169 1054 324 1181 :rinno
367 1032 745 1099 Dominicae
795 1033 1262 1100 lucarnacionis
1307 1035 1643 1100 millesimo
1676 1035 2122 1102 trecentesimo
2152 1033 2455 1119 septimo-

211 1140 424 1187 ocimo.

323 1547 512 1597 xclx.
539 1549 920 1595 OBLIGACIO
948 1549 1308 1594 LonowYCI
1337 1551 1647 1596 Episcopi
1674 1550 1991 1594 DUNELM.
2026 1549 2269 1596 Pnlom

321 1637 406 1680 ET
429 1637 836 1681 coNVRNTm
858 1638 994 1681 PRO
1016 1637 1546 1681 SATISFAc'rloNE
1570 1635 1892 1682 PECUNIAE
1917 1631 2267 1682 MUTUA'I'AE

318 1723 454 1768 PER
485 1723 1040 1769 PROCURATORES
1073 1724 1146 1767 IN
1180 1723 1395 1768 ccum
1427 1721 1739 1772 ROMANA..

1023 1841 1170 1908 [neg
1208 1839 1292 1890 11.
1317 1839 1356 1888 f.
1381 1843 1462 1890 σε.
1491 1835 1571 1904 ιη

244 1953 607 2020 Ludovicus
661 1955 1072 2041 permissione
1128 1955 1365 2020 Divina
1407 1955 1651 2020 electus
1700 1953 2174 2034 D1molmensis,
2206 1959 2445 2022 confir-

165 2059 371 2122 matus,
419 2043 674 2108 dilectis
705 2045 769 2106 in
807 2042 1068 2108 Christo
1112 2042 1260 2107 filiis
1293 2043 1378 2108 G.
1418 2043 1629 2107 Priori
1659 2042 1951 2107 ecclesiae
1987 2043 2443 2109 Dunolmensis

164 2145 220 2193 et
246 2130 528 2214 ejusdem
559 2130 686 2193 loci
731 2129 1117 2208 Conventui,
1149 2129 1420 2194 salutem
1467 2129 1533 2192 in
1570 2129 1673 2193 Eo
1702 2129 1811 2214 qui
1844 2145 1944 2193 est
1974 2133 2261 2194 omnium
2288 2153 2443 2196 vera

164 2216 328 2280 salus.
419 2217 592 2282 Cum
615 2238 818 2301 nuper
837 2239 950 2281 nos
969 2217 1050 2281 L.
1068 2215 1430 2282 antedictus
1455 2237 1583 2280 una
1602 2215 1930 2280 vobiscum
1956 2215 2223 2282 dilectos
2254 2218 2441 2282 nobis

165 2301 220 2365 in
251 2304 500 2368 Christo
535 2303 905 2368 Emer-icum
947 2303 1032 2368 de
1080 2303 1256 2366 True
1302 2317 1372 2366 et
1408 2301 1775 2367 Gerardum
1822 2303 2175 2380 Lumbard,
2204 2325 2440 2390 procu-

164 2404 382 2454 ratores
427 2407 709 2468 nostros,
759 2391 842 2454 ad
895 2387 1406 2454 contrahendum
1459 2403 1755 2454 mutuum
1804 2388 1867 2452 in
1928 2387 2107 2454 curia
2140 2391 2438 2458 Romana

163 2498 288 2540 cum
317 2478 782 2542 mercatoribus
857 2475 1319 2574 uibuscumque
1351 2499 1496 2541 cum
1530 2476 1619 2540 eis
1642 2475 2023 2541 contrahere
2055 2476 2435 2556 volentibus,

163 2585 338 2649 usque
364 2565 450 2629 ad
477 2587 794 2628 summam
875 2585 1100 2627 uarum
1146 2562 1416 2626 millium
1467 2563 1771 2628 librarum
1800 2562 2248 2648 sterlingorum
2282 2589 2440 2630 con-

163 2649 550 2728 stituerimus,
603 2664 674 2716 et
723 2648 810 2715 ad
852 2672 969 2713 nos
1017 2643 1432 2733 obligandum
1481 2671 1599 2733 pro
1643 2647 1835 2714 dictae
1866 2653 2157 2735 pecuniae
2188 2673 2437 2717 summa

161 2734 376 2802 eisdem
421 2737 946 2825 procuratoribus
993 2749 1378 2821 potestatem
1410 2736 1775 2801 dederimus
1807 2750 1875 2801 et
1904 2739 2301 2817 mandatum,
2336 2762 2436 2805 re-

161 2841 598 2908 cognoscentes
629 2839 696 2889 et
725 2825 1100 2910 profitentes
1130 2823 1466 2908 pecuniam
1495 2822 1614 2906 per
1630 2837 2079 2908 procuratores
2106 2827 2436 2910 supradic-

165 2923 248 2972 tos
300 2925 543 2990 mutuo,
607 2924 710 2975 ut·
738 2910 1130 2996 praedicitur,
1185 2909 1642 2995 recipiendam,
1676 2910 2267 2998 obligationemque
2318 2935 2431 2996 per

161 2997 394 3062 eosdem
445 2999 995 3086 qualitercumque
1047 2996 1387 3061 ineundam
1433 2995 1497 3059 in
1530 3019 1609 3060 ea
1636 3009 1821 3081 parte
1850 2999 1915 3059 in
1949 3011 2231 3061 nostram
2264 3000 2457 3074 utili-2

163 3098 336 3148 tatem
368 3101 622 3150 tantum
670 3097 736 3149 et
771 3083 1184 3148 commodum
1215 3083 1353 3148 fore
1393 3081 1924 3160 convertendum,
1960 3083 2329 3168 subjicimus
2361 3102 2431 3152 et

159 3170 489 3256 obligamus
545 3173 726 3237 vobis
773 3193 914 3247 nos,
949 3170 1282 3235 ecclesiam
1327 3183 1635 3246 nostram,
1666 3190 2063 3234 successores
2096 3183 2163 3234 et
2194 3192 2430 3236 execu-

160 3270 306 3322 tores
335 3275 606 3337 nostros,
637 3273 708 3324 et
736 3257 952 3322 omnia
980 3259 1151 3322 bona
1181 3272 1414 3334 nostra,
1445 3256 1622 3342 quod
1652 3279 1765 3320 vos
1795 3278 2018 3320 omnes
2050 3269 2115 3320 et
2143 3257 2435 3342 singulos

159 3343 460 3412 ecclesiam
519 3361 792 3411 vestram
838 3359 904 3409 et
955 3359 1218 3421 vestros,
1252 3367 1382 3430 quo
1427 3343 1509 3407 ad
1552 3357 1841 3407 mutuum
1872 3357 1937 3408 et
1966 3343 2427 3430 obligationem

161 3451 258 3512 per
303 3435 562 3501 eosdem
615 3445 1092 3519 procuratores,
1148 3443 1220 3494 ut
1273 3429 1709 3516 praemittitur,
1773 3431 2299 3510 contrahendum,
2362 3449 2429 3498 et

161 3519 348 3584 omnia
373 3521 438 3583 in
467 3519 695 3586 eadem
727 3519 1120 3583 continenda
1147 3517 1357 3581 salvos
1384 3515 1898 3582 conservabimus
1930 3530 1995 3582 et
2022 3517 2424 3605 indempneS,

159 3605 480 3686 periculum
514 3607 988 3694 quodcumque,
1022 3605 1398 3689 dampnum,
1431 3617 1498 3667 et
1530 3603 1851 3681 interesse,
1885 3625 2307 3694 quaecumque
2340 3631 2429 3672 ex

158 3687 492 3777 hujusmodi
550 3693 954 3778 obligacione
1015 3691 1258 3776 emergi
1322 3689 1708 3778 contigerint
1768 3693 2284 3781 circumquaque,
2340 3697 2427 3760 ad

161 3798 401 3861 quorum
432 3779 913 3848 restitucionem
967 3794 1036 3843 et
1079 3777 1577 3842 satisfactionem
1610 3777 1813 3842 teneri
1846 3780 2161 3858 volumus,
2192 3799 2259 3844 et
2283 3803 2425 3858 ηοε,

159 3878 218 3926 ut
254 3887 453 3952 supra,
485 3867 752 3932 firmiter
795 3865 1175 3952 obligamus
1209 3863 1538 3950 ipsamque
1584 3862 2046 3949 obligacionem
2078 3886 2196 3950 per
2220 3867 2433 3931 dictes

159 3968 592 4032 procuratores,
628 3967 699 4017 ut
729 3951 1119 4037 praedicitur,
1141 3949 1666 4028 contrahendam,
1694 3973 1838 4015 cum
1872 3951 2099 4036 poeniS,
2117 3953 2420 4031 censuris,

160 4051 216 4100 et
240 4041 456 4106 ceteris
506 4041 804 4104 omnibus
851 4052 918 4105 et
961 4037 1222 4123 singulis
1252 4035 1653 4102 continendis
1686 4038 1748 4100 in
1782 4038 2006 4100 eadem
2039 4059 2122 4101 ex
2151 4060 2321 4102 nunc
2354 4037 2424 4104 in

158 4143 258 4188 nos
284 4123 342 4188 in
372 4126 644 4191 solidum
676 4124 1074 4214 suscipimus,
1107 4139 1173 4189 et
1191 4125 1564 4189 caucionem
1598 4122 2075 4208 indempnitatis
2108 4137 2335 4188 vestroe
2361 4129 2427 4190 in

159 4208 264 4276 hiis
306 4227 368 4278 et
416 4216 482 4278 in
528 4213 822 4278 omnibus
854 4212 990 4277 aliis
1019 4212 1222 4298 ipsam
1253 4208 1724 4294 obligacionem
1753 4207 2273 4296 contingentibus
2304 4215 2429 4278 sub

155 4297 440 4384 ypotheca
467 4325 681 4368 rerum
707 4313 1067 4365 nostrarum
1089 4297 1489 4383 exponimus,
1595 4293 1679 4359 Et
1709 4295 1789 4359 de
1813 4295 2088 4380 pecunia
2117 4321 2237 4382 per
2267 4323 2421 4385 pro-

161 4401 452 4456 curatores
503 4389 860 4457 antedictos
913 4399 1162 4466 mutuo,
1198 4399 1270 4450 ut
1317 4381 1751 4534 pgaemittitur,
1785 4381 2153 4469 recipienda
2182 4408 2299 4452 nos
2332 4387 2429 4451 in—

1266 4491 1318 4535 n
