3000 5117
489 416 551 487 cl
963 440 1170 491 msr.
1209 440 1566 491 DUNELM.
1610 439 2075 495 semp-roam
2112 444 2328 497 raes.

483 597 672 675 item,
719 599 1072 667 instaurum
1119 600 1297 690 quod
1341 604 1567 669 habuit
1598 604 1662 667 in
1702 604 2019 683 Werdale,
2048 605 2223 692 quod
2248 607 2543 673 ducentis
2576 611 2812 673 marcis

493 686 762 771 amplius
816 702 968 754 tunc
1029 691 1308 760 valebat.
1425 692 1533 757 De
1584 714 1715 777 qua
1772 691 2187 779 permissione
2217 710 2677 761 ·executorum
2740 713 2816 761 et

495 773 772 840 duorum
827 778 1280 843 arbitraturum
1332 778 1415 842 ab
1465 780 1919 844 executoribus
1972 779 2345 859 electorum,
2396 784 2553 847 dum
2588 797 2815 847 tamen

493 860 672 947 quod
719 864 1141 947 promiserant
1193 886 1389 949 opere
1433 866 1877 950 adimplerent,
1926 880 2115 931 erant
2160 881 2228 932 et
2270 868 2379 933 alii
2412 870 2551 934 duo
2578 870 2815 934 arbitri

499 962 566 1013 et
624 948 812 1014 Prior
859 966 929 1015 et
979 950 1348 1037 Capitulum
1396 952 1779 1020 contentati.
1882 951 2049 1027 Quae
2094 955 2314 1020 omnia
2351 956 2631 1042 pleniter
2660 972 2815 1022 sunt

496 1036 845 1121 persoluta.
949 1038 1239 1124 Optenta
1273 1052 1491 1103 autem
1522 1040 1805 1129 eligendi
1835 1040 2121 1118 licencia,
2154 1065 2272 1126 pro
2302 1065 2433 1129 qua
2462 1044 2639 1107 missi
2669 1043 2813 1109 fue-

499 1136 648 1187 rant
697 1124 854 1187 dicti
905 1125 1154 1204 fratres,
1209 1148 1285 1191 ac
1321 1126 1700 1192 adveniente
1731 1128 1838 1191 die
1868 1149 1989 1212 pro
2020 1127 2335 1193 electione
2366 1130 2565 1197 futuri
2590 1133 2815 1216 ponti-

496 1210 636 1275 ficis
687 1226 950 1291 statute,
1001 1213 1243 1277 scilicet
1291 1212 1451 1277 feria
1491 1228 1723 1300 quarta
1774 1229 1918 1299 post
1949 1212 2181 1279 festum
2215 1216 2420 1281 sancti
2456 1218 2815 1302 Augustini

503 1300 863 1383 Anglorum
911 1300 1208 1384 apostoli,
1257 1299 1384 1364 hoc
1431 1316 1529 1365 est
1576 1305 1689 1382 29ο
1731 1300 1835 1364 die
1878 1301 2109 1365 mensis
2142 1302 2327 1381 Maii,
2360 1320 2817 1369 convenerunt

499 1408 750 1464 omnes,
769 1386 881 1473 qni
902 1388 1255 1465 voluerant,
1278 1401 1647 1471 potuerant,
1673 1410 1747 1451 ac
1772 1387 2133 1455 debuerant
2154 1391 2489 1468 interesse,
2519 1391 2583 1455 in
2610 1392 2817 1455 domo

503 1473 861 1558 capitulari,
916 1474 1077 1539 hora
1121 1488 1469 1551 consueta;
1554 1487 1618 1538 et
1670 1474 2145 1541 deliberacione
2197 1478 2535 1563 multiplici
2587 1478 2818 1543 habita

500 1561 670 1625 inter
699 1583 830 1639 e08,
865 1561 1124 1627 tandem
1157 1561 1450 1626 omnibus
1481 1575 1550 1628 et
1570 1560 1831 1649 singulis
1856 1560 2095 1647 placuit
2117 1586 2238 1649 per
2260 1566 2427 1629 viam
2452 1566 2817 1650 procedere

497 1646 957 1732 compromissi.
1048 1648 1136 1713 Et
1165 1652 1244 1712 13
1267 1647 1855 1735 compromissarios
1886 1671 2033 1712 suos
2064 1651 2423 1736 elegerunt,
2456 1652 2687 1717 dantes
2718 1652 2817 1715 eis

499 1734 852 1819 plenariam
886 1749 1270 1819 potestatem
1302 1735 1589 1799 futurum
1621 1735 1993 1820 pontificem
2024 1737 2327 1825 eligendi,
2353 1761 2500 1827 quse
2525 1753 2815 1825 potestas

500 1845 702 1908 nsque
751 1821 815 1887 in
865 1824 1210 1889 crastinum
1253 1822 1334 1887 ad
1373 1822 1524 1887 solis
1565 1844 1865 1888 occasum
1916 1825 2363 1890 tantummodo
2400 1826 2812 1911 perduraret.

502 1910 656 1985 Qua
684 1924 999 1995 potestate
1029 1922 1294 1995 accepta
1325 1908 1413 1973 illi
1453 1915 1555 1987 13,
1588 1908 1723 1974 aliis
1754 1908 2048 1974 omnibus
2078 1911 2162 1975 de
2193 1913 2477 1997 capitulo
2502 1914 2819 1977 receden-

500 1996 693 2076 tibus,
728 1996 792 2061 in
826 1997 1109 2082 capitulo
1139 2012 1561 2074 remanentes,
1594 1997 1888 2060 seriosius
1912 1995 1995 2060 de
2027 1996 2223 2081 ipsius
2248 1997 2581 2065 electionis
2606 2022 2816 2083 nego-

499 2085 602 2148 cio
649 2100 1142 2169 pertractarunt,
1187 2084 1402 2150 Deum
1437 2098 1505 2149 et
1538 2083 1883 2148 utilitatem
1916 2084 2206 2149 ecclesiae
2236 2107 2489 2171 semper
2518 2076 2639 2151 sibi
2674 2110 2817 2171 proe

499 2171 702 2236 oculis
749 2185 1124 2248 statuentes,
1151 2188 1216 2236 et
1248 2170 1651 2236 advertentes
1684 2171 1745 2234 in
1777 2170 2023 2254 gremio
2054 2172 2433 2237 intrinsecus
2464 2196 2535 2235 se
2566 2173 2817 2238 habere

499 2259 787 2325 valentes
849 2258 1230 2343 Tlieologiae
1289 2259 1698 2344 professoreS,
1746 2270 1813 2321 et
1852 2258 2232 2338 bacularios,
2265 2282 2341 2325 ac
2385 2258 2543 2324 alios
2586 2283 2821 2347 quam-

500 2346 719 2431 plures
750 2347 912 2411 bene
943 2346 1246 2424 literatOS,
1281 2346 1601 2431 providoS,
1636 2360 1706 2410 et
1734 2344 2064 2425 discretos,
2098 2348 2181 2410 ad
2213 2346 2579 2431 praelaciam'
2606 2348 2819 2413 eccle—

501 2435 819 2499 siasticam
871 2432 1101 2498 merito
1149 2434 1585 2509 assumendo&
1634 2456 1710 2497 ac
1752 2432 1835 2497 de
1864 2446 2046 2517 parte
2074 2433 2201 2497 alia
2228 2432 2551 2499 intuentes
2584 2436 2817 2499 mundi

500 2520 836 2598 maliciam,
888 2520 1378 2599 reservacioneS,
1431 2535 1496 2585 et
1548 2518 1850 2605 plurimas
1903 2518 2319 2603 fatigaciones
2364 2520 2427 2583 in
2475 2522 2814 2586 beneficiis

501 2607 943 2673 ecclesiasticis
969 2609 1104 2692 jam
1159 2623 1509 2684 currentes,
1545 2621 1611 2671 et
1656 2607 1941 2691 pericula
1992 2622 2057 2671 et
2104 2608 2386 2707 dampna
2432 2608 2819 2690 multiplicia

500 2694 788 2759 ecclesiae
821 2694 1239 2759 verisimiliter
1267 2693 1627 2771 iminencia,
1662 2693 1713 2757 si
1744 2717 1933 2779 quem
1968 2694 2051 2758 de
2160 2718 2329 2759 emto
2351 2696 2812 2780 praetulissent,

499 2798 568 2847 et
621 2780 1026 2847 nihilominus
1074 2782 1505 2868 desperabant
1556 2781 1735 2865 quod
1783 2779 2011 2867 aliquis
2056 2716 2156 2846 (fir
2166 2784 2419 2870 gremio
2450 2783 2812 2867 expediret,

501 2868 672 2935 inter
720 2868 1084 2954 hujusmodi
1135 2891 1253 2957 per
1305 2882 1513 2933 totum
1564 2867 1737 2931 diem
1788 2867 1967 2932 illum
2010 2883 2159 2933 ante
2190 2868 2530 2953 prandium
2564 2884 2633 2934 et
2666 2886 2817 2956 post

503 2980 707 3044 usque
741 2979 1070 3041 vesperam
1102 2956 1508 3033 fluctuantes,
1545 2976 1732 3019 mane
1765 2955 1829 3017 in
1860 2955 2141 3019 crastino
2170 2956 2299 3033 die,
2332 2956 2577 3021 scilicet
2606 2956 2815 3035 Jovis,

503 3044 678 3109 idem
713 3065 840 3109 xm
873 3044 955 3108 ad
989 3044 1157 3109 idem
1189 3066 1269 3108 ne
1317 3042 1527 3107 ocium
1554 3041 1617 3105 in
1642 3042 1993 3127 capitulum
2018 3057 2479 3121 convenerunt,
2508 3056 2576 3108 et
2605 3068 2817 3131 usque

502 3133 732 3197 horam
785 3131 1199 3217 capitularem
1301 3153 1336 3194 e
1387 3128 1725 3193 eleccionis
1774 3128 2043 3193 materia
2092 3128 2473 3214 diligencius
2526 3146 2824 3216 pertrac-

509 3233 744 3295 tantes,
791 3241 908 3283 nec
963 3218 1028 3281 in
1079 3218 1357 3304 aliquam
1407 3238 1751 3301 personam
1798 3214 2163 3300 eligendam
2214 3217 2493 3282 finaliter
2544 3239 2820 3282 concor-

506 3306 753 3382 dantes,
807 3318 1078 3391 propter
1128 3304 1469 3389 praedictas
1520 3302 1930 3367 difficultates
1983 3302 2346 3382 iminenteS,
2395 3305 2665 3369 tandem
2713 3328 2822 3368 ro-

507 3406 824 3475 gaverunt
847 3392 1196 3475 capitulum
1230 3405 1300 3454 ut
1320 3390 1468 3475 ipsis
1508 3394 1585 3453 13
1615 3390 1776 3453 alios
1801 3396 1841 3453 6
1866 3390 2447 3475 compromissarios
2470 3393 2817 3470 sociarent,

508 3478 810 3563 quatinus
857 3476 1121 3543 consilio
1175 3478 1451 3563 plurium
1481 3476 1691 3539 sanius
1722 3477 2143 3560 procederent
2170 3476 2230 3541 in
2256 3478 2379 3541 hoc
2402 3490 2573 3543 actu.
2663 3478 2821 3553 Quo

511 3564 685 3629 facto
739 3576 892 3628 tunc
950 3569 1028 3627 19
1076 3562 1610 3649 compromissarii
1657 3565 1721 3626 in
1768 3562 1909 3648 ipso
1955 3562 2236 3648 capitulo
2268 3564 2642 3643 residentes,
2676 3566 2821 3629 aliis

512 3652 813 3715 omnibus
867 3650 1014 3714 hinc
1067 3649 1319 3727 amotis,
1381 3649 1675 3737 diligenti
1732 3662 2007 3715 tractatu
2061 3651 2447 3735 praehabitO,
2480 3651 2823 3716 dominum

509 3740 876 3805 Johannem
917 3737 1001 3802 de
1041 3737 1366 3802 Fordham
1409 3736 1783 3801 canonicum
1816 3736 2101 3802 ecclesiae
2140 3736 2585 3815 EboracensiS,
2621 3754 2693 3803 et
2721 3762 2821 3804 se·

507 3824 852 3891 cretarium
907 3824 1146 3889 domini
1208 3822 1403 3906 Regis
1455 3824 1797 3908 elegerunt
1844 3823 1910 3887 in
1964 3822 2333 3909 episcopum
2382 3839 2447 3888 et
2490 3840 2822 3910 pastorem

510 3914 707 3978 dictoe
761 3910 1218 3977 Dunelmensis
1266 3910 1554 3975 ecclesiae
1602 3910 1901 3973 viduatae.
1996 3910 2084 3975 Et
2125 3910 2451 3995 publicata
2476 3912 2821 3989 electione,

509 4002 719 4087 mimo
745 4001 814 4065 in
847 3998 1149 4084 capitu10,
1183 3996 1418 4063 deinde
1448 3996 1519 4059 in
1548 3996 1818 4061 ecclesia
1846 4018 2061 4061 coram
2093 3997 2363 4084 populo,
2397 4011 2464 4062 et
2494 3999 2580 4063 ab
2611 4000 2825 4062 omni-

427 4126 438 4134 ·
509 4090 630 4153 bus
661 4088 1034 4173 approbata,
1069 4085 1200 4149 duo
1231 4082 1533 4147 monachi
1562 4105 1647 4147 ex
1676 4096 1859 4168 parte
1889 4083 2151 4167 capituli
2180 4085 2261 4148 ad
2293 4084 2507 4169 ipsum
2538 4084 2825 4150 electum

508 4198 660 4241 cum
705 4173 1038 4239 electionis
1089 4171 1351 4236 decreto
1403 4192 1525 4255 pro
1571 4170 1705 4253 ejus
1753 4192 2061 4234 consensu
2108 4172 2495 4256 requirendo
2524 4171 2826 4237 celeriter

514 4276 664 4325 sunt
705 4258 1080 4336 transmissi,
1112 4279 1358 4322 necnon
1390 4256 1472 4320 ad
1506 4256 1777 4320 electum
1808 4256 2039 4341 ipsum,
2071 4255 2123 4319 si
2149 4256 2443 4321 electioni
2476 4279 2822 4322 consense-

508 4352 616 4426 rit,
651 4348 916 4413 domino
945 4360 1162 4410 nostro
1190 4342 1354 4427 Regi
1384 4342 1706 4406 humiliter
1724 4342 2244 4427 presentandum,
2264 4342 2560 4429 quatinus
2585 4360 2655 4409 et
2688 4346 2822 4429 ipse

505 4437 882 4522 dignaretur
913 4432 1052 4520 ipso
1083 4432 1290 4498 electo
1319 4431 1612 4516 praebere
1642 4452 1825 4494 suum
1858 4452 2240 4496 consensum
2270 4430 2518 4516 regium
2544 4448 2611 4498 et
2642 4430 2823 4497 favo-
