3000 5117
432 459 647 533 cclxx
911 480 1113 533 ms‘r.
1143 482 1495 539 num-zm.
1536 482 1996 534 scmr'ronsss
2029 483 2240 533 Tnns.

524 644 707 722 Item,
763 642 973 729 Super
1024 642 1268 729 injusto
1312 644 1612 730 passagio
1639 644 1854 710 batelli
1887 645 1971 710 de
2002 666 2176 710 novo
2205 644 2421 709 levato
2452 666 2572 730 per
2611 643 2741 709 Ro-

432 732 688 795 bertum
717 730 959 796 Jakson
989 731 1161 816 apud
1196 732 1624 797 Sunderland.
1721 732 1800 797 R.
1841 738 1898 800 1.

527 818 714 895 Item,
760 818 871 882 De
916 816 1163 902 origine
1206 818 1521 883 libertatis
1579 818 1777 903 regiae
1831 818 2141 884 Ecclesiae
2193 829 2262 883 et
2313 818 2742 905 Episcopatus

434 904 911 981 Dunelmensis,
944 926 1021 969 ac
1062 904 1363 989 primaria
1406 906 1769 971 donacione
1815 907 2018 970 tocius
2062 920 2252 971 terrae
2283 906 2453 969 inter
2491 906 2744 990 Tynam

435 1008 501 1058 et
534 991 792 1070 Tesam,
825 991 891 1054 in
930 991 1181 1055 Rotulis
1205 992 1487 1071 diversis,
1521 1016 1793 1079 quorum
1827 1016 1992 1058 unus
2022 1008 2118 1057 est
2151 994 2270 1057 sub
2305 994 2747 1059 lusu-umento

431 1078 760 1145 autentico
781 1079 901 1143 sub
930 1078 1125 1163 signis
1155 1080 1347 1143 trium
1381 1079 1825 1149 Notariorum.
1926 1080 2000 1143 P.
2041 1085 2138 1143 14.
2169 1080 2234 1143 d.

530 1166 721 1244 Item,
757 1166 966 1251 Super
999 1166 1149 1251 jure
1194 1182 1263 1231 et
1306 1168 1705 1251 possessione
1749 1166 2026 1231 habendi
2071 1165 2568 1232 dimidiaciones
2615 1188 2752 1230 om-

432 1252 609 1317 nium
640 1252 1279 1318 amerciamentorum
1326 1254 1552 1318 finium
1584 1255 1876 1319 exituum
1926 1268 1992 1319 et
2022 1276 2579 1340 quorumcumque
2609 1274 2756 1337 pro·

432 1341 748 1405 ficuorum
778 1339 879 1491 dle<
895 1340 1257 1405 tenentibus
1288 1340 1522 1407 Prioris
1546 1342 1612 1405 in
1636 1341 1814 1405 curia
1841 1340 2168 1427 Episcopi.
2253 1342 2573 1406 Rotulum
2599 1339 2752 1404 satis

433 1427 541 1492 lon
592 1450 720 1492 um.
886 1479 903 1496 .
946 1432 1046 1492 15.
1076 1428 1143 1496 d.

530 1450 714 1592 Igtem,
756 1512 951 1588 Quod
990 1514 1174 1579 Prior
1200 1514 1483 1599 gaudere
1513 1514 1712 1580 debet
1743 1513 1926 1581 terris
1957 1514 2020 1577 in
2052 1514 2367 1579 culturam
2401 1524 2470 1578 et
2493 1526 2754 1599 pratum

436 1601 713 1665 redactis
746 1603 809 1664 in
846 1603 1404 1689 Spennyngmoor,
1426 1604 1672 1690 absque
1703 1601 2195 1688 perturbacione
2226 1602 2604 1666 tenencium
2643 1602 2760 1664 vil-

436 1688 647 1751 larum
676 1686 1126 1775 adjacentium.
1219 1690 1287 1756 S.
1332 1690 1430 1753 16.

536 1775 721 1851 Item,
760 1776 959 1849 Quod
993 1773 1279 1839 homines
1313 1776 1737 1861 Episcopatus
1772 1774 2228 1839 Dunelmensis
2261 1772 2448 1838 liberi
2481 1776 2760 1841 fot-enta

439 1860 766 1926 solucione
797 1861 1059 1925 subsidii
1088 1862 1351 1927 domino
1390 1861 1552 1948 Regi
1587 1864 1826 1929 virtute
1857 1863 2170 1927 libertatis
2201 1884 2355 1926 suae.
2453 1862 2540 1926 T.
2583 1868 2686 1930 17.

529 1948 718 2026 Item,
770 1948 903 2013 Pro
943 1948 1091 2033 jure
1144 1948 1337 2033 Regis
1371 1950 1628 2034 Angliae
1659 1953 1722 2015 in
1765 1950 1995 2035 Regno
2033 1949 2302 2023 Scociae,
2349 1962 2418 2012 ’et
2468 1951 2758 2014 maxime

438 2034 503 2098 in
536 2050 707 2099 terra
734 2034 905 2099 inter
934 2057 1105 2099 mare
1140 2036 1465 2101 Scoticum
1495 2053 1563 2101 et
1597 2037 1908 2101 Twedam
1941 2050 2264 2112 contenta,
2297 2057 2446 2121 quae
2479 2056 2596 2119 per
2629 2050 2760 2100 tre-

440 2134 663 2186 centos
690 2144 889 2187 annos
919 2122 1091 2207 prius
1121 2136 1263 2188 erat
1288 2123 1353 2187 in
1378 2123 1771 2209 possessione
1803 2126 1870 2203 [i’
1906 2124 2300 2209 Anglorum]
2331 2144 2526 2208 quam
2567 2124 2762 2188 Scot-

442 2222 691 2285 torum3
740 2209 971 2273 librum
1008 2232 1227 2275 unum.
1320 2210 1403 2274 V.
1444 2216 1544 2279 18.

540 2296 727 2374 Item,
783 2296 913 2360 Pro
956 2296 1345 2361 funeralibus
1395 2298 1858 2384 Episcoporum
1907 2296 2365 2363 decedencium
2411 2296 2758 2366 habendis.

436 2382 513 2452 Z.
556 2388 655 2450 19.
752 2386 1052 2467 [Pn‘nted
1079 2389 1145 2447 in
1172 2386 1275 2448 the
1306 2387 1597 2449 Durham
1642 2387 1816 2449 Wills
1843 2389 1977 2449 and
1999 2382 2435 2469 Inventor-ica]

534 2470 729 2548 Item,
763 2470 959 2545 Quod
1005 2470 1238 2557 injusta
1278 2472 1363 2534 sit
1406 2471 1764 2536 subtraccio
1795 2471 1981 2536 unius
2014 2493 2248 2536 marcoe
2277 2492 2392 2555 per
2427 2469 2760 2554 Majorem

438 2568 507 2622 et
558 2556 839 2622 Ballivos
878 2557 1048 2621 villoe
1088 2556 1255 2621 Novi
1296 2558 1508 2623 Castri
1537 2559 1620 2623 de
1651 2558 1998 2623 elemosina
2035 2557 2229 2643 Regis
2260 2578 2566 2621 concessa
2601 2557 2760 2621 Mo—

443 2642 663 2709 nachis
692 2644 865 2729 apud
904 2644 1285 2713 Farneland.
1377 2645 1526 2709 AB.
1559 2650 1664 2709 20.

532 2731 721 2809 Item,
762 2731 890 2796 Pro
908 2733 1056 2817 jure
1092 2731 1329 2796 Prioris
1360 2731 1721 2795 installandi
1766 2730 2098 2797 dominum
2134 2730 2526 2816 Episcopum
2563 2730 2764 2796 Dun-

442 2816 812 2895 elmensem,
846 2840 991 2882 cum
1024 2818 1361 2903 contingit.
1452 2818 1599 2883 AG.
1633 2822 1741 2882 2l.

537 2904 723 2983 Item,
783 2904 1317 2970 Declaracionem
1367 2904 1634 2969 domino
1685 2905 1963 2969 Thomae
1991 2904 2288 2991 Langley
2325 2902 2761 2968 Dunelmensi

444 2990 773 3077 Episcopo
802 3006 867 3057 et
898 3015 1016 3056 suo
1046 2990 1311 3057 consilio
1342 2992 1408 3056 in
1440 2992 1690 3076 scriptis
1720 2992 2097 3067 exhibitam,
2132 2992 2308 3079 quod
2338 2991 2524 3056 Prior
2552 2990 2762 3055 babet

444 3077 663 3143 omnia
698 3079 871 3163 jura,
928 3078 1154 3157 officia,
1188 3078 1558 3167 dignitates»,
1603 3092 1670 3142 et
1700 3077 1978 3143 honores
2009 3077 2306 3156 Abbatis‚
2341 3078 2461 3142 sub
2492 3078 2762 3143 nomine

446 3164 704 3243 Prioris‚
738 3164 904 3231 infra
936 3166 1289 3231 Ecclesiam
1326 3166 1832 3230 Dunelmensem
1863 3180 1930 3231 et
1958 3182 2167 3243 extra,
2201 3164 2556 3229 secundum
2588 3165 2763 3228 anti·

444 3273 637 3337 quam
698 3254 1079 3335 dignitatem
1148 3252 1420 3317 Abbatis
1480 3252 1769 3317 eeclesiae
1833 3250 2408 3327 Lindisfarnensis3
2484 3252 2570 3315 de
2627 3274 2763 3338 qua

444 3338 759 3421 dignitate
790 3338 1009 3402 scribit
1043 3340 1229 3404 Beda
1273 3340 1382 3404 De
1436 3340 1654 3404 Gestis
1695 3338 2048 3424 Anglorum
2081 3339 2208 3406 Li0.
2245 3344 2336 3416 4⁰,
2369 3360 2488 3423 cap
2521 3344 2658 3417 25⁰,
2695 3354 2762 3403 et

444 3422 513 3488 in
550 3423 803 3488 Libello
835 3425 943 3488 De
977 3424 1130 3489 Vita
1166 3424 1382 3489 Sancti
1419 3426 1764 3491 Cuthberti
1793 3437 1961 3511 cap0.
2005 3432 2126 3489 16⁰.
2221 3426 2318 3490 H.
2351 3430 2456 3493 22.
2491 3425 2559 3489 d.

538 3510 731 3588 Item,
787 3509 1105 3575 Tabulam
1158 3534 1347 3596 super
1400 3512 1632 3578 Libros
1682 3512 1960 3578 Claustri
2005 3526 2071 3576 et.
2117 3510 2479 3587 Librariae3
2526 3512 2594 3575 in
2625 3533 2762 3598 qua

448 3596 657 3683 primo
708 3608 1014 3660 notantur
1066 3609 1226 3684 quot
1278 3612 1347 3663 et
1400 3622 1546 3685 quae
1587 3613 1738 3664 sunt
1776 3599 2237 3684 Exposiciones
2285 3620 2476 3683 super
2518 3598 2760 3663 Libros

452 3681 703 3761 Bibliae,
730 3704 735 3712 ·
754 3684 949 3769 juxta
1004 3684 1295 3749 ordinem
1354 3686 1706 3750 eorundem
1743 3711 1758 3751 ε
1835 3686 2119 3750 secundo
2187 3700 2514 3770 ponuntur
2571 3686 2758 3749 Libri

450 3770 839 3921 Docgorum,
895 3782 961 3835 et
1020 3772 1086 3836 in
1145 3773 1377 3859 quibus
1428 3774 1861 3838 voluminibus
1921 3786 2072 3837 sunt
2129 3772 2517 3852 reperiendi.
2657 3771 2758 3837 M.

542 3944 732 4026 Item,
782 3946 914 4012 Pro
946 3947 1098 4031 jure
1142 3945 1489 4030 recipiendi
1522 3946 1838 4012 decimam
1869 3968 2126 4031 scopam
2157 3946 2510 4011 carbonum
2543 3946 2762 4030 campi

451 4032 535 4096 de
584 4034 849 4112 Brome,
898 4034 1199 4099 adversus
1236 4034 1589 4099 Ricardum
1622 4033 1929 4099 Cowhird
1960 4033 2059 4098 vel
2093 4033 2251 4098 alios
2283 4034 2346 4095 in
2377 4054 2570 4097 causa
2601 4055 2762 4097 con-

449 4117 658 4184 simili.
758 4120 847 4189 X.
884 4124 991 4185 24.
1022 4121 1085 4186 d.
1633 4182 1643 4190 .

542 4206 737 4285 Item,
788 4208 986 4282 Quod
1040 4207 1225 4271 Prior
1258 4208 1680 4271 Studencium
1711 4228 1840 4271 non
1871 4206 2069 4271 habet
2101 4206 2408 4271 interesse
2437 4206 2506 4269 in
2541 4204 2766 4271 Colle-

448 4290 559 4440 ῗὶο
602 4308 823 4358 nostro
878 4293 1259 4371 Oxoniensi,
1292 4316 1372 4358 ea
1400 4296 1656 4359 racione
1687 4293 1862 4380 quod
1893 4294 2071 4378 prius
2102 4308 2240 4357 erat
2275 4292 2462 4356 Prior
2483 4292 2548 4355 in
2581 4292 2764 4357 dicto

453 4396 865 4529 2ocodnostro
902 4402 1097 4467 quam
1149 4394 1287 4445 erat
1335 4396 1584 4449 creatus
1637 4381 1862 4466 aliquis
1912 4380 2100 4446 Prior
2143 4380 2568 4447 studencium.
2667 4381 2759 4446 G.

496 4469 557 4528 5.
638 4515 654 4532 .
