<?xml version="1.0" encoding="UTF-8"?>
<!DOCTYPE html PUBLIC "-//W3C//DTD XHTML 1.0 Transitional//EN"
    "http://www.w3.org/TR/xhtml1/DTD/xhtml1-transitional.dtd">
<html xmlns="http://www.w3.org/1999/xhtml" xml:lang="en" lang="en">
 <head>
  <title>
</title>
<meta http-equiv="Content-Type" content="text/html;charset=utf-8" />
  <meta name='ocr-system' content='tesseract 3.04.00' />
  <meta name='ocr-capabilities' content='ocr_page ocr_carea ocr_par ocr_line ocrx_word'/>
</head>
<body>
  <div class='ocr_page' id='page_1' title='image "./historiaedunelm00raingoog_0535.png"; bbox 0 0 3000 5117; ppageno 0'>
   <div class='ocr_carea' id='block_1_1' title="bbox 792 438 2515 512">
    <p class='ocr_par' dir='ltr' id='par_1_1' title="bbox 792 438 2515 512">
     <span class='ocr_line' id='line_1_1' title="bbox 792 438 2515 512; baseline 0.002 -3"><span class='ocrx_word' id='word_1_1' title='bbox 792 458 1213 511; x_wconf 70' lang='lat' dir='ltr'><strong>Arrnumx.</strong></span> <span class='ocrx_word' id='word_1_2' title='bbox 1270 457 1452 509; x_wconf 64' lang='lat' dir='ltr'><strong>Anu.</strong></span> <span class='ocrx_word' id='word_1_3' title='bbox 1495 454 1970 509; x_wconf 71' lang='lat' dir='ltr'><strong>mccccxrm.</strong></span> <span class='ocrx_word' id='word_1_4' title='bbox 2175 438 2515 512; x_wconf 74' lang='lat' dir='ltr'><strong>cclxxxix</strong></span> 
     </span>
    </p>
   </div>
   <div class='ocr_carea' id='block_1_2' title="bbox 136 620 2522 4505">
    <p class='ocr_par' dir='ltr' id='par_1_2' title="bbox 136 620 2513 1053">
     <span class='ocr_line' id='line_1_2' title="bbox 223 620 2513 709; baseline 0 -24"><span class='ocrx_word' id='word_1_5' title='bbox 223 642 432 685; x_wconf 76' lang='lat' dir='ltr'><strong>murm</strong></span> <span class='ocrx_word' id='word_1_6' title='bbox 478 620 659 709; x_wconf 81' lang='lat' dir='ltr'><strong>larga</strong></span> <span class='ocrx_word' id='word_1_7' title='bbox 708 636 773 686; x_wconf 78' lang='lat' dir='ltr'><strong>et</strong></span> <span class='ocrx_word' id='word_1_8' title='bbox 817 638 1071 707; x_wconf 84' lang='lat' dir='ltr'><strong>magna,</strong></span> <span class='ocrx_word' id='word_1_9' title='bbox 1108 634 1335 685; x_wconf 86' lang='lat' dir='ltr'><strong>vocata</strong></span> <span class='ocrx_word' id='word_1_10' title='bbox 1374 622 1638 696; x_wconf 62' lang='lat' dir='ltr'><strong>Anna,</strong></span> <span class='ocrx_word' id='word_1_11' title='bbox 1674 620 1811 685; x_wconf 86' lang='lat' dir='ltr'><strong>sine</strong></span> <span class='ocrx_word' id='word_1_12' title='bbox 1842 622 2250 705; x_wconf 88' lang='lat' dir='ltr'><strong>cooperculo.</strong></span> <span class='ocrx_word' id='word_1_13' title='bbox 2349 622 2513 687; x_wconf 85' lang='lat' dir='ltr'><strong>Item</strong></span> 
     </span>
     <span class='ocr_line' id='line_1_3' title="bbox 136 707 2512 793; baseline -0.001 -20"><span class='ocrx_word' id='word_1_14' title='bbox 136 710 140 715; x_wconf 68' lang='grc'><em>“</em></span> <span class='ocrx_word' id='word_1_15' title='bbox 222 732 347 773; x_wconf 88' lang='lat' dir='ltr'><strong>una</strong></span> <span class='ocrx_word' id='word_1_16' title='bbox 391 708 517 773; x_wconf 88' lang='lat' dir='ltr'><strong>alia</strong></span> <span class='ocrx_word' id='word_1_17' title='bbox 560 730 776 773; x_wconf 85' lang='lat' dir='ltr'><strong>murra</strong></span> <span class='ocrx_word' id='word_1_18' title='bbox 818 731 941 793; x_wconf 89' lang='lat' dir='ltr'><strong>pro</strong></span> <span class='ocrx_word' id='word_1_19' title='bbox 988 709 1120 773; x_wconf 88' lang='lat' dir='ltr'><strong>alta</strong></span> <span class='ocrx_word' id='word_1_20' title='bbox 1144 730 1363 772; x_wconf 88' lang='lat' dir='ltr'><strong>mensa</strong></span> <span class='ocrx_word' id='word_1_21' title='bbox 1392 710 1457 771; x_wconf 90' lang='lat' dir='ltr'><strong>in</strong></span> <span class='ocrx_word' id='word_1_22' title='bbox 1496 707 1892 783; x_wconf 83' lang='lat' dir='ltr'><strong>Refectorio,</strong></span> <span class='ocrx_word' id='word_1_23' title='bbox 1925 732 2074 773; x_wconf 90' lang='lat' dir='ltr'><strong>cum</strong></span> <span class='ocrx_word' id='word_1_24' title='bbox 2105 710 2512 793; x_wconf 81' lang='lat' dir='ltr'><strong>cooperculo.</strong></span> 
     </span>
     <span class='ocr_line' id='line_1_4' title="bbox 221 794 2510 881; baseline -0.001 -20"><span class='ocrx_word' id='word_1_25' title='bbox 221 797 385 861; x_wconf 87' lang='lat' dir='ltr'><strong>Item</strong></span> <span class='ocrx_word' id='word_1_26' title='bbox 436 817 593 859; x_wconf 82' lang='lat' dir='ltr'><strong>unus</strong></span> <span class='ocrx_word' id='word_1_27' title='bbox 648 797 872 881; x_wconf 84' lang='lat' dir='ltr'><strong>cipbus</strong></span> <span class='ocrx_word' id='word_1_28' title='bbox 916 810 1143 860; x_wconf 80' lang='lat' dir='ltr'><strong>vocata</strong></span> <span class='ocrx_word' id='word_1_29' title='bbox 1198 794 1415 859; x_wconf 70' lang='lat' dir='ltr'><strong>BnnA.</strong></span> <span class='ocrx_word' id='word_1_30' title='bbox 1509 796 1674 857; x_wconf 85' lang='lat' dir='ltr'><strong>Item</strong></span> <span class='ocrx_word' id='word_1_31' title='bbox 1719 796 1832 881; x_wconf 88' lang='lat' dir='ltr'><strong>xiij</strong></span> <span class='ocrx_word' id='word_1_32' title='bbox 1883 818 2116 859; x_wconf 84' lang='lat' dir='ltr'><strong>murrae</strong></span> <span class='ocrx_word' id='word_1_33' title='bbox 2162 816 2410 881; x_wconf 75' lang='lat' dir='ltr'><strong>maguae</strong></span> <span class='ocrx_word' id='word_1_34' title='bbox 2441 811 2510 859; x_wconf 92' lang='lat' dir='ltr'><strong>et</strong></span> 
     </span>
     <span class='ocr_line' id='line_1_5' title="bbox 218 881 2512 969; baseline -0 -22"><span class='ocrx_word' id='word_1_35' title='bbox 218 884 413 967; x_wconf 85' lang='lat' dir='ltr'><strong>largoe</strong></span> <span class='ocrx_word' id='word_1_36' title='bbox 444 905 588 947; x_wconf 89' lang='lat' dir='ltr'><strong>cum</strong></span> <span class='ocrx_word' id='word_1_37' title='bbox 612 906 741 947; x_wconf 90' lang='lat' dir='ltr'><strong>uno</strong></span> <span class='ocrx_word' id='word_1_38' title='bbox 760 882 1168 967; x_wconf 81' lang='lat' dir='ltr'><strong>coopercuIO‚</strong></span> <span class='ocrx_word' id='word_1_39' title='bbox 1202 904 1469 968; x_wconf 83' lang='lat' dir='ltr'><strong>quarum</strong></span> <span class='ocrx_word' id='word_1_40' title='bbox 1492 881 1552 966; x_wconf 91' lang='lat' dir='ltr'><strong>iij</strong></span> <span class='ocrx_word' id='word_1_41' title='bbox 1581 904 1727 945; x_wconf 88' lang='lat' dir='ltr'><strong>cum</strong></span> <span class='ocrx_word' id='word_1_42' title='bbox 1759 883 2048 967; x_wconf 84' lang='lat' dir='ltr'><strong>pedibus.</strong></span> <span class='ocrx_word' id='word_1_43' title='bbox 2111 883 2277 949; x_wconf 82' lang='lat' dir='ltr'><strong>Item</strong></span> <span class='ocrx_word' id='word_1_44' title='bbox 2299 882 2512 969; x_wconf 74' lang='lat' dir='ltr'><strong>xxxiij</strong></span> 
     </span>
     <span class='ocr_line' id='line_1_6' title="bbox 220 967 1898 1053; baseline 0.001 -20"><span class='ocrx_word' id='word_1_45' title='bbox 220 992 449 1035; x_wconf 84' lang='lat' dir='ltr'><strong>murrae</strong></span> <span class='ocrx_word' id='word_1_46' title='bbox 480 970 752 1048; x_wconf 79' lang='lat' dir='ltr'><strong>usuales,</strong></span> <span class='ocrx_word' id='word_1_47' title='bbox 784 984 849 1034; x_wconf 94' lang='lat' dir='ltr'><strong>et</strong></span> <span class='ocrx_word' id='word_1_48' title='bbox 880 991 1011 1033; x_wconf 82' lang='lat' dir='ltr'><strong>una</strong></span> <span class='ocrx_word' id='word_1_49' title='bbox 1040 991 1175 1032; x_wconf 82' lang='lat' dir='ltr'><strong>nux</strong></span> <span class='ocrx_word' id='word_1_50' title='bbox 1220 990 1369 1031; x_wconf 88' lang='lat' dir='ltr'><strong>cum</strong></span> <span class='ocrx_word' id='word_1_51' title='bbox 1404 967 1443 1051; x_wconf 89' lang='lat' dir='ltr'><strong>ij</strong></span> <span class='ocrx_word' id='word_1_52' title='bbox 1476 969 1898 1053; x_wconf 81' lang='lat' dir='ltr'><strong>coopercuiis.</strong></span> 
     </span>
    </p>

    <p class='ocr_par' dir='ltr' id='par_1_3' title="bbox 216 1055 2513 1751">
     <span class='ocr_line' id='line_1_7' title="bbox 307 1055 2513 1141; baseline -0 -19"><span class='ocrx_word' id='word_1_53' title='bbox 307 1058 775 1122; x_wconf 65' lang='lat' dir='ltr'><strong>Gmnmmum.</strong></span> <span class='ocrx_word' id='word_1_54' title='bbox 874 1058 949 1122; x_wconf 92' lang='lat' dir='ltr'><strong>In</strong></span> <span class='ocrx_word' id='word_1_55' title='bbox 973 1055 1273 1141; x_wconf 77' lang='lat' dir='ltr'><strong>granario</strong></span> <span class='ocrx_word' id='word_1_56' title='bbox 1294 1071 1439 1119; x_wconf 88' lang='lat' dir='ltr'><strong>sunt</strong></span> <span class='ocrx_word' id='word_1_57' title='bbox 1463 1055 1530 1118; x_wconf 86' lang='lat' dir='ltr'><strong>lx</strong></span> <span class='ocrx_word' id='word_1_58' title='bbox 1547 1057 1868 1141; x_wconf 84' lang='lat' dir='ltr'><strong>quarteria</strong></span> <span class='ocrx_word' id='word_1_59' title='bbox 1892 1056 2213 1134; x_wconf 80' lang='lat' dir='ltr'><strong>frumenti,</strong></span> <span class='ocrx_word' id='word_1_60' title='bbox 2237 1070 2306 1122; x_wconf 91' lang='lat' dir='ltr'><strong>et</strong></span> <span class='ocrx_word' id='word_1_61' title='bbox 2326 1070 2513 1121; x_wconf 79' lang='lat' dir='ltr'><strong>extra</strong></span> 
     </span>
     <span class='ocr_line' id='line_1_8' title="bbox 221 1141 2507 1230; baseline 0 -23"><span class='ocrx_word' id='word_1_62' title='bbox 221 1143 287 1207; x_wconf 82' lang='lat' dir='ltr'><strong>lx</strong></span> <span class='ocrx_word' id='word_1_63' title='bbox 330 1143 659 1230; x_wconf 85' lang='lat' dir='ltr'><strong>quarteria</strong></span> <span class='ocrx_word' id='word_1_64' title='bbox 701 1144 1025 1221; x_wconf 86' lang='lat' dir='ltr'><strong>frumeuti,</strong></span> <span class='ocrx_word' id='word_1_65' title='bbox 1062 1141 1334 1227; x_wconf 88' lang='lat' dir='ltr'><strong>pretium</strong></span> <span class='ocrx_word' id='word_1_66' title='bbox 1382 1142 1680 1228; x_wconf 83' lang='lat' dir='ltr'><strong>quarterii</strong></span> <span class='ocrx_word' id='word_1_67' title='bbox 1718 1144 1848 1226; x_wconf 67' lang='lat' dir='ltr'><strong>vj‘„</strong></span> <span class='ocrx_word' id='word_1_68' title='bbox 1884 1144 2130 1230; x_wconf 76' lang='lat' dir='ltr'><strong>xxva¹.</strong></span> <span class='ocrx_word' id='word_1_69' title='bbox 2223 1145 2392 1209; x_wconf 84' lang='lat' dir='ltr'>Item</span> <span class='ocrx_word' id='word_1_70' title='bbox 2440 1144 2507 1207; x_wconf 88' lang='lat' dir='ltr'><strong>in</strong></span> 
     </span>
     <span class='ocr_line' id='line_1_9' title="bbox 218 1228 2508 1330; baseline 0.002 -36"><span class='ocrx_word' id='word_1_71' title='bbox 218 1232 447 1295; x_wconf 85' lang='lat' dir='ltr'><strong>braseo</strong></span> <span class='ocrx_word' id='word_1_72' title='bbox 487 1244 557 1295; x_wconf 88' lang='lat' dir='ltr'><strong>et</strong></span> <span class='ocrx_word' id='word_1_73' title='bbox 599 1231 804 1295; x_wconf 88' lang='lat' dir='ltr'><strong>ordeo</strong></span> <span class='ocrx_word' id='word_1_74' title='bbox 845 1253 955 1294; x_wconf 89' lang='lat' dir='ltr'><strong>ccc</strong></span> <span class='ocrx_word' id='word_1_75' title='bbox 1000 1229 1344 1330; x_wconf 80' lang='lat' dir='ltr'><strong>quarteria,</strong></span> <span class='ocrx_word' id='word_1_76' title='bbox 1391 1228 1676 1313; x_wconf 80' lang='lat' dir='ltr'><strong>precium</strong></span> <span class='ocrx_word' id='word_1_77' title='bbox 1724 1230 2032 1315; x_wconf 86' lang='lat' dir='ltr'><strong>quarterii</strong></span> <span class='ocrx_word' id='word_1_78' title='bbox 2079 1232 2224 1315; x_wconf 84' lang='lat' dir='ltr'><strong>iij·.,-</strong></span> <span class='ocrx_word' id='word_1_79' title='bbox 2251 1230 2508 1316; x_wconf 78' lang='lat' dir='ltr'><strong>lxxiiij1.</strong></span> 
     </span>
     <span class='ocr_line' id='line_1_10' title="bbox 227 1316 2510 1403; baseline 0.001 -22"><span class='ocrx_word' id='word_1_80' title='bbox 227 1317 387 1381; x_wconf 85' lang='lat' dir='ltr'><strong>Item</strong></span> <span class='ocrx_word' id='word_1_81' title='bbox 438 1318 503 1380; x_wconf 87' lang='lat' dir='ltr'><strong>iu</strong></span> <span class='ocrx_word' id='word_1_82' title='bbox 555 1317 943 1401; x_wconf 85' lang='lat' dir='ltr'><strong>pandoxina,</strong></span> <span class='ocrx_word' id='word_1_83' title='bbox 994 1318 1287 1403; x_wconf 73' lang='lat' dir='ltr'><strong>pistrina,</strong></span> <span class='ocrx_word' id='word_1_84' title='bbox 1335 1331 1401 1379; x_wconf 91' lang='lat' dir='ltr'><strong>et</strong></span> <span class='ocrx_word' id='word_1_85' title='bbox 1454 1316 1718 1393; x_wconf 76' lang='lat' dir='ltr'><strong>ustrina,</strong></span> <span class='ocrx_word' id='word_1_86' title='bbox 1769 1332 1921 1381; x_wconf 80' lang='lat' dir='ltr'><strong>sunt</strong></span> <span class='ocrx_word' id='word_1_87' title='bbox 1963 1318 2216 1382; x_wconf 76' lang='lat' dir='ltr'><strong>diversa</strong></span> <span class='ocrx_word' id='word_1_88' title='bbox 2263 1340 2414 1382; x_wconf 83' lang='lat' dir='ltr'><strong>vasa</strong></span> <span class='ocrx_word' id='word_1_89' title='bbox 2445 1332 2510 1383; x_wconf 80' lang='lat' dir='ltr'><strong>et</strong></span> 
     </span>
     <span class='ocr_line' id='line_1_11' title="bbox 220 1400 2506 1490; baseline 0 -22"><span class='ocrx_word' id='word_1_90' title='bbox 220 1404 533 1481; x_wconf 83' lang='lat' dir='ltr'><strong>utensilia,</strong></span> <span class='ocrx_word' id='word_1_91' title='bbox 565 1426 837 1489; x_wconf 85' lang='lat' dir='ltr'><strong>quornm</strong></span> <span class='ocrx_word' id='word_1_92' title='bbox 870 1405 1085 1490; x_wconf 83' lang='lat' dir='ltr'><strong>aliqua</strong></span> <span class='ocrx_word' id='word_1_93' title='bbox 1112 1419 1263 1467; x_wconf 87' lang='lat' dir='ltr'><strong>sunt</strong></span> <span class='ocrx_word' id='word_1_94' title='bbox 1292 1401 1676 1467; x_wconf 88' lang='lat' dir='ltr'><strong>sufficieucia</strong></span> <span class='ocrx_word' id='word_1_95' title='bbox 1697 1417 1764 1466; x_wconf 90' lang='lat' dir='ltr'><strong>et</strong></span> <span class='ocrx_word' id='word_1_96' title='bbox 1793 1404 2008 1490; x_wconf 82' lang='lat' dir='ltr'><strong>aliqua</strong></span> <span class='ocrx_word' id='word_1_97' title='bbox 2037 1405 2291 1470; x_wconf 75' lang='lat' dir='ltr'><strong>debilia.</strong></span> <span class='ocrx_word' id='word_1_98' title='bbox 2341 1400 2506 1469; x_wconf 85' lang='lat' dir='ltr'><strong>Item</strong></span> 
     </span>
     <span class='ocr_line' id='line_1_12' title="bbox 222 1490 2513 1577; baseline 0 -23"><span class='ocrx_word' id='word_1_99' title='bbox 222 1513 378 1555; x_wconf 88' lang='lat' dir='ltr'><strong>unus</strong></span> <span class='ocrx_word' id='word_1_100' title='bbox 432 1514 637 1576; x_wconf 89' lang='lat' dir='ltr'><strong>equus</strong></span> <span class='ocrx_word' id='word_1_101' title='bbox 684 1514 805 1577; x_wconf 90' lang='lat' dir='ltr'><strong>pro</strong></span> <span class='ocrx_word' id='word_1_102' title='bbox 834 1490 1163 1556; x_wconf 87' lang='lat' dir='ltr'><strong>frumento</strong></span> <span class='ocrx_word' id='word_1_103' title='bbox 1193 1504 1260 1553; x_wconf 90' lang='lat' dir='ltr'><strong>et</strong></span> <span class='ocrx_word' id='word_1_104' title='bbox 1289 1490 1517 1553; x_wconf 87' lang='lat' dir='ltr'><strong>braseo</strong></span> <span class='ocrx_word' id='word_1_105' title='bbox 1541 1490 1858 1553; x_wconf 88' lang='lat' dir='ltr'><strong>carieudis</strong></span> <span class='ocrx_word' id='word_1_106' title='bbox 1882 1505 1949 1554; x_wconf 88' lang='lat' dir='ltr'><strong>et</strong></span> <span class='ocrx_word' id='word_1_107' title='bbox 1973 1509 2313 1575; x_wconf 87' lang='lat' dir='ltr'><strong>apparatus</strong></span> <span class='ocrx_word' id='word_1_108' title='bbox 2337 1508 2513 1556; x_wconf 86' lang='lat' dir='ltr'><strong>com·</strong></span> 
     </span>
     <span class='ocr_line' id='line_1_13' title="bbox 216 1576 2504 1663; baseline 0 -21"><span class='ocrx_word' id='word_1_109' title='bbox 216 1591 441 1663; x_wconf 87' lang='lat' dir='ltr'><strong>petens</strong></span> <span class='ocrx_word' id='word_1_110' title='bbox 470 1600 588 1661; x_wconf 91' lang='lat' dir='ltr'><strong>pro</strong></span> <span class='ocrx_word' id='word_1_111' title='bbox 618 1578 879 1645; x_wconf 72' lang='lat' dir='ltr'><strong>eodem.</strong></span> <span class='ocrx_word' id='word_1_112' title='bbox 973 1576 1133 1643; x_wconf 87' lang='lat' dir='ltr'><strong>Item</strong></span> <span class='ocrx_word' id='word_1_113' title='bbox 1166 1577 1227 1640; x_wconf 89' lang='lat' dir='ltr'><strong>in</strong></span> <span class='ocrx_word' id='word_1_114' title='bbox 1262 1576 1615 1661; x_wconf 80' lang='lat' dir='ltr'><strong>prebenda,</strong></span> <span class='ocrx_word' id='word_1_115' title='bbox 1643 1578 1764 1645; x_wconf 83' lang='lat' dir='ltr'><strong>viz.</strong></span> <span class='ocrx_word' id='word_1_116' title='bbox 1793 1576 1959 1663; x_wconf 82' lang='lat' dir='ltr'><strong>pisis,</strong></span> <span class='ocrx_word' id='word_1_117' title='bbox 1992 1578 2180 1656; x_wconf 74' lang='lat' dir='ltr'><strong>sabis,</strong></span> <span class='ocrx_word' id='word_1_118' title='bbox 2197 1592 2262 1645; x_wconf 85' lang='lat' dir='ltr'><strong>et</strong></span> <span class='ocrx_word' id='word_1_119' title='bbox 2279 1601 2504 1657; x_wconf 84' lang='lat' dir='ltr'><strong>avena,</strong></span> 
     </span>
     <span class='ocr_line' id='line_1_14' title="bbox 217 1664 658 1751; baseline 0.009 -22"><span class='ocrx_word' id='word_1_120' title='bbox 217 1664 281 1729; x_wconf 80' lang='lat' dir='ltr'><strong>xl</strong></span> <span class='ocrx_word' id='word_1_121' title='bbox 312 1664 658 1751; x_wconf 79' lang='lat' dir='ltr'><strong>quarteria.</strong></span> 
     </span>
    </p>

    <p class='ocr_par' dir='ltr' id='par_1_4' title="bbox 205 1745 2512 2791">
     <span class='ocr_line' id='line_1_15' title="bbox 304 1745 2502 1836; baseline 0 -20"><span class='ocrx_word' id='word_1_122' title='bbox 304 1756 659 1822; x_wconf 55' lang='lat' dir='ltr'><strong>Coeum».</strong></span> <span class='ocrx_word' id='word_1_123' title='bbox 752 1748 829 1814; x_wconf 86' lang='lat' dir='ltr'><strong>In</strong></span> <span class='ocrx_word' id='word_1_124' title='bbox 879 1749 1153 1835; x_wconf 81' lang='lat' dir='ltr'><strong>coquina</strong></span> <span class='ocrx_word' id='word_1_125' title='bbox 1203 1762 1353 1813; x_wconf 88' lang='lat' dir='ltr'><strong>snut</strong></span> <span class='ocrx_word' id='word_1_126' title='bbox 1397 1750 1439 1836; x_wconf 84' lang='lat' dir='ltr'><strong>ij</strong></span> <span class='ocrx_word' id='word_1_127' title='bbox 1470 1745 1781 1813; x_wconf 78' lang='lat' dir='ltr'><strong>cat-cassia</strong></span> <span class='ocrx_word' id='word_1_128' title='bbox 1825 1748 2033 1814; x_wconf 81' lang='lat' dir='ltr'><strong>carnis</strong></span> <span class='ocrx_word' id='word_1_129' title='bbox 2069 1751 2286 1815; x_wconf 88' lang='lat' dir='ltr'><strong>bovini</strong></span> <span class='ocrx_word' id='word_1_130' title='bbox 2317 1751 2502 1829; x_wconf 84' lang='lat' dir='ltr'><strong>salsa,</strong></span> 
     </span>
     <span class='ocr_line' id='line_1_16' title="bbox 217 1836 2510 1924; baseline 0.001 -24"><span class='ocrx_word' id='word_1_131' title='bbox 217 1837 489 1923; x_wconf 83' lang='lat' dir='ltr'><strong>pretium</strong></span> <span class='ocrx_word' id='word_1_132' title='bbox 538 1836 763 1923; x_wconf 79' lang='lat' dir='ltr'><strong>capitis</strong></span> <span class='ocrx_word' id='word_1_133' title='bbox 812 1836 919 1923; x_wconf 72' lang='lat' dir='ltr'><strong>vJ‘.</strong></span> <span class='ocrx_word' id='word_1_134' title='bbox 976 1838 1152 1921; x_wconf 60' lang='lat' dir='ltr'><strong>viijff„</strong></span> <span class='ocrx_word' id='word_1_135' title='bbox 1209 1836 1366 1924; x_wconf 80' lang='lat' dir='ltr'><strong>xiij⁰.</strong></span> <span class='ocrx_word' id='word_1_136' title='bbox 1424 1837 1563 1923; x_wconf 58' lang='lat' dir='ltr'><strong>iiijd.</strong></span> <span class='ocrx_word' id='word_1_137' title='bbox 1659 1838 1826 1901; x_wconf 85' lang='lat' dir='ltr'><strong>Item</strong></span> <span class='ocrx_word' id='word_1_138' title='bbox 1857 1838 2028 1921; x_wconf 89' lang='lat' dir='ltr'><strong>apud</strong></span> <span class='ocrx_word' id='word_1_139' title='bbox 2065 1838 2510 1924; x_wconf 82' lang='lat' dir='ltr'><strong>Beaurepayre</strong></span> 
     </span>
     <span class='ocr_line' id='line_1_17' title="bbox 216 1920 2509 2013; baseline 0.001 -25"><span class='ocrx_word' id='word_1_140' title='bbox 216 1934 407 1988; x_wconf 75' lang='lat' dir='ltr'>v⁸¹xv</span> <span class='ocrx_word' id='word_1_141' title='bbox 432 1926 633 1990; x_wconf 86' lang='lat' dir='ltr'><strong>boves</strong></span> <span class='ocrx_word' id='word_1_142' title='bbox 652 1940 721 1989; x_wconf 92' lang='lat' dir='ltr'><strong>et</strong></span> <span class='ocrx_word' id='word_1_143' title='bbox 738 1946 971 2001; x_wconf 74' lang='lat' dir='ltr'><strong>vaecae,</strong></span> <span class='ocrx_word' id='word_1_144' title='bbox 998 1923 1279 2008; x_wconf 82' lang='lat' dir='ltr'>precium</span> <span class='ocrx_word' id='word_1_145' title='bbox 1305 1924 1529 2008; x_wconf 88' lang='lat' dir='ltr'><strong>capitis</strong></span> <span class='ocrx_word' id='word_1_146' title='bbox 1555 1924 1664 2007; x_wconf 79' lang='lat' dir='ltr'>vj¹.</span> <span class='ocrx_word' id='word_1_147' title='bbox 1693 1924 1870 2009; x_wconf 66' lang='lat' dir='ltr'><strong>viij⁶.,</strong></span> <span class='ocrx_word' id='word_1_148' title='bbox 1899 1920 2188 2011; x_wconf 79' lang='lat' dir='ltr'><strong>xxxviij¹.</strong></span> <span class='ocrx_word' id='word_1_149' title='bbox 2219 1922 2326 2010; x_wconf 80' lang='lat' dir='ltr'><strong>vj&#39;.</strong></span> <span class='ocrx_word' id='word_1_150' title='bbox 2353 1926 2509 2013; x_wconf 55' lang='lat' dir='ltr'><strong>viijff.</strong></span> 
     </span>
     <span class='ocr_line' id='line_1_18' title="bbox 218 2011 2512 2099; baseline 0 -22"><span class='ocrx_word' id='word_1_151' title='bbox 218 2012 418 2097; x_wconf 87' lang='lat' dir='ltr'><strong>Apud</strong></span> <span class='ocrx_word' id='word_1_152' title='bbox 456 2012 667 2099; x_wconf 71' lang='lat' dir='ltr'><strong>Rilley</strong></span> <span class='ocrx_word' id='word_1_153' title='bbox 696 2033 791 2074; x_wconf 83' lang='lat' dir='ltr'><strong>xx</strong></span> <span class='ocrx_word' id='word_1_154' title='bbox 824 2033 1037 2075; x_wconf 84' lang='lat' dir='ltr'><strong>vaccae</strong></span> <span class='ocrx_word' id='word_1_155' title='bbox 1068 2033 1211 2076; x_wconf 87' lang='lat' dir='ltr'><strong>cum</strong></span> <span class='ocrx_word' id='word_1_156' title='bbox 1236 2012 1263 2093; x_wconf 84' lang='lat' dir='ltr'>j</span> <span class='ocrx_word' id='word_1_157' title='bbox 1294 2024 1501 2085; x_wconf 83' lang='lat' dir='ltr'><strong>tauro,</strong></span> <span class='ocrx_word' id='word_1_158' title='bbox 1537 2011 1853 2094; x_wconf 82' lang='lat' dir='ltr'><strong>ccv¹¹xiiij</strong></span> <span class='ocrx_word' id='word_1_159' title='bbox 1889 2013 2204 2077; x_wconf 89' lang='lat' dir='ltr'><strong>multones</strong></span> <span class='ocrx_word' id='word_1_160' title='bbox 2234 2014 2512 2078; x_wconf 82' lang='lat' dir='ltr'><strong>diversa·</strong></span> 
     </span>
     <span class='ocr_line' id='line_1_19' title="bbox 214 2096 2510 2185; baseline 0.001 -24"><span class='ocrx_word' id='word_1_161' title='bbox 214 2122 353 2163; x_wconf 89' lang='lat' dir='ltr'><strong>rum</strong></span> <span class='ocrx_word' id='word_1_162' title='bbox 386 2114 675 2176; x_wconf 83' lang='lat' dir='ltr'><strong>aetatum,</strong></span> <span class='ocrx_word' id='word_1_163' title='bbox 726 2098 1009 2183; x_wconf 85' lang='lat' dir='ltr'><strong>precium</strong></span> <span class='ocrx_word' id='word_1_164' title='bbox 1042 2096 1265 2181; x_wconf 86' lang='lat' dir='ltr'><strong>capitis</strong></span> <span class='ocrx_word' id='word_1_165' title='bbox 1289 2097 1504 2181; x_wconf 58' lang='lat' dir='ltr'><strong>xiiijd„</strong></span> <span class='ocrx_word' id='word_1_166' title='bbox 1531 2098 1668 2161; x_wconf 85' lang='lat' dir='ltr'><strong>xx¹.</strong></span> <span class='ocrx_word' id='word_1_167' title='bbox 1694 2097 1852 2182; x_wconf 85' lang='lat' dir='ltr'><strong>xiij⁸.</strong></span> <span class='ocrx_word' id='word_1_168' title='bbox 1941 2099 2102 2163; x_wconf 87' lang='lat' dir='ltr'><strong>Item</strong></span> <span class='ocrx_word' id='word_1_169' title='bbox 2129 2100 2166 2185; x_wconf 89' lang='lat' dir='ltr'><strong>ij</strong></span> <span class='ocrx_word' id='word_1_170' title='bbox 2201 2124 2344 2165; x_wconf 88' lang='lat' dir='ltr'><strong>sues</strong></span> <span class='ocrx_word' id='word_1_171' title='bbox 2363 2124 2510 2164; x_wconf 88' lang='lat' dir='ltr'><strong>cum</strong></span> 
     </span>
     <span class='ocr_line' id='line_1_20' title="bbox 205 2183 2506 2271; baseline 0 -22"><span class='ocrx_word' id='word_1_172' title='bbox 205 2190 233 2270; x_wconf 92' lang='lat' dir='ltr'><strong>j</strong></span> <span class='ocrx_word' id='word_1_173' title='bbox 279 2209 463 2271; x_wconf 76' lang='lat' dir='ltr'><strong>apro·</strong></span> <span class='ocrx_word' id='word_1_174' title='bbox 556 2187 723 2250; x_wconf 85' lang='lat' dir='ltr'><strong>Item</strong></span> <span class='ocrx_word' id='word_1_175' title='bbox 756 2187 820 2247; x_wconf 89' lang='lat' dir='ltr'><strong>in</strong></span> <span class='ocrx_word' id='word_1_176' title='bbox 852 2183 1129 2269; x_wconf 73' lang='lat' dir='ltr'><strong>piscibus</strong></span> <span class='ocrx_word' id='word_1_177' title='bbox 1160 2185 1359 2268; x_wconf 77' lang='lat' dir='ltr'>xxxvj</span> <span class='ocrx_word' id='word_1_178' title='bbox 1395 2185 1753 2268; x_wconf 80' lang='lat' dir='ltr'><strong>dogdrafl&#39;e,</strong></span> <span class='ocrx_word' id='word_1_179' title='bbox 1789 2190 2069 2269; x_wconf 86' lang='lat' dir='ltr'><strong>precium</strong></span> <span class='ocrx_word' id='word_1_180' title='bbox 2119 2189 2285 2271; x_wconf 80' lang='lat' dir='ltr'><strong>xij⁸.,</strong></span> <span class='ocrx_word' id='word_1_181' title='bbox 2319 2202 2386 2251; x_wconf 88' lang='lat' dir='ltr'><strong>et</strong></span> <span class='ocrx_word' id='word_1_182' title='bbox 2419 2188 2506 2271; x_wconf 69' lang='lat' dir='ltr'><strong>ij³¹²</strong></span> 
     </span>
     <span class='ocr_line' id='line_1_21' title="bbox 214 2270 2510 2360; baseline 0 -23"><span class='ocrx_word' id='word_1_183' title='bbox 214 2274 451 2338; x_wconf 76' lang='lat' dir='ltr'><strong>alleces</strong></span> <span class='ocrx_word' id='word_1_184' title='bbox 482 2272 627 2335; x_wconf 90' lang='lat' dir='ltr'><strong>sori.</strong></span> <span class='ocrx_word' id='word_1_185' title='bbox 694 2273 771 2337; x_wconf 86' lang='lat' dir='ltr'><strong>In</strong></span> <span class='ocrx_word' id='word_1_186' title='bbox 806 2271 989 2337; x_wconf 78' lang='lat' dir='ltr'><strong>variis</strong></span> <span class='ocrx_word' id='word_1_187' title='bbox 1012 2270 1368 2357; x_wconf 79' lang='lat' dir='ltr'><strong>speciebuS,</strong></span> <span class='ocrx_word' id='word_1_188' title='bbox 1394 2270 1512 2335; x_wconf 79' lang='lat' dir='ltr'><strong>viz.</strong></span> <span class='ocrx_word' id='word_1_189' title='bbox 1547 2272 1626 2355; x_wconf 85' lang='lat' dir='ltr'><strong>vij</strong></span> <span class='ocrx_word' id='word_1_190' title='bbox 1661 2272 1940 2336; x_wconf 86' lang='lat' dir='ltr'><strong>duoden’</strong></span> <span class='ocrx_word' id='word_1_191' title='bbox 1967 2273 2222 2358; x_wconf 84' lang='lat' dir='ltr'><strong>piperis,</strong></span> <span class='ocrx_word' id='word_1_192' title='bbox 2251 2274 2312 2360; x_wconf 61' lang='lat' dir='ltr'><strong>‘fij</strong></span> <span class='ocrx_word' id='word_1_193' title='bbox 2347 2276 2510 2337; x_wconf 80' lang='lat' dir='ltr'><strong>duo·</strong></span> 
     </span>
     <span class='ocr_line' id='line_1_22' title="bbox 214 2357 2506 2447; baseline 0 -23"><span class='ocrx_word' id='word_1_194' title='bbox 214 2361 359 2425; x_wconf 88' lang='lat' dir='ltr'><strong>deu’</strong></span> <span class='ocrx_word' id='word_1_195' title='bbox 384 2358 938 2447; x_wconf 67' lang='lat' dir='ltr'><strong>amygdalon-um,j</strong></span> <span class='ocrx_word' id='word_1_196' title='bbox 972 2357 1163 2442; x_wconf 87' lang='lat' dir='ltr'><strong>copill</strong></span> <span class='ocrx_word' id='word_1_197' title='bbox 1186 2358 1419 2421; x_wconf 86' lang='lat' dir='ltr'><strong>ficuum</strong></span> <span class='ocrx_word' id='word_1_198' title='bbox 1446 2372 1509 2421; x_wconf 91' lang='lat' dir='ltr'><strong>et</strong></span> <span class='ocrx_word' id='word_1_199' title='bbox 1536 2380 1952 2436; x_wconf 86' lang='lat' dir='ltr'><strong>racemorum,</strong></span> <span class='ocrx_word' id='word_1_200' title='bbox 1984 2360 2022 2444; x_wconf 88' lang='lat' dir='ltr'><strong>ij</strong></span> <span class='ocrx_word' id='word_1_201' title='bbox 2055 2360 2333 2425; x_wconf 88' lang='lat' dir='ltr'><strong>duoden&#39;</strong></span> <span class='ocrx_word' id='word_1_202' title='bbox 2357 2361 2440 2424; x_wconf 90' lang='lat' dir='ltr'><strong>de</strong></span> <span class='ocrx_word' id='word_1_203' title='bbox 2466 2361 2506 2424; x_wconf 87' lang='lat' dir='ltr'><strong>l’</strong></span> 
     </span>
     <span class='ocr_line' id='line_1_23' title="bbox 212 2444 2510 2533; baseline 0 -23"><span class='ocrx_word' id='word_1_204' title='bbox 212 2447 363 2525; x_wconf 88' lang='lat' dir='ltr'><strong>rice,</strong></span> <span class='ocrx_word' id='word_1_205' title='bbox 414 2448 458 2533; x_wconf 86' lang='lat' dir='ltr'><strong>ij</strong></span> <span class='ocrx_word' id='word_1_206' title='bbox 510 2448 597 2510; x_wconf 85' lang='lat' dir='ltr'><strong>lb.</strong></span> <span class='ocrx_word' id='word_1_207' title='bbox 644 2446 729 2511; x_wconf 84' lang='lat' dir='ltr'><strong>de</strong></span> <span class='ocrx_word' id='word_1_208' title='bbox 765 2446 806 2511; x_wconf 91' lang='lat' dir='ltr'><strong>l’</strong></span> <span class='ocrx_word' id='word_1_209' title='bbox 861 2446 1063 2523; x_wconf 85' lang='lat' dir='ltr'><strong>dates,</strong></span> <span class='ocrx_word' id='word_1_210' title='bbox 1086 2445 1117 2528; x_wconf 85' lang='lat' dir='ltr'><strong>j</strong></span> <span class='ocrx_word' id='word_1_211' title='bbox 1166 2444 1558 2530; x_wconf 83' lang='lat' dir='ltr'><strong>quarterium</strong></span> <span class='ocrx_word' id='word_1_212' title='bbox 1591 2446 1675 2509; x_wconf 90' lang='lat' dir='ltr'><strong>de</strong></span> <span class='ocrx_word' id='word_1_213' title='bbox 1706 2445 2028 2523; x_wconf 76' lang='lat' dir='ltr'><strong>sauudres,</strong></span> <span class='ocrx_word' id='word_1_214' title='bbox 2053 2450 2080 2531; x_wconf 92' lang='lat' dir='ltr'><strong>j</strong></span> <span class='ocrx_word' id='word_1_215' title='bbox 2117 2451 2510 2533; x_wconf 78' lang='lat' dir='ltr'><strong>quarterium</strong></span> 
     </span>
     <span class='ocr_line' id='line_1_24' title="bbox 212 2531 2504 2619; baseline 0.003 -22"><span class='ocrx_word' id='word_1_216' title='bbox 212 2535 407 2612; x_wconf 78' lang='lat' dir='ltr'><strong>cmci,</strong></span> <span class='ocrx_word' id='word_1_217' title='bbox 460 2535 501 2619; x_wconf 86' lang='lat' dir='ltr'><strong>ij</strong></span> <span class='ocrx_word' id='word_1_218' title='bbox 555 2534 835 2598; x_wconf 87' lang='lat' dir='ltr'><strong>duoden’</strong></span> <span class='ocrx_word' id='word_1_219' title='bbox 886 2552 1283 2597; x_wconf 81' lang='lat' dir='ltr'><strong>racemorum</strong></span> <span class='ocrx_word' id='word_1_220' title='bbox 1337 2531 1419 2595; x_wconf 87' lang='lat' dir='ltr'><strong>de</strong></span> <span class='ocrx_word' id='word_1_221' title='bbox 1469 2552 1764 2609; x_wconf 83' lang='lat' dir='ltr'><strong>curance,</strong></span> <span class='ocrx_word' id='word_1_222' title='bbox 1816 2534 1860 2618; x_wconf 78' lang='lat' dir='ltr'><strong>ij</strong></span> <span class='ocrx_word' id='word_1_223' title='bbox 1905 2534 1989 2597; x_wconf 82' lang='lat' dir='ltr'><strong>ib.</strong></span> <span class='ocrx_word' id='word_1_224' title='bbox 2026 2535 2504 2617; x_wconf 77' lang='lat' dir='ltr'><strong>gariofolorum.</strong></span> 
     </span>
     <span class='ocr_line' id='line_1_25' title="bbox 214 2620 2508 2707; baseline 0 -24"><span class='ocrx_word' id='word_1_225' title='bbox 214 2622 379 2685; x_wconf 87' lang='lat' dir='ltr'><strong>Item</strong></span> <span class='ocrx_word' id='word_1_226' title='bbox 430 2623 475 2705; x_wconf 88' lang='lat' dir='ltr'><strong>ij</strong></span> <span class='ocrx_word' id='word_1_227' title='bbox 513 2621 661 2707; x_wconf 91' lang='lat' dir='ltr'><strong>equi</strong></span> <span class='ocrx_word' id='word_1_228' title='bbox 713 2631 1155 2704; x_wconf 82' lang='lat' dir='ltr'><strong>competentes</strong></span> <span class='ocrx_word' id='word_1_229' title='bbox 1179 2640 1325 2682; x_wconf 92' lang='lat' dir='ltr'><strong>cum</strong></span> <span class='ocrx_word' id='word_1_230' title='bbox 1356 2636 1664 2702; x_wconf 80' lang='lat' dir='ltr'><strong>apparatu</strong></span> <span class='ocrx_word' id='word_1_231' title='bbox 1722 2640 1838 2703; x_wconf 88' lang='lat' dir='ltr'><strong>pro</strong></span> <span class='ocrx_word' id='word_1_232' title='bbox 1873 2620 2143 2703; x_wconf 80' lang='lat' dir='ltr'><strong>piscibus</strong></span> <span class='ocrx_word' id='word_1_233' title='bbox 2175 2622 2508 2687; x_wconf 71' lang='lat' dir='ltr'><strong>cariandis.</strong></span> 
     </span>
     <span class='ocr_line' id='line_1_26' title="bbox 218 2706 2448 2791; baseline 0.002 -20"><span class='ocrx_word' id='word_1_234' title='bbox 218 2708 381 2771; x_wconf 83' lang='lat' dir='ltr'><strong>Item</strong></span> <span class='ocrx_word' id='word_1_235' title='bbox 421 2730 573 2772; x_wconf 83' lang='lat' dir='ltr'><strong>vasa</strong></span> <span class='ocrx_word' id='word_1_236' title='bbox 600 2706 1006 2782; x_wconf 76' lang='lat' dir='ltr'><strong>sufficiencia,</strong></span> <span class='ocrx_word' id='word_1_237' title='bbox 1042 2720 1172 2769; x_wconf 83' lang='lat' dir='ltr'><strong>tam</strong></span> <span class='ocrx_word' id='word_1_238' title='bbox 1200 2720 1471 2769; x_wconf 73' lang='lat' dir='ltr'><strong>stannea</strong></span> <span class='ocrx_word' id='word_1_239' title='bbox 1502 2727 1693 2791; x_wconf 84' lang='lat' dir='ltr'><strong>quam</strong></span> <span class='ocrx_word' id='word_1_240' title='bbox 1723 2707 1930 2771; x_wconf 83' lang='lat' dir='ltr'><strong>eciam</strong></span> <span class='ocrx_word' id='word_1_241' title='bbox 1961 2730 2153 2785; x_wconf 85' lang='lat' dir='ltr'><strong>aerea,</strong></span> <span class='ocrx_word' id='word_1_242' title='bbox 2188 2709 2448 2776; x_wconf 88' lang='lat' dir='ltr'><strong>ibidem.</strong></span> 
     </span>
    </p>

    <p class='ocr_par' dir='ltr' id='par_1_5' title="bbox 213 2792 2505 2946">
     <span class='ocr_line' id='line_1_27' title="bbox 300 2792 2505 2881; baseline 0.003 -24"><span class='ocrx_word' id='word_1_243' title='bbox 300 2795 693 2862; x_wconf 65' lang='lat' dir='ltr'><strong>Bunsmtm.</strong></span> <span class='ocrx_word' id='word_1_244' title='bbox 787 2793 861 2857; x_wconf 90' lang='lat' dir='ltr'><strong>In</strong></span> <span class='ocrx_word' id='word_1_245' title='bbox 918 2792 1161 2878; x_wconf 88' lang='lat' dir='ltr'><strong>primis,</strong></span> <span class='ocrx_word' id='word_1_246' title='bbox 1206 2814 1243 2855; x_wconf 93' lang='lat' dir='ltr'><strong>c</strong></span> <span class='ocrx_word' id='word_1_247' title='bbox 1292 2792 1463 2855; x_wconf 86' lang='lat' dir='ltr'><strong>ulnae</strong></span> <span class='ocrx_word' id='word_1_248' title='bbox 1511 2792 1704 2877; x_wconf 83' lang='lat' dir='ltr'><strong>panni</strong></span> <span class='ocrx_word' id='word_1_249' title='bbox 1752 2793 1930 2858; x_wconf 82' lang='lat' dir='ltr'><strong>linei.</strong></span> <span class='ocrx_word' id='word_1_250' title='bbox 2023 2794 2186 2860; x_wconf 86' lang='lat' dir='ltr'><strong>Item</strong></span> <span class='ocrx_word' id='word_1_251' title='bbox 2233 2796 2368 2881; x_wconf 84' lang='lat' dir='ltr'><strong>xiiij</strong></span> <span class='ocrx_word' id='word_1_252' title='bbox 2417 2796 2505 2864; x_wconf 84' lang='lat' dir='ltr'><strong>lb.</strong></span> 
     </span>
     <span class='ocr_line' id='line_1_28' title="bbox 213 2902 405 2946; baseline 0.01 -2"><span class='ocrx_word' id='word_1_253' title='bbox 213 2902 405 2946; x_wconf 82' lang='lat' dir='ltr'><strong>cerae.</strong></span> 
     </span>
    </p>

    <p class='ocr_par' dir='ltr' id='par_1_6' title="bbox 212 2964 2514 3836">
     <span class='ocr_line' id='line_1_29' title="bbox 308 2964 2504 3053; baseline 0 -22"><span class='ocrx_word' id='word_1_254' title='bbox 308 2970 725 3032; x_wconf 57' lang='lat' dir='ltr'><strong>&amp;aarum</strong></span> <span class='ocrx_word' id='word_1_255' title='bbox 816 2966 893 3029; x_wconf 88' lang='lat' dir='ltr'><strong>In</strong></span> <span class='ocrx_word' id='word_1_256' title='bbox 940 2966 1177 3049; x_wconf 76' lang='lat' dir='ltr'><strong>primis,</strong></span> <span class='ocrx_word' id='word_1_257' title='bbox 1211 2978 1359 3028; x_wconf 82' lang='lat' dir='ltr'><strong>sunt</strong></span> <span class='ocrx_word' id='word_1_258' title='bbox 1403 2964 1640 3028; x_wconf 82' lang='lat' dir='ltr'><strong>ibidem</strong></span> <span class='ocrx_word' id='word_1_259' title='bbox 1672 2967 1724 3053; x_wconf 71' lang='lat' dir='ltr'><strong>ij</strong></span> <span class='ocrx_word' id='word_1_260' title='bbox 1745 2967 1894 3053; x_wconf 84' lang='lat' dir='ltr'><strong>equi</strong></span> <span class='ocrx_word' id='word_1_261' title='bbox 1922 2968 2056 3031; x_wconf 81' lang='lat' dir='ltr'><strong>albi</strong></span> <span class='ocrx_word' id='word_1_262' title='bbox 2079 2969 2504 3046; x_wconf 71' lang='lat' dir='ltr'><strong>ambulanteS,</strong></span> 
     </span>
     <span class='ocr_line' id='line_1_30' title="bbox 216 3052 2511 3142; baseline 0 -25"><span class='ocrx_word' id='word_1_263' title='bbox 216 3068 281 3119; x_wconf 87' lang='lat' dir='ltr'><strong>et</strong></span> <span class='ocrx_word' id='word_1_264' title='bbox 320 3055 359 3140; x_wconf 90' lang='lat' dir='ltr'><strong>ij</strong></span> <span class='ocrx_word' id='word_1_265' title='bbox 415 3055 567 3142; x_wconf 90' lang='lat' dir='ltr'><strong>equi</strong></span> <span class='ocrx_word' id='word_1_266' title='bbox 600 3052 829 3118; x_wconf 80' lang='lat' dir='ltr'><strong>coloris</strong></span> <span class='ocrx_word' id='word_1_267' title='bbox 859 3052 1050 3137; x_wconf 80' lang='lat' dir='ltr'><strong>grisei</strong></span> <span class='ocrx_word' id='word_1_268' title='bbox 1072 3063 1439 3116; x_wconf 77' lang='lat' dir='ltr'><strong>trottauteS.</strong></span> <span class='ocrx_word' id='word_1_269' title='bbox 1541 3052 1698 3115; x_wconf 87' lang='lat' dir='ltr'><strong>Item</strong></span> <span class='ocrx_word' id='word_1_270' title='bbox 1732 3056 1878 3117; x_wconf 84' lang='lat' dir='ltr'><strong>duae</strong></span> <span class='ocrx_word' id='word_1_271' title='bbox 1904 3056 2078 3118; x_wconf 71' lang='lat' dir='ltr'><strong>sellae</strong></span> <span class='ocrx_word' id='word_1_272' title='bbox 2101 3078 2218 3139; x_wconf 87' lang='lat' dir='ltr'><strong>pro</strong></span> <span class='ocrx_word' id='word_1_273' title='bbox 2250 3056 2511 3119; x_wconf 81' lang='lat' dir='ltr'><strong>domiuo</strong></span> 
     </span>
     <span class='ocr_line' id='line_1_31' title="bbox 218 3138 2508 3228; baseline 0 -23"><span class='ocrx_word' id='word_1_274' title='bbox 218 3142 468 3219; x_wconf 87' lang='lat' dir='ltr'><strong>Priore,</strong></span> <span class='ocrx_word' id='word_1_275' title='bbox 502 3163 773 3227; x_wconf 81' lang='lat' dir='ltr'><strong>quarum</strong></span> <span class='ocrx_word' id='word_1_276' title='bbox 830 3162 959 3204; x_wconf 79' lang='lat' dir='ltr'><strong>una</strong></span> <span class='ocrx_word' id='word_1_277' title='bbox 998 3153 1095 3203; x_wconf 85' lang='lat' dir='ltr'><strong>est</strong></span> <span class='ocrx_word' id='word_1_278' title='bbox 1144 3160 1333 3203; x_wconf 84' lang='lat' dir='ltr'><strong>nova.</strong></span> <span class='ocrx_word' id='word_1_279' title='bbox 1428 3138 1590 3203; x_wconf 83' lang='lat' dir='ltr'><strong>Item</strong></span> <span class='ocrx_word' id='word_1_280' title='bbox 1625 3161 1750 3203; x_wconf 84' lang='lat' dir='ltr'><strong>una</strong></span> <span class='ocrx_word' id='word_1_281' title='bbox 1779 3142 1938 3206; x_wconf 72' lang='lat' dir='ltr'><strong>sella</strong></span> <span class='ocrx_word' id='word_1_282' title='bbox 1967 3142 2358 3206; x_wconf 82' lang='lat' dir='ltr'><strong>monaehalis</strong></span> <span class='ocrx_word' id='word_1_283' title='bbox 2389 3164 2508 3228; x_wconf 82' lang='lat' dir='ltr'><strong>pro</strong></span> 
     </span>
     <span class='ocr_line' id='line_1_32' title="bbox 216 3225 2514 3316; baseline -0 -23"><span class='ocrx_word' id='word_1_284' title='bbox 216 3230 573 3314; x_wconf 79' lang='lat' dir='ltr'><strong>capellano,</strong></span> <span class='ocrx_word' id='word_1_285' title='bbox 669 3230 831 3293; x_wconf 85' lang='lat' dir='ltr'><strong>Item</strong></span> <span class='ocrx_word' id='word_1_286' title='bbox 867 3227 896 3312; x_wconf 91' lang='lat' dir='ltr'><strong>j</strong></span> <span class='ocrx_word' id='word_1_287' title='bbox 930 3227 1091 3291; x_wconf 79' lang='lat' dir='ltr'><strong>sella</strong></span> <span class='ocrx_word' id='word_1_288' title='bbox 1138 3248 1258 3311; x_wconf 88' lang='lat' dir='ltr'><strong>pro</strong></span> <span class='ocrx_word' id='word_1_289' title='bbox 1292 3225 1570 3289; x_wconf 77' lang='lat' dir='ltr'><strong>valectiS.</strong></span> <span class='ocrx_word' id='word_1_290' title='bbox 1667 3226 1832 3292; x_wconf 88' lang='lat' dir='ltr'><strong>Item</strong></span> <span class='ocrx_word' id='word_1_291' title='bbox 1870 3228 1899 3312; x_wconf 87' lang='lat' dir='ltr'>j</span> <span class='ocrx_word' id='word_1_292' title='bbox 1941 3228 2212 3292; x_wconf 83' lang='lat' dir='ltr'><strong>froenum</strong></span> <span class='ocrx_word' id='word_1_293' title='bbox 2247 3252 2364 3316; x_wconf 88' lang='lat' dir='ltr'><strong>pro</strong></span> <span class='ocrx_word' id='word_1_294' title='bbox 2393 3232 2514 3294; x_wconf 85' lang='lat' dir='ltr'><strong>do-</strong></span> 
     </span>
     <span class='ocr_line' id='line_1_33' title="bbox 214 3312 2506 3403; baseline 0 -25"><span class='ocrx_word' id='word_1_295' title='bbox 214 3317 392 3380; x_wconf 83' lang='lat' dir='ltr'><strong>mino</strong></span> <span class='ocrx_word' id='word_1_296' title='bbox 427 3315 679 3381; x_wconf 85' lang='lat' dir='ltr'><strong>Priore.</strong></span> <span class='ocrx_word' id='word_1_297' title='bbox 804 3314 965 3379; x_wconf 84' lang='lat' dir='ltr'><strong>Item</strong></span> <span class='ocrx_word' id='word_1_298' title='bbox 999 3314 1029 3397; x_wconf 89' lang='lat' dir='ltr'><strong>j</strong></span> <span class='ocrx_word' id='word_1_299' title='bbox 1064 3313 1416 3377; x_wconf 78' lang='lat' dir='ltr'><strong>malesadill</strong></span> <span class='ocrx_word' id='word_1_300' title='bbox 1447 3312 1582 3377; x_wconf 80' lang='lat' dir='ltr'><strong>sine</strong></span> <span class='ocrx_word' id='word_1_301' title='bbox 1611 3330 1944 3399; x_wconf 83' lang='lat' dir='ltr'><strong>apparatu,</strong></span> <span class='ocrx_word' id='word_1_302' title='bbox 1981 3315 2020 3403; x_wconf 93' lang='lat' dir='ltr'><strong>ij</strong></span> <span class='ocrx_word' id='word_1_303' title='bbox 2055 3316 2506 3394; x_wconf 81' lang='lat' dir='ltr'><strong>somersadiils,</strong></span> 
     </span>
     <span class='ocr_line' id='line_1_34' title="bbox 212 3399 2506 3491; baseline 0 -25"><span class='ocrx_word' id='word_1_304' title='bbox 212 3425 493 3489; x_wconf 90' lang='lat' dir='ltr'><strong>quorum</strong></span> <span class='ocrx_word' id='word_1_305' title='bbox 542 3424 739 3467; x_wconf 88' lang='lat' dir='ltr'><strong>unum</strong></span> <span class='ocrx_word' id='word_1_306' title='bbox 783 3402 1267 3465; x_wconf 80' lang='lat' dir='ltr'><strong>accomodatum</strong></span> <span class='ocrx_word' id='word_1_307' title='bbox 1300 3399 1565 3463; x_wconf 81' lang='lat' dir='ltr'><strong>domino</strong></span> <span class='ocrx_word' id='word_1_308' title='bbox 1605 3400 1889 3466; x_wconf 65' lang='lat' dir='ltr'><strong>johanni</strong></span> <span class='ocrx_word' id='word_1_309' title='bbox 1929 3404 2183 3489; x_wconf 85' lang='lat' dir='ltr'><strong>Nevyll.</strong></span> <span class='ocrx_word' id='word_1_310' title='bbox 2274 3406 2437 3469; x_wconf 88' lang='lat' dir='ltr'><strong>Item</strong></span> <span class='ocrx_word' id='word_1_311' title='bbox 2477 3407 2506 3491; x_wconf 89' lang='lat' dir='ltr'><strong>j</strong></span> 
     </span>
     <span class='ocr_line' id='line_1_35' title="bbox 214 3486 2509 3586; baseline 0 -34"><span class='ocrx_word' id='word_1_312' title='bbox 214 3490 409 3555; x_wconf 81' lang='lat' dir='ltr'><strong>salter</strong></span> <span class='ocrx_word' id='word_1_313' title='bbox 454 3512 603 3554; x_wconf 81' lang='lat' dir='ltr'><strong>eum</strong></span> <span class='ocrx_word' id='word_1_314' title='bbox 648 3488 949 3573; x_wconf 87' lang='lat' dir='ltr'><strong>plusculis</strong></span> <span class='ocrx_word' id='word_1_315' title='bbox 1002 3509 1121 3572; x_wconf 87' lang='lat' dir='ltr'><strong>pro</strong></span> <span class='ocrx_word' id='word_1_316' title='bbox 1166 3486 1347 3586; x_wconf 77' lang='lat' dir='ltr'><strong>equis</strong></span> <span class='ocrx_word' id='word_1_317' title='bbox 1399 3486 1756 3579; x_wconf 81' lang='lat' dir='ltr'><strong>domandis.</strong></span> <span class='ocrx_word' id='word_1_318' title='bbox 1878 3490 2043 3555; x_wconf 90' lang='lat' dir='ltr'><strong>Item</strong></span> <span class='ocrx_word' id='word_1_319' title='bbox 2077 3492 2138 3576; x_wconf 90' lang='lat' dir='ltr'><strong>iij</strong></span> <span class='ocrx_word' id='word_1_320' title='bbox 2171 3491 2411 3576; x_wconf 74' lang='lat' dir='ltr'><strong>pooleS,</strong></span> <span class='ocrx_word' id='word_1_321' title='bbox 2444 3492 2509 3577; x_wconf 76' lang='lat' dir='ltr'><strong>iij</strong></span> 
     </span>
     <span class='ocr_line' id='line_1_36' title="bbox 216 3573 2511 3666; baseline 0.002 -25"><span class='ocrx_word' id='word_1_322' title='bbox 216 3577 487 3653; x_wconf 81' lang='lat' dir='ltr'><strong>eircheS,</strong></span> <span class='ocrx_word' id='word_1_323' title='bbox 537 3578 565 3663; x_wconf 83' lang='lat' dir='ltr'><strong>j</strong></span> <span class='ocrx_word' id='word_1_324' title='bbox 624 3576 903 3640; x_wconf 82' lang='lat' dir='ltr'><strong>sroenum</strong></span> <span class='ocrx_word' id='word_1_325' title='bbox 937 3597 1055 3660; x_wconf 90' lang='lat' dir='ltr'><strong>pro</strong></span> <span class='ocrx_word' id='word_1_326' title='bbox 1085 3596 1265 3661; x_wconf 75' lang='lat' dir='ltr'><strong>equis</strong></span> <span class='ocrx_word' id='word_1_327' title='bbox 1296 3573 1694 3661; x_wconf 85' lang='lat' dir='ltr'><strong>adaquandis</strong></span> <span class='ocrx_word' id='word_1_328' title='bbox 1714 3599 1734 3652; x_wconf 89' lang='lat'>;</span> <span class='ocrx_word' id='word_1_329' title='bbox 1779 3588 1846 3641; x_wconf 89' lang='lat' dir='ltr'><strong>et</strong></span> <span class='ocrx_word' id='word_1_330' title='bbox 1879 3578 1936 3661; x_wconf 86' lang='lat' dir='ltr'><strong>vj</strong></span> <span class='ocrx_word' id='word_1_331' title='bbox 1971 3578 2232 3644; x_wconf 86' lang='lat' dir='ltr'><strong>collaria</strong></span> <span class='ocrx_word' id='word_1_332' title='bbox 2260 3580 2511 3666; x_wconf 57' lang='lat' dir='ltr'><strong>equina»</strong></span> 
     </span>
     <span class='ocr_line' id='line_1_37' title="bbox 218 3660 2509 3751; baseline 0.003 -23"><span class='ocrx_word' id='word_1_333' title='bbox 218 3664 391 3729; x_wconf 90' lang='lat' dir='ltr'><strong>Item</strong></span> <span class='ocrx_word' id='word_1_334' title='bbox 446 3663 517 3747; x_wconf 87' lang='lat' dir='ltr'><strong>iij</strong></span> <span class='ocrx_word' id='word_1_335' title='bbox 568 3684 817 3727; x_wconf 85' lang='lat' dir='ltr'><strong>carueae</strong></span> <span class='ocrx_word' id='word_1_336' title='bbox 866 3684 1012 3726; x_wconf 88' lang='lat' dir='ltr'><strong>cum</strong></span> <span class='ocrx_word' id='word_1_337' title='bbox 1066 3684 1153 3724; x_wconf 87' lang='lat' dir='ltr'><strong>xv</strong></span> <span class='ocrx_word' id='word_1_338' title='bbox 1198 3660 1379 3747; x_wconf 86' lang='lat' dir='ltr'><strong>equis</strong></span> <span class='ocrx_word' id='word_1_339' title='bbox 1410 3676 1477 3724; x_wconf 90' lang='lat' dir='ltr'><strong>et</strong></span> <span class='ocrx_word' id='word_1_340' title='bbox 1506 3676 1818 3747; x_wconf 82' lang='lat' dir='ltr'><strong>apparatu</strong></span> <span class='ocrx_word' id='word_1_341' title='bbox 1851 3664 2092 3729; x_wconf 85' lang='lat' dir='ltr'><strong>eisdem</strong></span> <span class='ocrx_word' id='word_1_342' title='bbox 2125 3667 2509 3751; x_wconf 77' lang='lat' dir='ltr'><strong>pertinente.</strong></span> 
     </span>
     <span class='ocr_line' id='line_1_38' title="bbox 213 3748 2144 3836; baseline 0.001 -21"><span class='ocrx_word' id='word_1_343' title='bbox 213 3751 383 3817; x_wconf 86' lang='lat' dir='ltr'><strong>Item</strong></span> <span class='ocrx_word' id='word_1_344' title='bbox 420 3773 589 3814; x_wconf 88' lang='lat' dir='ltr'><strong>unus</strong></span> <span class='ocrx_word' id='word_1_345' title='bbox 618 3772 819 3836; x_wconf 90' lang='lat' dir='ltr'><strong>equus</strong></span> <span class='ocrx_word' id='word_1_346' title='bbox 850 3772 969 3834; x_wconf 90' lang='lat' dir='ltr'><strong>pro</strong></span> <span class='ocrx_word' id='word_1_347' title='bbox 998 3749 1278 3832; x_wconf 85' lang='lat' dir='ltr'><strong>cariagio</strong></span> <span class='ocrx_word' id='word_1_348' title='bbox 1308 3748 1375 3811; x_wconf 83' lang='lat' dir='ltr'><strong>iu</strong></span> <span class='ocrx_word' id='word_1_349' title='bbox 1404 3749 1572 3812; x_wconf 85' lang='lat' dir='ltr'><strong>ludis</strong></span> <span class='ocrx_word' id='word_1_350' title='bbox 1603 3750 1848 3814; x_wconf 88' lang='lat' dir='ltr'><strong>domini</strong></span> <span class='ocrx_word' id='word_1_351' title='bbox 1883 3750 2144 3820; x_wconf 66' lang='lat' dir='ltr'><strong>Priario.</strong></span> 
     </span>
    </p>

    <p class='ocr_par' dir='ltr' id='par_1_7' title="bbox 212 3834 2522 4447">
     <span class='ocr_line' id='line_1_39' title="bbox 304 3834 2516 3924; baseline 0 -22"><span class='ocrx_word' id='word_1_352' title='bbox 304 3841 754 3904; x_wconf 65' lang='lat' dir='ltr'><strong>Annum-eu.</strong></span> <span class='ocrx_word' id='word_1_353' title='bbox 856 3837 1120 3900; x_wconf 86' lang='lat' dir='ltr'><strong>Summa</strong></span> <span class='ocrx_word' id='word_1_354' title='bbox 1176 3836 1261 3899; x_wconf 87' lang='lat' dir='ltr'><strong>de</strong></span> <span class='ocrx_word' id='word_1_355' title='bbox 1320 3834 1704 3899; x_wconf 86' lang='lat' dir='ltr'><strong>omnimodis</strong></span> <span class='ocrx_word' id='word_1_356' title='bbox 1761 3840 2094 3921; x_wconf 78' lang='lat' dir='ltr'><strong>arreragiis</strong></span> <span class='ocrx_word' id='word_1_357' title='bbox 2147 3861 2340 3924; x_wconf 85' lang='lat' dir='ltr'><strong>super</strong></span> <span class='ocrx_word' id='word_1_358' title='bbox 2381 3839 2516 3903; x_wconf 83' lang='lat' dir='ltr'><strong>fine·</strong></span> 
     </span>
     <span class='ocr_line' id='line_1_40' title="bbox 214 3921 2514 4009; baseline 0 -20"><span class='ocrx_word' id='word_1_359' title='bbox 214 3938 667 4009; x_wconf 86' lang='lat' dir='ltr'><strong>compotorum</strong></span> <span class='ocrx_word' id='word_1_360' title='bbox 700 3922 891 3987; x_wconf 88' lang='lat' dir='ltr'><strong>trium</strong></span> <span class='ocrx_word' id='word_1_361' title='bbox 924 3922 1370 3987; x_wconf 81' lang='lat' dir='ltr'><strong>officiariorum</strong></span> <span class='ocrx_word' id='word_1_362' title='bbox 1394 3924 1477 3985; x_wconf 84' lang='lat' dir='ltr'><strong>ad</strong></span> <span class='ocrx_word' id='word_1_363' title='bbox 1500 3921 1733 3987; x_wconf 87' lang='lat' dir='ltr'><strong>festum</strong></span> <span class='ocrx_word' id='word_1_364' title='bbox 1761 3925 1960 3988; x_wconf 85' lang='lat' dir='ltr'><strong>sancti</strong></span> <span class='ocrx_word' id='word_1_365' title='bbox 1991 3926 2259 3991; x_wconf 84' lang='lat' dir='ltr'><strong>Martini</strong></span> <span class='ocrx_word' id='word_1_366' title='bbox 2285 3928 2514 3990; x_wconf 88' lang='lat' dir='ltr'><strong>ultimo</strong></span> 
     </span>
     <span class='ocr_line' id='line_1_41' title="bbox 212 4008 2520 4097; baseline -0.001 -20"><span class='ocrx_word' id='word_1_367' title='bbox 212 4011 617 4097; x_wconf 65' lang='lat' dir='ltr'><strong>praeteritum</strong></span> <span class='ocrx_word' id='word_1_368' title='bbox 650 4008 943 4087; x_wconf 62' lang='lat' dir='ltr'><strong>dimissui,</strong></span> <span class='ocrx_word' id='word_1_369' title='bbox 976 4008 1258 4074; x_wconf 73' lang='lat' dir='ltr'><strong>,Iohanni</strong></span> <span class='ocrx_word' id='word_1_370' title='bbox 1298 4008 1706 4073; x_wconf 81' lang='lat' dir='ltr'><strong>Gatesheved</strong></span> <span class='ocrx_word' id='word_1_371' title='bbox 1737 4011 2005 4075; x_wconf 75' lang='lat' dir='ltr'><strong>terrario</strong></span> <span class='ocrx_word' id='word_1_372' title='bbox 2034 4034 2152 4095; x_wconf 89' lang='lat' dir='ltr'><strong>pro</strong></span> <span class='ocrx_word' id='word_1_373' title='bbox 2174 4011 2520 4077; x_wconf 85' lang='lat' dir='ltr'><strong>solucioni-</strong></span> 
     </span>
     <span class='ocr_line' id='line_1_42' title="bbox 212 4096 2518 4186; baseline 0.001 -23"><span class='ocrx_word' id='word_1_374' title='bbox 212 4100 331 4163; x_wconf 81' lang='lat' dir='ltr'><strong>bus</strong></span> <span class='ocrx_word' id='word_1_375' title='bbox 362 4098 733 4165; x_wconf 84' lang='lat' dir='ltr'><strong>debitorum</strong></span> <span class='ocrx_word' id='word_1_376' title='bbox 767 4096 1126 4181; x_wconf 79' lang='lat' dir='ltr'><strong>assignatiS‚</strong></span> <span class='ocrx_word' id='word_1_377' title='bbox 1176 4118 1243 4160; x_wconf 81' lang='lat' dir='ltr'><strong>se</strong></span> <span class='ocrx_word' id='word_1_378' title='bbox 1276 4096 1639 4159; x_wconf 80' lang='lat' dir='ltr'><strong>extendunt</strong></span> <span class='ocrx_word' id='word_1_379' title='bbox 1665 4098 1749 4161; x_wconf 84' lang='lat' dir='ltr'><strong>ad</strong></span> <span class='ocrx_word' id='word_1_380' title='bbox 1781 4099 2011 4163; x_wconf 76' lang='lat' dir='ltr'><strong>mxxv¹.</strong></span> <span class='ocrx_word' id='word_1_381' title='bbox 2043 4102 2160 4183; x_wconf 76' lang='lat' dir='ltr'><strong>xj‘.</strong></span> <span class='ocrx_word' id='word_1_382' title='bbox 2251 4100 2356 4165; x_wconf 89' lang='lat' dir='ltr'><strong>De</strong></span> <span class='ocrx_word' id='word_1_383' title='bbox 2386 4122 2518 4186; x_wconf 85' lang='lat' dir='ltr'><strong>qua</strong></span> 
     </span>
     <span class='ocr_line' id='line_1_43' title="bbox 212 4182 2516 4267; baseline 0 -17"><span class='ocrx_word' id='word_1_384' title='bbox 212 4208 493 4263; x_wconf 84' lang='lat' dir='ltr'><strong>summa,</strong></span> <span class='ocrx_word' id='word_1_385' title='bbox 517 4202 585 4249; x_wconf 88' lang='lat' dir='ltr'><strong>ut</strong></span> <span class='ocrx_word' id='word_1_386' title='bbox 618 4184 807 4249; x_wconf 86' lang='lat' dir='ltr'><strong>iidem</strong></span> <span class='ocrx_word' id='word_1_387' title='bbox 834 4182 1119 4247; x_wconf 84' lang='lat' dir='ltr'><strong>officiarii</strong></span> <span class='ocrx_word' id='word_1_388' title='bbox 1148 4204 1265 4267; x_wconf 88' lang='lat' dir='ltr'><strong>pro</strong></span> <span class='ocrx_word' id='word_1_389' title='bbox 1288 4196 1467 4246; x_wconf 88' lang='lat' dir='ltr'><strong>certo</strong></span> <span class='ocrx_word' id='word_1_390' title='bbox 1497 4182 1838 4260; x_wconf 83' lang='lat' dir='ltr'><strong>affirmant,</strong></span> <span class='ocrx_word' id='word_1_391' title='bbox 1870 4185 2286 4251; x_wconf 86' lang='lat' dir='ltr'><strong>consideratis</strong></span> <span class='ocrx_word' id='word_1_392' title='bbox 2307 4201 2516 4251; x_wconf 89' lang='lat' dir='ltr'><strong>morte</strong></span> 
     </span>
     <span class='ocr_line' id='line_1_44' title="bbox 212 4266 2516 4354; baseline 0.001 -18"><span class='ocrx_word' id='word_1_393' title='bbox 212 4272 591 4337; x_wconf 86' lang='lat' dir='ltr'><strong>tenencium</strong></span> <span class='ocrx_word' id='word_1_394' title='bbox 636 4286 704 4336; x_wconf 88' lang='lat' dir='ltr'><strong>et</strong></span> <span class='ocrx_word' id='word_1_395' title='bbox 747 4292 997 4335; x_wconf 87' lang='lat' dir='ltr'><strong>recessu</strong></span> <span class='ocrx_word' id='word_1_396' title='bbox 1045 4266 1487 4345; x_wconf 80' lang='lat' dir='ltr'><strong>firmariorum,</strong></span> <span class='ocrx_word' id='word_1_397' title='bbox 1525 4290 1818 4353; x_wconf 80' lang='lat' dir='ltr'><strong>magnam</strong></span> <span class='ocrx_word' id='word_1_398' title='bbox 1866 4288 2114 4354; x_wconf 87' lang='lat' dir='ltr'><strong>partem</strong></span> <span class='ocrx_word' id='word_1_399' title='bbox 2160 4274 2516 4338; x_wconf 87' lang='lat' dir='ltr'><strong>eorundem</strong></span> 
     </span>
     <span class='ocr_line' id='line_1_45' title="bbox 215 4354 2522 4447; baseline 0 -23"><span class='ocrx_word' id='word_1_400' title='bbox 215 4359 691 4444; x_wconf 83' lang='lat' dir='ltr'><strong>arreragiorum</strong></span> <span class='ocrx_word' id='word_1_401' title='bbox 722 4356 1127 4434; x_wconf 82' lang='lat' dir='ltr'><strong>debencium,</strong></span> <span class='ocrx_word' id='word_1_402' title='bbox 1162 4378 1237 4423; x_wconf 91' lang='lat' dir='ltr'><strong>ac</strong></span> <span class='ocrx_word' id='word_1_403' title='bbox 1262 4354 1457 4419; x_wconf 86' lang='lat' dir='ltr'><strong>nimia</strong></span> <span class='ocrx_word' id='word_1_404' title='bbox 1481 4370 1854 4442; x_wconf 81' lang='lat' dir='ltr'><strong>paupertate</strong></span> <span class='ocrx_word' id='word_1_405' title='bbox 1885 4358 2101 4445; x_wconf 85' lang='lat' dir='ltr'><strong>inopia</strong></span> <span class='ocrx_word' id='word_1_406' title='bbox 2131 4360 2522 4447; x_wconf 46' lang='lat' dir='ltr'><strong>eundi-gen„-</strong></span> 
     </span>
    </p>

    <p class='ocr_par' dir='ltr' id='par_1_8' title="bbox 1386 4462 1427 4505">
     <span class='ocr_line' id='line_1_46' title="bbox 1386 4462 1427 4505; baseline 0 0"><span class='ocrx_word' id='word_1_407' title='bbox 1386 4462 1427 4505; x_wconf 81' lang='lat' dir='ltr'><strong>&#39;r</strong></span> 
     </span>
    </p>
   </div>
  </div>
 </body>
</html>
