3000 5117
520 519 666 599 156
976 541 1183 599 mer.
1224 540 1586 599 nussum.
1625 541 2092 601 scnn’ronns
2127 543 2344 601 rus.

510 728 899 798 quocunque
924 706 1099 773 enim
1125 706 1273 773 loco
1324 705 1671 786 residebat,
1703 706 2132 775 honorificam
2160 728 2471 789 mensam,
2505 706 2822 797 valdeque

512 796 778 882 largam,
812 817 1063 882 semper
1090 816 1308 859 secum
1334 793 1588 861 habuit.
1679 794 1760 861 In
1793 796 2174 883 elemosynis
2205 810 2348 863 erat
2368 796 2724 875 abundans,
2757 797 2822 860 in

514 883 689 949 omni
731 884 885 948 vitae
935 905 1172 971 genere
1200 882 1548 969 praeclarus
1600 882 1867 949 Praesul.
1957 884 2348 969 Deprivatus
2378 883 2503 949 fuit
2533 897 2824 969 tempore

520 971 937 1050 Elizabethoe,
993 992 1165 1035 anno
1222 969 1491 1034 Domini
1522 990 1770 1049 mmlx,
1811 972 1922 1059 qui
1952 994 2100 1036 cum
2129 972 2214 1037 ad
2245 971 2630 1037 mandatum
2655 986 2824 1037 esset

514 1082 665 1125 cum
696 1057 1203 1145 Archiepiscopo
1240 1058 1692 1123 Cantuariensi
1720 1059 1895 1143 apud
1929 1059 2275 1138 Lambeth‚
2307 1058 2437 1123 illic
2466 1058 2823 1147 piissimum

515 1164 584 1216 et
610 1146 1141 1235 gratiosissimum
1178 1146 1329 1210 vitae
1374 1168 1510 1210 suae
1554 1145 1804 1211 exitum
1831 1146 2024 1223 fecit3
2071 1148 2485 1235 sepultusque
2526 1147 2713 1231 jacet
2757 1148 2822 1211 in

511 1235 782 1305 ecclesia
810 1236 894 1301 de
926 1233 1270 1311 Lambeth,
1303 1234 1413 1297 ubi
1445 1233 1652 1319 primo
1682 1248 2088 1300 consecratus
2117 1236 2240 1300 fuit
2273 1236 2658 1322 Episcopus.

603 1324 930 1411 Tempore
1006 1321 1197 1401 illius,
1266 1321 1556 1387 Thomas
1621 1321 1888 1407 Sparke,
1953 1322 2150 1388 horno
2211 1322 2641 1408 pererudituS,
2707 1345 2822 1407 per

516 1411 901 1479 electionem
958 1408 1266 1495 Episcopi
1319 1408 1525 1473 factus
1565 1409 1687 1473 fuit
1717 1410 1854 1495 ejus
1893 1410 2366 1496 SuffiaganeuS.
2463 1410 2824 1496 Episcopus

513 1502 639 1566 suit
686 1500 771 1564 de
827 1496 1177 1575 Berwicke,
1218 1496 1532 1581 Magister
1565 1498 1804 1563 Insulae
1839 1500 2074 1576 Sacrae,
2114 1499 2351 1565 Custos
2403 1510 2472 1563 et
2507 1498 2826 1584 Magister

520 1586 883 1673 Hospitalis
936 1585 1018 1650 de
1075 1585 1447 1663 Greatham‚
1498 1584 1568 1649 in
1621 1608 1751 1673 quo
1799 1586 1962 1650 duos
2015 1586 2350 1652 conclaves
2391 1585 2640 1672 pariter
2669 1609 2820 1650 con-

502 1676 768 1763 junctos
792 1672 1151 1740 construxit
1182 1696 1269 1738 ex
1298 1696 1427 1737 una
1456 1685 1640 1758 parte
1687 1673 1970 1753 claustri,
2002 1674 2178 1762 quod
2205 1686 2415 1740 totum
2444 1676 2580 1760 ipse
2604 1673 2821 1739 fundi-

514 1776 621 1829 tus
650 1762 1015 1848 dejiciebat.
1112 1759 1596 1840 Promitorium,
1644 1762 1918 1850 Anglice
1945 1785 1990 1826 a
2019 1764 2416 1841 Bramme,
2449 1784 2492 1827 a
2517 1783 2698 1827 novo
2727 1785 2825 1826 re-

514 1850 901 1927 aedificavit3
965 1848 1386 1935 cubiculaque
1437 1850 1848 1914 sacerdotum
1905 1849 1973 1913 in
2028 1850 2154 1915 alia
2198 1850 2512 1926 mutavit3
2573 1866 2648 1914 et
2701 1848 2822 1914 alia

516 1938 672 2006 fecit
700 1937 1057 2025 perpulcra,
1089 1948 1159 2000 et
1189 1935 1272 2001 ad
1319 1935 1595 2002 invicem
1641 1936 1998 2025 conjunxit,
2033 1960 2180 2002 cum
2210 1938 2427 2003 multis
2456 1938 2821 2023 sumptibus

516 2028 657 2094 aliis
704 2025 875 2092 circa
924 2023 1188 2089 domum
1244 2024 1421 2089 illam
1482 2026 1796 2109 expensis·
1890 2025 2074 2090 Crux
2121 2048 2482 2091 marmorea
2555 2025 2824 2089 raeclara

514 2115 890 2193 admodum,
922 2136 1069 2201 quoe
1097 2110 1251 2176 olim
1282 2124 1548 2178 steterat
1577 2112 1644 2177 in
1673 2135 1973 2199 suprema
2001 2126 2183 2199 parte
2215 2114 2340 2178 vici
2368 2114 2451 2179 de
2484 2047 2820 2197 (gilligate,

515 2207 663 2271 loco
686 2215 918 2268 vocato
950 2201 1149 2266 Maia
1176 2200 1400 2278 Arbor,
1435 2199 1588 2265 data
1617 2215 1756 2265 erat
1788 2200 2118 2267 Gulielmo
2155 2200 2406 2287 Wright
2434 2200 2518 2267 de
2573 2199 2818 2266 Dunel-

518 2318 649 2372 mo,
676 2290 1037 2367 mercatori,
1060 2310 1175 2352 sua
1193 2287 1524 2373 petitione,
1551 2311 1670 2375 per
1694 2288 2027 2354 dominum
2052 2294 2501 2374 Armstronge,
2526 2290 2819 2367 Scotum,

518 2380 853 2447 dominum
910 2378 993 2441 de
1057 2376 1385 2463 Kepyere,
1435 2377 1522 2441 ad
1581 2378 2102 2443 constituendum
2155 2376 2218 2441 in
2279 2376 2423 2442 foro
2487 2376 2820 2442 Dunelmi.

518 2470 691 2546 Quae
722 2488 870 2532 cum
900 2478 1037 2530 erat
1066 2464 1343 2551 direpta,
1378 2465 1443 2527 in
1487 2464 1692 2529 fundo
1735 2466 2224 2551 reperiebantur
2253 2471 2471 2547 [octo]
2511 2465 2823 2553 imagines

515 2558 793 2643 lapideae
822 2552 1071 2618 curiose
1091 2551 1464 2639 compositas
1496 2565 1563 2618 et
1593 2567 1963 2639 sumptuose
1987 2567 2268 2630 auratoe3
2299 2553 2450 2618 duae
2479 2553 2728 2619 scilicet
2757 2553 2820 2617 in

516 2645 807 2734 quolibet
858 2640 1097 2725 angulo
1150 2639 1524 2725 praedictam
1585 2663 1843 2706 crucem
1891 2641 2327 2743 deportantes.
2425 2640 2601 2707 Nam
2664 2664 2822 2706 crux

516 2744 659 2798 erat
708 2730 1023 2820 quadrata
1040 2752 1058 2806 3
1104 2750 1299 2815 quam
1350 2728 1614 2815 quidem
1663 2750 1938 2807 crucem,
1973 2752 2038 2793 m
2084 2729 2229 2795 foro
2262 2729 2696 2795 Dunelmensi
2724 2753 2822 2795 as-

515 2832 857 2924 portatam,
886 2815 1149 2903 proprio
1179 2830 1434 2901 sumptu
1485 2817 1572 2881 ad
1601 2839 1913 2883 summam
1962 2821 2045 2883 81.
2095 2818 2307 2882 erexit
2339 2818 2819 2906 SuffraganeuS,

516 2933 581 2975 m
610 2909 757 2975 loco
786 2904 899 2971 ubi
946 2916 1215 2969 steterat
1248 2914 1417 2969 vetus
1456 2906 1810 2971 Toulbootk.
1876 2905 2238 2991 Campanas
2267 2929 2306 2971 e
2345 2904 2621 2971 Galileae
2655 2930 2824 2972 cam-

515 2996 714 3087 panili
736 2991 1067 3081 exportari
1086 2991 1259 3071 fecit,
1288 3014 1434 3080 quae
1456 2992 1646 3058 aliter
1667 2993 1898 3058 fractae.
1908 3006 1974 3057 et
1995 2992 2275 3059 venditae
2295 2992 2562 3059 fuissent
2569 3016 2592 3068 3
2627 3007 2696 3059 et
2719 3016 2824 3061 eas

516 3084 857 3153 collocavit
902 3081 971 3145 in
1000 3102 1238 3165 magno
1268 3078 1610 3167 campanili
1639 3080 1925 3146 ecclesiae
1958 3080 2440 3159 Dunelmensis,
2473 3104 2562 3147 ex
2593 3082 2826 3169 quibus

514 3176 671 3241 fecit
698 3174 795 3238 tlte
828 3172 1075 3253 chyme,
1108 3168 1192 3233 ad
1223 3167 1567 3233 valentiam
1600 3172 1732 3236 401.
1822 3169 1954 3236 Iste
1977 3182 2148 3235 totos
2169 3169 2460 3235 redditus
2485 3169 2550 3233 in
2581 3170 2828 3236 familia

515 3284 633 3328 sua
689 3257 1139 3346 expendebat3
1222 3257 1436 3341 egenis
1495 3256 1913 3341 perliberalis·
2049 3256 2236 3322 Obiit
2307 3278 2476 3321 anno
2553 3256 2822 3323 Domini

514 3368 813 3424 Manxr,
862 3343 1275 3430 sepultusque
1316 3344 1495 3428 jacet
1549 3344 1613 3407 in
1666 3344 1866 3409 choro
1919 3344 2186 3430 capellae
2235 3346 2319 3411 de
2365 3344 2709 3424 Gretham,
2761 3347 2824 3409 in

514 3434 856 3523 sepulchro
886 3430 1194 3496 Gulielmi
1225 3430 1309 3493 de
1344 3432 1643 3509 Estfield,
1679 3432 2006 3520 quondam
2037 3432 2327 3521 magistri
2355 3434 2440 3498 de
2479 3433 2821 3503 Gretham.

517 3522 839 3609 Lapidem
868 3539 1021 3583 vero
1052 3540 1504 3596 marmoreum,
1536 3520 1691 3584 dum
1722 3520 1992 3601 vixerat,
2038 3521 2387 3607 praeparari
2408 3520 2599 3609 jussit
2625 3546 2643 3598 3
2705 3523 2824 3587 sub

563 3634 667 3689 u0,
722 3630 839 3694 per
886 3616 1343 3671 testamentum
1394 3628 1603 3685 suum,
1657 3610 1932 3693 supponi
1961 3609 2400 3686 constituerat,
2457 3609 2525 3673 in
2555 3611 2826 3677 ecclesia

514 3636 965 3772 {unelmensu
996 3715 1217 3758 coram
1269 3693 1455 3759 altari
1509 3696 1592 3759 de
1647 3696 1998 3782 Houghell,
2030 3696 2098 3761 in
2130 3697 2392 3762 australi
2423 3696 2618 3784 plaga
2660 3700 2825 3782 ejus-

517 3789 669 3854 dem
700 3782 1011 3851 ecclesiae.
1132 3784 1225 3846 At
1254 3784 1687 3848 oeconomicus
1729 3784 1922 3863 illius,
1948 3784 2244 3850 dominus
2269 3786 2596 3870 Georgius
2629 3788 2826 3851 Win-

516 3890 635 3957 ter,
684 3883 1137 3942 testamentum
1186 3892 1369 3934 suum
1416 3869 1701 3951 violavit,
1735 3872 2002 3961 ejusque
2033 3873 2213 3937 lucro
2242 3872 2522 3959 lapidem
2553 3874 2826 3959 proedic-

520 3983 657 4031 tum
710 3961 965 4029 cuidam
1036 3956 1441 4044 Stephenson
1504 3959 1795 4026 ecclesiae
1858 3960 2312 4027 Dunelmensis
2371 3962 2825 4047 praebendario

519 4050 859 4127 vendidit3
914 4069 1104 4133 super
1154 4068 1346 4135 quem
1407 4047 1568 4133 lapis
1615 4048 1958 4135 praedictus
1987 4048 2233 4136 positus
2278 4060 2378 4115 est
2408 4072 2626 4116 coram
2655 4051 2824 4116 ostio

521 4139 703 4205 chori
731 4136 1017 4205 ecclesiae
1049 4134 1529 4200 Dunelmensis,.
