3000 5117
825 463 1248 517 Arsai-1011.
1285 460 1474 513 suu.
1516 460 2006 515 mccccxcm.
2288 438 2614 515 ccclxxix

291 642 412 695 ata
468 625 796 695 custodire
855 626 1284 712 dignaremur,
1331 623 1415 689 ad
1477 646 1598 690 sua
1656 644 1843 691 usum
1888 636 1955 689 et
1998 620 2350 689 comodum
2393 622 2608 689 nobis-

291 739 452 781 -cum
504 715 938 781 reservandas.
1031 712 1186 791 Quo
1231 711 1403 777 circa
1447 734 1567 777 nos
1612 711 2021 777 attendentes
2065 710 2241 798 quod
2277 713 2453 798 juste
2500 732 2615 796 pe-

293 803 588 868 tentibus
619 824 750 867 non
779 816 880 868 est
908 798 1320 885 denegandus
1349 822 1663 878 assensus,
1696 819 1773 864 ac
1813 796 1942 862 suis
1970 797 2271 884 precibus
2300 799 2613 877 inclinati,

243 946 256 954 ,
293 912 488 955 suam
517 890 904 976 peticionem
949 902 1016 954 et
1059 886 1470 973 gratitudinis
1514 884 1815 952 meritum
1854 884 2316 961 concessimus;
2362 908 2615 953 necnon

299 977 458 1042 vitae
505 992 574 1043 et
618 976 958 1043 laudabilis
1005 973 1521 1041 conversacionis
1547 972 1745 1059 ipsius
1772 971 2249 1058 experiendam
2278 972 2609 1053 habentes,

289 1064 552 1130 litteras
583 1088 732 1131 suas
779 1063 1100 1129 ordinales
1131 1060 1470 1147 praeffietas
1495 1060 1571 1127 in
1598 1060 1978 1145 cancellaria
2018 1074 2245 1127 nostra
2283 1061 2610 1127 custodire

291 1152 590 1219 fecimus.
686 1152 766 1219 In
795 1151 974 1239 cnjus
1003 1150 1094 1217 rei
1129 1147 1587 1229 testimonium,
1616 1157 1729 1215 etc.
1818 1151 2088 1231 [usk]

921 1553 1213 1605 ccxcm.
1257 1554 1565 1601 culmem
1610 1554 2019 1603 annulum.

1065 1695 1236 1767 [neg.
1259 1695 1413 1749 rm.
1433 1695 1544 1749 lv.
1564 1694 1651 1749 foi.
1674 1698 1759 1749 ss.
1782 1696 1863 1761 a]

401 1834 740 1902 Universis
775 1834 1016 1901 Christi
1049 1832 1361 1913 fidelibus,
1387 1832 1472 1899 ad
1501 1856 1663 1925 quos
1693 1847 2043 1922 praesentes
2074 1836 2279 1903 literae
2308 1860 2615 1925 pervene-

295 1923 454 2001 rint,
503 1923 830 1989 Johannes
876 1920 1290 2008 permissione
1347 1920 1567 1986 divina
1626 1922 1815 1987 Prior
1864 1924 2153 1989 ecclesiae
2211 1926 2613 1994 cathedralis

309 2010 786 2088 Dunelmensis,
833 2010 1106 2075 salutern
1149 2008 1218 2073 in
1254 2008 1545 2073 Domino
1585 2010 2059 2095 sempiternam.
2156 2012 2419 2079 Illorum
2452 2016 2620 2081 desi·

303 2098 491 2163 derio
521 2099 740 2162 votivo
769 2096 1286 2163 condescendere
1325 2095 1492 2160 inter
1522 2109 1761 2162 caetera
1800 2097 2059 2183 pietatis
2088 2121 2286 2187 opera
2313 2101 2618 2169 duximus

303 2185 447 2250 fore
505 2184 930 2271 praecipuum,
991 2183 1122 2271 qui,
1185 2184 1271 2248 ob
1331 2205 1617 2249 amorem
1676 2184 1905 2271 patriae
1962 2187 2228 2268 celestis,
2306 2202 2615 2278 tanquam

305 2272 546 2337 milites
577 2270 844 2360 egregii,
875 2284 946 2336 et
975 2272 1153 2335 omni
1173 2270 1352 2359 digni
1369 2270 1699 2359 preconio,
1733 2294 1878 2338 cum
1913 2272 2098 2339 hoste
2129 2274 2429 2342 invisibili
2460 2300 2617 2343 con-

297 2382 596 2443 gressum
627 2358 990 2425 certaminis
1019 2358 1285 2445 cupiunt
1318 2380 1645 2423 exercere.
1700 2358 1896 2425 Fama
1924 2361 2311 2429 decurrente
2343 2364 2613 2450 vulgari,

305 2469 428 2533 pro
461 2468 616 2511 vero
646 2446 1057 2534 concepimus
1103 2446 1279 2535 quod
1310 2444 1571 2597 Quidam
1600 2445 1931 2514 Johannes
1964 2448 2151 2527 Man,
2185 2450 2270 2515 de
2300 2452 2613 2517 comitatu

311 2534 728 2613 Eboracensi,
762 2536 929 2600 inter
955 2548 1193 2599 caetera
1221 2555 1343 2621 pro
1391 2533 1559 2598 itatis
1590 2555 1804 2619 opera,
1826 2536 2057 2624 quibus
2077 2534 2271 2601 instat
2294 2540 2611 2626 quotidie,

297 2634 376 2686 et
419 2622 506 2686 ab
549 2620 816 2709 antiquo
874 2622 1266 2700 decreverat,
1299 2621 1382 2687 ad
1425 2634 1685 2708 portum
1736 2621 1966 2722 quietis
2007 2638 2247 2688 eternae
2277 2624 2359 2693 de
2391 2626 2615 2692 mundi

305 2708 500 2793 hujus
553 2708 890 2795 naufragio
932 2709 1142 2773 nudus
1189 2709 1482 2788 evadere,
1529 2708 1995 2797 fortissimaque
2023 2732 2199 2777 arma
2226 2711 2616 2780 heremiticae

299 2796 720 2881 professionis
765 2798 884 2861 sibi
929 2818 1275 2875 assumere,
1321 2796 1442 2861 sub
1487 2818 1760 2883 quorum
1806 2796 2218 2883 proteccione
2240 2822 2371 2865 non
2399 2801 2611 2867 solum

305 2882 557 2949 hostilis
588 2882 858 2949 feritatis
890 2883 1273 2949 tirannidem
1305 2906 1372 2947 se
1405 2898 1625 2968 sperat
1656 2906 2034 2973 expugnare
2065 2885 2355 2966 viriliter,
2388 2910 2613 2955 verum

300 2973 510 3036 eciam
543 2971 732 3037 flores
761 2969 1328 3057 contemplacionis
1359 2992 1488 3035 una
1530 2992 1677 3035 cum
1709 2971 1917 3037 fructu
1950 2972 2245 3038 honestae
2275 2996 2610 3043 conversa·
2678 3052 2683 3057 ‚

299 3059 513 3123 cionis
573 3060 692 3124 sub
751 3059 979 3124 harum
1036 3057 1338 3145 proesidio
1390 3079 1655 3143 carpere
1702 3058 1900 3145 cupit,
1960 3060 2045 3125 ad
2098 3062 2293 3147 pedes
2344 3061 2611 3128 Domini

297 3146 542 3211 sedens
574 3168 720 3210 cum
755 3146 989 3225 Maria,
1023 3144 1430 3212 devotissime
1451 3144 1679 3224 oravit,
1706 3160 1774 3213 et
1802 3145 1952 3211 hinc
1983 3160 2078 3213 est
2106 3148 2282 3233 quod
2296 3149 2613 3216 accedens

297 3233 393 3299 ad
437 3255 554 3297 nos
600 3234 943 3320 praedictus
985 3233 1314 3300 Johannes
1364 3232 1527 3298 Man
1570 3232 1862 3299 habitum
1894 3232 2214 3319 religionis
2245 3234 2615 3322 hujusmodi

305 3320 637 3386 humiliter
663 3321 858 3407 peciit
903 3342 945 3387 a
986 3320 1172 3386 nobis
1215 3342 1364 3386 cum
1393 3320 1648 3389 effectu.
1748 3319 1948 3387 Unde
1978 3324 2129 3409 quia
2157 3323 2363 3425 ipsum
2395 3347 2479 3391 ex
2510 3347 2615 3391 re-

299 3409 444 3473 latu
463 3408 750 3474 veridico
772 3408 1248 3495 fidedignorum
1269 3408 1697 3493 comperimus
1720 3430 1853 3473 suae
1877 3410 2237 3475 stabilitatis
2267 3412 2613 3480 anchoram

305 3518 438 3560 non
469 3495 538 3559 in
565 3519 762 3563 arena
791 3518 1206 3583 supervacuae
1239 3495 1775 3561 immutabilitatis
1800 3496 1915 3562 sed
1938 3496 2003 3563 in
2034 3498 2357 3565 soliditate
2386 3502 2616 3566 firmis-

297 3582 447 3647 simi
479 3584 794 3669 propositi
817 3584 1104 3649 totaliter
1132 3584 1298 3650 adeo
1340 3596 1410 3647 et
1454 3605 1494 3647 a
1538 3582 1649 3647 diu
1696 3607 1767 3650 se
1808 3586 2185 3671 reposuisse,
2221 3600 2292 3653 ut
2334 3588 2418 3655 ad
2451 3588 2617 3655 mul-

306 3670 596 3756 tiplicem
629 3672 770 3759 ejus
798 3685 1097 3757 rogatum
1127 3692 1515 3757 suorumque
1538 3670 1889 3737 amicorum
1923 3674 2296 3740 instanciam
2327 3674 2614 3743 inclinati

297 3759 364 3824 ei
417 3760 810 3825 contulimus
861 3760 1151 3825 habitum
1205 3756 1652 3825 heremiticum
1714 3759 1947 3826 intuitu
2012 3762 2316 3830 caritatis.
2411 3762 2501 3829 Et
2547 3764 2612 3830 in

301 3846 536 3911 harum
583 3846 870 3913 omnium
916 3847 1114 3912 fidem
1161 3859 1228 3911 et
1274 3843 1709 3910 testimonium
1758 3846 1869 3912 has
1916 3848 2131 3915 literas
2176 3863 2423 3914 nostras
2470 3851 2614 3915 fleri

297 3934 575 4105 {eggigs
606 3948 918 4022 patentes»,
950 3933 1140 4021 sigilli
1172 3933 1373 4001 nostri
1403 3932 1755 4001 munimine
1785 3934 2137 4001 roboratas.
2230 3936 2453 4017 Datas,
2500 3947 2613 4006 etc.
