<?xml version="1.0" encoding="UTF-8"?>
<!DOCTYPE html PUBLIC "-//W3C//DTD XHTML 1.0 Transitional//EN"
    "http://www.w3.org/TR/xhtml1/DTD/xhtml1-transitional.dtd">
<html xmlns="http://www.w3.org/1999/xhtml" xml:lang="en" lang="en">
 <head>
  <title>
</title>
<meta http-equiv="Content-Type" content="text/html;charset=utf-8" />
  <meta name='ocr-system' content='tesseract 3.04.00' />
  <meta name='ocr-capabilities' content='ocr_page ocr_carea ocr_par ocr_line ocrx_word'/>
</head>
<body>
  <div class='ocr_page' id='page_1' title='image "./historiaedunelm00raingoog_0633.png"; bbox 0 0 3000 5117; ppageno 0'>
   <div class='ocr_carea' id='block_1_1' title="bbox 787 469 2502 545">
    <p class='ocr_par' dir='ltr' id='par_1_1' title="bbox 787 469 2502 545">
     <span class='ocr_line' id='line_1_1' title="bbox 787 469 2502 545; baseline -0.001 -2"><span class='ocrx_word' id='word_1_1' title='bbox 787 478 1210 543; x_wconf 75' lang='lat' dir='ltr'><strong>APPEND&#39;lx·</strong></span> <span class='ocrx_word' id='word_1_2' title='bbox 1249 494 1433 541; x_wconf 78' lang='lat' dir='ltr'>ANN.</span> <span class='ocrx_word' id='word_1_3' title='bbox 1476 482 1947 542; x_wconf 76' lang='lat' dir='ltr'>mccccxcw.</span> <span class='ocrx_word' id='word_1_4' title='bbox 2164 469 2502 545; x_wconf 81' lang='lat' dir='ltr'>ccclxxxv</span> 
     </span>
    </p>
   </div>
   <div class='ocr_carea' id='block_1_2' title="bbox 175 651 2559 1789">
    <p class='ocr_par' dir='ltr' id='par_1_2' title="bbox 175 651 2559 1789">
     <span class='ocr_line' id='line_1_2' title="bbox 179 651 2559 741; baseline -0.001 -20"><span class='ocrx_word' id='word_1_5' title='bbox 179 654 468 741; x_wconf 44' lang='lat' dir='ltr'>prael&#39;ata,</span> <span class='ocrx_word' id='word_1_6' title='bbox 505 653 834 720; x_wconf 81' lang='lat' dir='ltr'>christina</span> <span class='ocrx_word' id='word_1_7' title='bbox 877 656 1094 719; x_wconf 89' lang='lat' dir='ltr'>omnia</span> <span class='ocrx_word' id='word_1_8' title='bbox 1137 667 1203 718; x_wconf 88' lang='lat' dir='ltr'>et</span> <span class='ocrx_word' id='word_1_9' title='bbox 1249 653 1500 741; x_wconf 85' lang='lat' dir='ltr'>singula</span> <span class='ocrx_word' id='word_1_10' title='bbox 1538 666 1799 730; x_wconf 86' lang='lat' dir='ltr'>statuta,</span> <span class='ocrx_word' id='word_1_11' title='bbox 1834 651 2298 731; x_wconf 83' lang='lat' dir='ltr'>ordinaciones,</span> <span class='ocrx_word' id='word_1_12' title='bbox 2334 675 2488 719; x_wconf 87' lang='lat' dir='ltr'>con·-</span> <span class='ocrx_word' id='word_1_13' title='bbox 2546 690 2559 707; x_wconf 68' lang='grc' dir='ltr'><em>ι</em></span> 
     </span>
     <span class='ocr_line' id='line_1_3' title="bbox 179 740 2489 829; baseline 0 -22"><span class='ocrx_word' id='word_1_14' title='bbox 179 743 578 820; x_wconf 87' lang='lat' dir='ltr'>suetudiues,</span> <span class='ocrx_word' id='word_1_15' title='bbox 635 743 1009 807; x_wconf 87' lang='lat' dir='ltr'>oracionum</span> <span class='ocrx_word' id='word_1_16' title='bbox 1059 741 1380 829; x_wconf 82' lang='lat' dir='ltr'>suffragia,</span> <span class='ocrx_word' id='word_1_17' title='bbox 1413 756 1480 806; x_wconf 84' lang='lat' dir='ltr'>et</span> <span class='ocrx_word' id='word_1_18' title='bbox 1512 742 1639 806; x_wconf 88' lang='lat' dir='ltr'>alia</span> <span class='ocrx_word' id='word_1_19' title='bbox 1666 762 1865 805; x_wconf 82' lang='lat' dir='ltr'>onera</span> <span class='ocrx_word' id='word_1_20' title='bbox 1892 740 2103 805; x_wconf 85' lang='lat' dir='ltr'>eidem</span> <span class='ocrx_word' id='word_1_21' title='bbox 2136 740 2357 804; x_wconf 88' lang='lat' dir='ltr'>domui</span> <span class='ocrx_word' id='word_1_22' title='bbox 2389 744 2489 807; x_wconf 88' lang='lat' dir='ltr'>in·</span> 
     </span>
     <span class='ocr_line' id='line_1_4' title="bbox 179 827 2487 915; baseline -0.001 -21"><span class='ocrx_word' id='word_1_23' title='bbox 179 830 588 907; x_wconf 84' lang='lat' dir='ltr'>eumbencia,</span> <span class='ocrx_word' id='word_1_24' title='bbox 639 849 758 915; x_wconf 87' lang='lat' dir='ltr'>per</span> <span class='ocrx_word' id='word_1_25' title='bbox 807 852 880 894; x_wconf 82' lang='lat' dir='ltr'>se</span> <span class='ocrx_word' id='word_1_26' title='bbox 929 828 1034 893; x_wconf 84' lang='lat' dir='ltr'>vel</span> <span class='ocrx_word' id='word_1_27' title='bbox 1087 850 1201 915; x_wconf 88' lang='lat' dir='ltr'>per</span> <span class='ocrx_word' id='word_1_28' title='bbox 1253 828 1438 893; x_wconf 83' lang='lat' dir='ltr'>aliam</span> <span class='ocrx_word' id='word_1_29' title='bbox 1493 850 1833 914; x_wconf 85' lang='lat' dir='ltr'>personam</span> <span class='ocrx_word' id='word_1_30' title='bbox 1879 828 2215 893; x_wconf 73' lang='lat' dir='ltr'><strong>honestam</strong></span> <span class='ocrx_word' id='word_1_31' title='bbox 2267 827 2487 893; x_wconf 88' lang='lat' dir='ltr'>debite</span> 
     </span>
     <span class='ocr_line' id='line_1_5' title="bbox 179 914 2485 1002; baseline 0 -23"><span class='ocrx_word' id='word_1_32' title='bbox 179 916 478 1001; x_wconf 84' lang='lat' dir='ltr'>perficiat</span> <span class='ocrx_word' id='word_1_33' title='bbox 522 930 591 981; x_wconf 88' lang='lat' dir='ltr'>et</span> <span class='ocrx_word' id='word_1_34' title='bbox 633 929 994 1002; x_wconf 77' lang='lat' dir='ltr'><strong>supportet.</strong></span> <span class='ocrx_word' id='word_1_35' title='bbox 1089 916 1176 981; x_wconf 87' lang='lat' dir='ltr'>Et</span> <span class='ocrx_word' id='word_1_36' title='bbox 1221 916 1274 979; x_wconf 91' lang='lat' dir='ltr'>si</span> <span class='ocrx_word' id='word_1_37' title='bbox 1303 918 1637 1000; x_wconf 85' lang='lat' dir='ltr'>contingat</span> <span class='ocrx_word' id='word_1_38' title='bbox 1665 915 1905 981; x_wconf 86' lang='lat' dir='ltr'>dictam</span> <span class='ocrx_word' id='word_1_39' title='bbox 1938 914 2326 981; x_wconf 83' lang='lat' dir='ltr'>Christinam</span> <span class='ocrx_word' id='word_1_40' title='bbox 2358 929 2485 980; x_wconf 85' lang='lat' dir='ltr'>sta-</span> 
     </span>
     <span class='ocr_line' id='line_1_6' title="bbox 183 1002 2485 1087; baseline 0 -20"><span class='ocrx_word' id='word_1_41' title='bbox 183 1018 345 1081; x_wconf 82' lang='lat' dir='ltr'>tuta,</span> <span class='ocrx_word' id='word_1_42' title='bbox 397 1004 870 1081; x_wconf 80' lang='lat' dir='ltr'>ordinacioneS‚</span> <span class='ocrx_word' id='word_1_43' title='bbox 917 1003 1432 1081; x_wconf 85' lang='lat' dir='ltr'>consuetudines,</span> <span class='ocrx_word' id='word_1_44' title='bbox 1488 1004 1860 1068; x_wconf 86' lang='lat' dir='ltr'>oracionum</span> <span class='ocrx_word' id='word_1_45' title='bbox 1908 1002 2230 1087; x_wconf 83' lang='lat' dir='ltr'>suffragia,</span> <span class='ocrx_word' id='word_1_46' title='bbox 2261 1016 2328 1067; x_wconf 89' lang='lat' dir='ltr'>et</span> <span class='ocrx_word' id='word_1_47' title='bbox 2358 1002 2485 1067; x_wconf 87' lang='lat' dir='ltr'>alia</span> 
     </span>
     <span class='ocr_line' id='line_1_7' title="bbox 179 1088 2484 1177; baseline -0 -21"><span class='ocrx_word' id='word_1_48' title='bbox 179 1114 384 1156; x_wconf 85' lang='lat' dir='ltr'>onera</span> <span class='ocrx_word' id='word_1_49' title='bbox 426 1090 622 1155; x_wconf 83' lang='lat' dir='ltr'>dictae</span> <span class='ocrx_word' id='word_1_50' title='bbox 667 1090 896 1155; x_wconf 83' lang='lat' dir='ltr'>domus</span> <span class='ocrx_word' id='word_1_51' title='bbox 941 1090 1206 1154; x_wconf 89' lang='lat' dir='ltr'>minime</span> <span class='ocrx_word' id='word_1_52' title='bbox 1249 1089 1633 1177; x_wconf 85' lang='lat' dir='ltr'>persolvere,</span> <span class='ocrx_word' id='word_1_53' title='bbox 1666 1104 1777 1153; x_wconf 88' lang='lat' dir='ltr'>aut</span> <span class='ocrx_word' id='word_1_54' title='bbox 1808 1088 2177 1174; x_wconf 85' lang='lat' dir='ltr'>adimplere,</span> <span class='ocrx_word' id='word_1_55' title='bbox 2208 1089 2484 1155; x_wconf 83' lang='lat' dir='ltr'>fornica-</span> 
     </span>
     <span class='ocr_line' id='line_1_8' title="bbox 178 1176 2479 1254; baseline -0 -11"><span class='ocrx_word' id='word_1_56' title='bbox 178 1178 520 1244; x_wconf 86' lang='lat' dir='ltr'>cionemve</span> <span class='ocrx_word' id='word_1_57' title='bbox 571 1178 674 1243; x_wconf 81' lang='lat' dir='ltr'>vel</span> <span class='ocrx_word' id='word_1_58' title='bbox 725 1177 1113 1243; x_wconf 79' lang='lat' dir='ltr'><strong>adulterium</strong></span> <span class='ocrx_word' id='word_1_59' title='bbox 1161 1178 1587 1254; x_wconf 78' lang='lat' dir='ltr'>committere,</span> <span class='ocrx_word' id='word_1_60' title='bbox 1642 1192 1754 1241; x_wconf 85' lang='lat' dir='ltr'>aut</span> <span class='ocrx_word' id='word_1_61' title='bbox 1806 1176 2282 1241; x_wconf 83' lang='lat' dir='ltr'><strong>matrimonium</strong></span> <span class='ocrx_word' id='word_1_62' title='bbox 2329 1199 2479 1242; x_wconf 89' lang='lat' dir='ltr'>cum</span> 
     </span>
     <span class='ocr_line' id='line_1_9' title="bbox 177 1266 2479 1354; baseline -0.001 -24"><span class='ocrx_word' id='word_1_63' title='bbox 177 1267 402 1354; x_wconf 81' lang='lat' dir='ltr'>aliquo</span> <span class='ocrx_word' id='word_1_64' title='bbox 444 1266 824 1330; x_wconf 81' lang='lat' dir='ltr'>contrahere</span> <span class='ocrx_word' id='word_1_65' title='bbox 849 1266 1092 1352; x_wconf 82' lang='lat' dir='ltr'><strong>absque</strong></span> <span class='ocrx_word' id='word_1_66' title='bbox 1119 1266 1387 1330; x_wconf 83' lang='lat' dir='ltr'>licencia</span> <span class='ocrx_word' id='word_1_67' title='bbox 1416 1280 1637 1330; x_wconf 86' lang='lat' dir='ltr'>nostra</span> <span class='ocrx_word' id='word_1_68' title='bbox 1664 1280 1730 1327; x_wconf 82' lang='lat' dir='ltr'>et</span> <span class='ocrx_word' id='word_1_69' title='bbox 1762 1286 2196 1329; x_wconf 86' lang='lat' dir='ltr'>successorum</span> <span class='ocrx_word' id='word_1_70' title='bbox 2226 1277 2479 1329; x_wconf 88' lang='lat' dir='ltr'>nostro-</span> 
     </span>
     <span class='ocr_line' id='line_1_10' title="bbox 176 1351 2481 1439; baseline -0.001 -20"><span class='ocrx_word' id='word_1_71' title='bbox 176 1376 323 1419; x_wconf 88' lang='lat' dir='ltr'>rum</span> <span class='ocrx_word' id='word_1_72' title='bbox 355 1353 514 1421; x_wconf 89' lang='lat' dir='ltr'>inde</span> <span class='ocrx_word' id='word_1_73' title='bbox 561 1353 782 1437; x_wconf 83' lang='lat' dir='ltr'>petita,</span> <span class='ocrx_word' id='word_1_74' title='bbox 827 1368 1062 1417; x_wconf 84' lang='lat' dir='ltr'>extunc</span> <span class='ocrx_word' id='word_1_75' title='bbox 1104 1352 1396 1416; x_wconf 88' lang='lat' dir='ltr'>volumus</span> <span class='ocrx_word' id='word_1_76' title='bbox 1426 1352 1859 1439; x_wconf 82' lang='lat' dir='ltr'>quod-eadem</span> <span class='ocrx_word' id='word_1_77' title='bbox 1898 1351 2223 1417; x_wconf 84' lang='lat' dir='ltr'>Christina</span> <span class='ocrx_word' id='word_1_78' title='bbox 2247 1351 2335 1415; x_wconf 87' lang='lat' dir='ltr'>sic</span> <span class='ocrx_word' id='word_1_79' title='bbox 2366 1352 2481 1417; x_wconf 88' lang='lat' dir='ltr'>de-</span> 
     </span>
     <span class='ocr_line' id='line_1_11' title="bbox 175 1438 2479 1529; baseline 0 -26"><span class='ocrx_word' id='word_1_80' title='bbox 175 1441 480 1529; x_wconf 82' lang='lat' dir='ltr'>linquens</span> <span class='ocrx_word' id='word_1_81' title='bbox 532 1440 872 1524; x_wconf 84' lang='lat' dir='ltr'>praemissis</span> <span class='ocrx_word' id='word_1_82' title='bbox 917 1439 1213 1504; x_wconf 80' lang='lat' dir='ltr'>omnibus</span> <span class='ocrx_word' id='word_1_83' title='bbox 1257 1453 1325 1504; x_wconf 87' lang='lat' dir='ltr'>et</span> <span class='ocrx_word' id='word_1_84' title='bbox 1356 1439 1615 1523; x_wconf 85' lang='lat' dir='ltr'>singulis</span> <span class='ocrx_word' id='word_1_85' title='bbox 1646 1442 1735 1501; x_wconf 89' lang='lat' dir='ltr'>sic</span> <span class='ocrx_word' id='word_1_86' title='bbox 1767 1438 1883 1503; x_wconf 84' lang='lat' dir='ltr'>sibi</span> <span class='ocrx_word' id='word_1_87' title='bbox 1918 1440 2231 1503; x_wconf 82' lang='lat' dir='ltr'>concessis</span> <span class='ocrx_word' id='word_1_88' title='bbox 2262 1454 2479 1503; x_wconf 83' lang='lat' dir='ltr'>careat</span> 
     </span>
     <span class='ocr_line' id='line_1_12' title="bbox 177 1526 2481 1613; baseline -0.002 -21"><span class='ocrx_word' id='word_1_89' title='bbox 177 1528 674 1613; x_wconf 83' lang='lat' dir='ltr'>imperpetuum.</span> <span class='ocrx_word' id='word_1_90' title='bbox 767 1528 848 1591; x_wconf 90' lang='lat' dir='ltr'>In</span> <span class='ocrx_word' id='word_1_91' title='bbox 891 1527 1068 1611; x_wconf 87' lang='lat' dir='ltr'>cujus</span> <span class='ocrx_word' id='word_1_92' title='bbox 1097 1528 1191 1591; x_wconf 85' lang='lat' dir='ltr'>rei</span> <span class='ocrx_word' id='word_1_93' title='bbox 1224 1526 1659 1592; x_wconf 90' lang='lat' dir='ltr'>testimonium</span> <span class='ocrx_word' id='word_1_94' title='bbox 1690 1526 1961 1608; x_wconf 86' lang='lat' dir='ltr'>sigillum</span> <span class='ocrx_word' id='word_1_95' title='bbox 1998 1546 2283 1589; x_wconf 85' lang='lat' dir='ltr'>nostrum</span> <span class='ocrx_word' id='word_1_96' title='bbox 2315 1548 2481 1609; x_wconf 80' lang='lat' dir='ltr'>prse-</span> 
     </span>
     <span class='ocr_line' id='line_1_13' title="bbox 177 1612 2483 1700; baseline -0.001 -23"><span class='ocrx_word' id='word_1_97' title='bbox 177 1612 472 1679; x_wconf 82' lang='lat' dir='ltr'>sentibus</span> <span class='ocrx_word' id='word_1_98' title='bbox 493 1628 593 1679; x_wconf 87' lang='lat' dir='ltr'>est</span> <span class='ocrx_word' id='word_1_99' title='bbox 615 1636 1006 1700; x_wconf 84' lang='lat' dir='ltr'>appensum..</span> <span class='ocrx_word' id='word_1_100' title='bbox 1072 1614 1246 1693; x_wconf 74' lang='lat' dir='ltr'>Data</span> <span class='ocrx_word' id='word_1_101' title='bbox 1269 1614 1599 1689; x_wconf 87' lang='lat' dir='ltr'>Dunelmi,</span> <span class='ocrx_word' id='word_1_102' title='bbox 1628 1612 1829 1677; x_wconf 86' lang='lat' dir='ltr'>tercio</span> <span class='ocrx_word' id='word_1_103' title='bbox 1845 1612 2097 1678; x_wconf 88' lang='lat' dir='ltr'>decimo</span> <span class='ocrx_word' id='word_1_104' title='bbox 2121 1612 2225 1679; x_wconf 88' lang='lat' dir='ltr'>die</span> <span class='ocrx_word' id='word_1_105' title='bbox 2249 1612 2483 1678; x_wconf 86' lang='lat' dir='ltr'>mensis</span> 
     </span>
     <span class='ocr_line' id='line_1_14' title="bbox 187 1700 1975 1789; baseline 0 -24"><span class='ocrx_word' id='word_1_106' title='bbox 187 1702 450 1789; x_wconf 67' lang='lat' dir='ltr'>Aprilis-3,</span> <span class='ocrx_word' id='word_1_107' title='bbox 485 1724 658 1767; x_wconf 85' lang='lat' dir='ltr'>anno</span> <span class='ocrx_word' id='word_1_108' title='bbox 690 1700 957 1767; x_wconf 89' lang='lat' dir='ltr'>Domini</span> <span class='ocrx_word' id='word_1_109' title='bbox 981 1702 1318 1766; x_wconf 87' lang='lat' dir='ltr'>millesimo</span> <span class='ocrx_word' id='word_1_110' title='bbox 1349 1705 1975 1767; x_wconf 70' lang='lat' dir='ltr'>ccccm⁰Lxxxxvl²⁰.</span> 
     </span>
    </p>
   </div>
   <div class='ocr_carea' id='block_1_3' title="bbox 357 2112 2309 2247">
    <p class='ocr_par' dir='ltr' id='par_1_3' title="bbox 357 2112 2309 2247">
     <span class='ocr_line' id='line_1_15' title="bbox 357 2112 2309 2159; baseline 0 -2"><span class='ocrx_word' id='word_1_111' title='bbox 357 2112 626 2157; x_wconf 81' lang='lat' dir='ltr'>ccxclx.</span> <span class='ocrx_word' id='word_1_112' title='bbox 673 2113 1042 2159; x_wconf 76' lang='lat' dir='ltr'>coNchslo</span> <span class='ocrx_word' id='word_1_113' title='bbox 1091 2114 1350 2159; x_wconf 62' lang='lat' dir='ltr'>01³qu</span> <span class='ocrx_word' id='word_1_114' title='bbox 1397 2115 1869 2159; x_wconf 79' lang='lat' dir='ltr'>SENESCHALLI</span> <span class='ocrx_word' id='word_1_115' title='bbox 1906 2115 2309 2159; x_wconf 71' lang='lat' dir='ltr'>wlLmeio</span> 
     </span>
     <span class='ocr_line' id='line_1_16' title="bbox 977 2200 1697 2247; baseline 0.003 -2"><span class='ocrx_word' id='word_1_116' title='bbox 977 2200 1270 2246; x_wconf 69' lang='lat' dir='ltr'>BoLMER</span> <span class='ocrx_word' id='word_1_117' title='bbox 1305 2202 1697 2247; x_wconf 73' lang='lat' dir='ltr'><strong>ARMIGERO.</strong></span> 
     </span>
    </p>
   </div>
   <div class='ocr_carea' id='block_1_4' title="bbox 1003 2342 1670 2412">
    <p class='ocr_par' dir='ltr' id='par_1_4' title="bbox 1003 2342 1670 2412">
     <span class='ocr_line' id='line_1_17' title="bbox 1003 2342 1670 2412; baseline -0.001 -20"><span class='ocrx_word' id='word_1_118' title='bbox 1003 2342 1160 2412; x_wconf 71' lang='lat' dir='ltr'>[Reg.</span> <span class='ocrx_word' id='word_1_119' title='bbox 1187 2342 1341 2395; x_wconf 81' lang='lat' dir='ltr'>Parv.</span> <span class='ocrx_word' id='word_1_120' title='bbox 1366 2342 1467 2394; x_wconf 78' lang='lat' dir='ltr'>lv.</span> <span class='ocrx_word' id='word_1_121' title='bbox 1495 2342 1529 2393; x_wconf 82' lang='lat' dir='ltr'>f.</span> <span class='ocrx_word' id='word_1_122' title='bbox 1555 2345 1670 2408; x_wconf 62' lang='lat' dir='ltr'>st]</span> 
     </span>
    </p>
   </div>
   <div class='ocr_carea' id='block_1_5' title="bbox 174 2481 2495 4640">
    <p class='ocr_par' dir='ltr' id='par_1_5' title="bbox 174 2481 2495 4576">
     <span class='ocr_line' id='line_1_18' title="bbox 273 2481 2487 2569; baseline -0.001 -22"><span class='ocrx_word' id='word_1_123' title='bbox 273 2481 614 2548; x_wconf 79' lang='lat' dir='ltr'>Universis</span> <span class='ocrx_word' id='word_1_124' title='bbox 666 2481 904 2546; x_wconf 86' lang='lat' dir='ltr'>Christi</span> <span class='ocrx_word' id='word_1_125' title='bbox 963 2481 1264 2549; x_wconf 86' lang='lat' dir='ltr'>fidelibus</span> <span class='ocrx_word' id='word_1_126' title='bbox 1320 2483 1433 2549; x_wconf 88' lang='lat' dir='ltr'>has</span> <span class='ocrx_word' id='word_1_127' title='bbox 1493 2484 1707 2549; x_wconf 79' lang='lat' dir='ltr'>literas</span> <span class='ocrx_word' id='word_1_128' title='bbox 1756 2482 2147 2569; x_wconf 84' lang='lat' dir='ltr'>inspecturis,</span> <span class='ocrx_word' id='word_1_129' title='bbox 2202 2481 2487 2545; x_wconf 78' lang='lat' dir='ltr'>Thomas</span> 
     </span>
     <span class='ocr_line' id='line_1_19' title="bbox 177 2568 2487 2655; baseline -0.001 -21"><span class='ocrx_word' id='word_1_130' title='bbox 177 2569 596 2655; x_wconf 84' lang='lat' dir='ltr'>permissione</span> <span class='ocrx_word' id='word_1_131' title='bbox 627 2568 845 2633; x_wconf 84' lang='lat' dir='ltr'>divina</span> <span class='ocrx_word' id='word_1_132' title='bbox 879 2570 1066 2634; x_wconf 88' lang='lat' dir='ltr'>Prior</span> <span class='ocrx_word' id='word_1_133' title='bbox 1096 2570 1386 2635; x_wconf 84' lang='lat' dir='ltr'>ecclesiae</span> <span class='ocrx_word' id='word_1_134' title='bbox 1425 2570 1809 2636; x_wconf 85' lang='lat' dir='ltr'>cathedralis</span> <span class='ocrx_word' id='word_1_135' title='bbox 1841 2568 2291 2634; x_wconf 82' lang='lat' dir='ltr'>Dunelmensis</span> <span class='ocrx_word' id='word_1_136' title='bbox 2320 2568 2487 2631; x_wconf 88' lang='lat' dir='ltr'>salu-</span> 
     </span>
     <span class='ocr_line' id='line_1_20' title="bbox 180 2655 2477 2745; baseline -0.001 -24"><span class='ocrx_word' id='word_1_137' title='bbox 180 2672 313 2722; x_wconf 91' lang='lat' dir='ltr'>tem</span> <span class='ocrx_word' id='word_1_138' title='bbox 365 2658 436 2721; x_wconf 86' lang='lat' dir='ltr'>in</span> <span class='ocrx_word' id='word_1_139' title='bbox 469 2656 754 2721; x_wconf 90' lang='lat' dir='ltr'>Domino</span> <span class='ocrx_word' id='word_1_140' title='bbox 784 2656 1257 2742; x_wconf 86' lang='lat' dir='ltr'>sempiternam.</span> <span class='ocrx_word' id='word_1_141' title='bbox 1353 2659 1583 2724; x_wconf 88' lang='lat' dir='ltr'>Sciatis</span> <span class='ocrx_word' id='word_1_142' title='bbox 1620 2658 1797 2745; x_wconf 88' lang='lat' dir='ltr'>quod</span> <span class='ocrx_word' id='word_1_143' title='bbox 1839 2680 1976 2734; x_wconf 88' lang='lat' dir='ltr'>nos,</span> <span class='ocrx_word' id='word_1_144' title='bbox 2011 2657 2095 2720; x_wconf 90' lang='lat' dir='ltr'>de</span> <span class='ocrx_word' id='word_1_145' title='bbox 2139 2655 2477 2730; x_wconf 84' lang='lat' dir='ltr'>fidelitate,</span> 
     </span>
     <span class='ocr_line' id='line_1_21' title="bbox 178 2742 2483 2829; baseline -0.001 -20"><span class='ocrx_word' id='word_1_146' title='bbox 178 2743 784 2829; x_wconf 83' lang='lat' dir='ltr'>circumspeccione,</span> <span class='ocrx_word' id='word_1_147' title='bbox 847 2757 911 2808; x_wconf 87' lang='lat' dir='ltr'>et</span> <span class='ocrx_word' id='word_1_148' title='bbox 971 2746 1238 2829; x_wconf 89' lang='lat' dir='ltr'>provida</span> <span class='ocrx_word' id='word_1_149' title='bbox 1295 2744 1729 2810; x_wconf 83' lang='lat' dir='ltr'>discreccione</span> <span class='ocrx_word' id='word_1_150' title='bbox 1786 2742 2163 2811; x_wconf 86' lang='lat' dir='ltr'>venerabilis</span> <span class='ocrx_word' id='word_1_151' title='bbox 2223 2743 2364 2820; x_wconf 83' lang='lat' dir='ltr'>viri,</span> <span class='ocrx_word' id='word_1_152' title='bbox 2412 2758 2483 2807; x_wconf 86' lang='lat' dir='ltr'>et</span> 
     </span>
     <span class='ocr_line' id='line_1_22' title="bbox 175 2829 2484 2917; baseline -0.001 -22"><span class='ocrx_word' id='word_1_153' title='bbox 175 2833 366 2896; x_wconf 86' lang='lat' dir='ltr'>nobis</span> <span class='ocrx_word' id='word_1_154' title='bbox 411 2829 792 2917; x_wconf 66' lang='lat' dir='ltr'>praedilecti,</span> <span class='ocrx_word' id='word_1_155' title='bbox 845 2830 1185 2896; x_wconf 87' lang='lat' dir='ltr'>Willielmi</span> <span class='ocrx_word' id='word_1_156' title='bbox 1235 2832 1500 2899; x_wconf 83' lang='lat' dir='ltr'>Bulmer</span> <span class='ocrx_word' id='word_1_157' title='bbox 1542 2832 1857 2915; x_wconf 83' lang='lat' dir='ltr'>armigeri,</span> <span class='ocrx_word' id='word_1_158' title='bbox 1902 2830 2147 2896; x_wconf 89' lang='lat' dir='ltr'>domini</span> <span class='ocrx_word' id='word_1_159' title='bbox 2189 2830 2271 2895; x_wconf 91' lang='lat' dir='ltr'>de</span> <span class='ocrx_word' id='word_1_160' title='bbox 2309 2829 2484 2915; x_wconf 85' lang='lat' dir='ltr'>wyl-</span> 
     </span>
     <span class='ocr_line' id='line_1_23' title="bbox 176 2916 2487 3003; baseline -0.002 -20"><span class='ocrx_word' id='word_1_161' title='bbox 176 2934 312 2997; x_wconf 91' lang='lat' dir='ltr'>ton,</span> <span class='ocrx_word' id='word_1_162' title='bbox 337 2917 592 3003; x_wconf 86' lang='lat' dir='ltr'>plenius</span> <span class='ocrx_word' id='word_1_163' title='bbox 624 2917 1042 2996; x_wconf 84' lang='lat' dir='ltr'>confidentes,</span> <span class='ocrx_word' id='word_1_164' title='bbox 1089 2918 1458 2984; x_wconf 87' lang='lat' dir='ltr'>ordinamus</span> <span class='ocrx_word' id='word_1_165' title='bbox 1506 2933 1569 2984; x_wconf 90' lang='lat' dir='ltr'>et</span> <span class='ocrx_word' id='word_1_166' title='bbox 1614 2919 2055 2984; x_wconf 85' lang='lat' dir='ltr'>constituimus</span> <span class='ocrx_word' id='word_1_167' title='bbox 2087 2918 2293 3003; x_wconf 84' lang='lat' dir='ltr'>ipsum</span> <span class='ocrx_word' id='word_1_168' title='bbox 2331 2916 2487 2980; x_wconf 92' lang='lat' dir='ltr'>Wil-</span> 
     </span>
     <span class='ocr_line' id='line_1_24' title="bbox 174 3005 2484 3084; baseline -0.001 -15"><span class='ocrx_word' id='word_1_169' title='bbox 174 3005 465 3071; x_wconf 82' lang='lat' dir='ltr'>lielmum</span> <span class='ocrx_word' id='word_1_170' title='bbox 517 3006 982 3070; x_wconf 86' lang='lat' dir='ltr'>seneschallum</span> <span class='ocrx_word' id='word_1_171' title='bbox 1039 3024 1346 3084; x_wconf 84' lang='lat' dir='ltr'>nostrum,</span> <span class='ocrx_word' id='word_1_172' title='bbox 1392 3007 1679 3071; x_wconf 87' lang='lat' dir='ltr'>omnium</span> <span class='ocrx_word' id='word_1_173' title='bbox 1708 3006 2021 3083; x_wconf 88' lang='lat' dir='ltr'>villarum,</span> <span class='ocrx_word' id='word_1_174' title='bbox 2057 3018 2370 3069; x_wconf 85' lang='lat' dir='ltr'>terrarum</span> <span class='ocrx_word' id='word_1_175' title='bbox 2416 3016 2484 3069; x_wconf 87' lang='lat' dir='ltr'>et</span> 
     </span>
     <span class='ocr_line' id='line_1_25' title="bbox 177 3089 2487 3172; baseline -0.001 -15"><span class='ocrx_word' id='word_1_176' title='bbox 177 3108 700 3158; x_wconf 85' lang='lat' dir='ltr'>tenementorum</span> <span class='ocrx_word' id='word_1_177' title='bbox 752 3107 1140 3172; x_wconf 84' lang='lat' dir='ltr'>nostrorum,</span> <span class='ocrx_word' id='word_1_178' title='bbox 1189 3094 1507 3159; x_wconf 80' lang='lat' dir='ltr'>scaccario</span> <span class='ocrx_word' id='word_1_179' title='bbox 1568 3107 1789 3159; x_wconf 87' lang='lat' dir='ltr'>nostro</span> <span class='ocrx_word' id='word_1_180' title='bbox 1848 3091 2275 3159; x_wconf 87' lang='lat' dir='ltr'>Dunelmensi</span> <span class='ocrx_word' id='word_1_181' title='bbox 2320 3089 2487 3155; x_wconf 86' lang='lat' dir='ltr'>infra</span> 
     </span>
     <span class='ocr_line' id='line_1_26' title="bbox 181 3178 2485 3267; baseline -0.001 -22"><span class='ocrx_word' id='word_1_182' title='bbox 181 3178 650 3265; x_wconf 87' lang='lat' dir='ltr'>Episcopatum</span> <span class='ocrx_word' id='word_1_183' title='bbox 683 3178 1180 3246; x_wconf 87' lang='lat' dir='ltr'>Dunelmensem</span> <span class='ocrx_word' id='word_1_184' title='bbox 1209 3180 1677 3266; x_wconf 89' lang='lat' dir='ltr'>pertinencium</span> <span class='ocrx_word' id='word_1_185' title='bbox 1701 3204 1719 3257; x_wconf 93' lang='lat'>;</span> <span class='ocrx_word' id='word_1_186' title='bbox 1765 3180 2135 3267; x_wconf 81' lang='lat' dir='ltr'>habendum</span> <span class='ocrx_word' id='word_1_187' title='bbox 2166 3192 2231 3244; x_wconf 90' lang='lat' dir='ltr'>et</span> <span class='ocrx_word' id='word_1_188' title='bbox 2262 3190 2485 3243; x_wconf 83' lang='lat' dir='ltr'>teuen-</span> 
     </span>
     <span class='ocr_line' id='line_1_27' title="bbox 179 3264 2489 3355; baseline -0.001 -24"><span class='ocrx_word' id='word_1_189' title='bbox 179 3267 336 3331; x_wconf 90' lang='lat' dir='ltr'>dum</span> <span class='ocrx_word' id='word_1_190' title='bbox 385 3264 599 3330; x_wconf 87' lang='lat' dir='ltr'>eidem</span> <span class='ocrx_word' id='word_1_191' title='bbox 635 3266 994 3332; x_wconf 87' lang='lat' dir='ltr'>Willielmo</span> <span class='ocrx_word' id='word_1_192' title='bbox 1042 3268 1321 3333; x_wconf 89' lang='lat' dir='ltr'>officium</span> <span class='ocrx_word' id='word_1_193' title='bbox 1367 3268 1547 3347; x_wconf 85' lang='lat' dir='ltr'>illud,</span> <span class='ocrx_word' id='word_1_194' title='bbox 1580 3266 1887 3355; x_wconf 81' lang='lat' dir='ltr'>quamdiu</span> <span class='ocrx_word' id='word_1_195' title='bbox 1916 3290 1989 3332; x_wconf 84' lang='lat' dir='ltr'>se</span> <span class='ocrx_word' id='word_1_196' title='bbox 2014 3268 2185 3331; x_wconf 89' lang='lat' dir='ltr'>bene</span> <span class='ocrx_word' id='word_1_197' title='bbox 2229 3280 2299 3331; x_wconf 87' lang='lat' dir='ltr'>et</span> <span class='ocrx_word' id='word_1_198' title='bbox 2327 3265 2489 3330; x_wconf 81' lang='lat' dir='ltr'>fide-</span> 
     </span>
     <span class='ocr_line' id='line_1_28' title="bbox 177 3352 2485 3443; baseline 0.001 -26"><span class='ocrx_word' id='word_1_199' title='bbox 177 3354 330 3419; x_wconf 90' lang='lat' dir='ltr'>liter</span> <span class='ocrx_word' id='word_1_200' title='bbox 372 3354 644 3439; x_wconf 89' lang='lat' dir='ltr'>gesserit</span> <span class='ocrx_word' id='word_1_201' title='bbox 688 3352 754 3417; x_wconf 87' lang='lat' dir='ltr'>in</span> <span class='ocrx_word' id='word_1_202' title='bbox 801 3356 1052 3423; x_wconf 86' lang='lat' dir='ltr'>eodem.</span> <span class='ocrx_word' id='word_1_203' title='bbox 1150 3355 1252 3420; x_wconf 81' lang='lat' dir='ltr'>Ita</span> <span class='ocrx_word' id='word_1_204' title='bbox 1297 3369 1511 3419; x_wconf 89' lang='lat' dir='ltr'>tamen</span> <span class='ocrx_word' id='word_1_205' title='bbox 1556 3356 1729 3443; x_wconf 91' lang='lat' dir='ltr'>quod</span> <span class='ocrx_word' id='word_1_206' title='bbox 1770 3354 2047 3419; x_wconf 90' lang='lat' dir='ltr'>officium</span> <span class='ocrx_word' id='word_1_207' title='bbox 2080 3354 2261 3433; x_wconf 90' lang='lat' dir='ltr'>illud,</span> <span class='ocrx_word' id='word_1_208' title='bbox 2293 3366 2359 3419; x_wconf 88' lang='lat' dir='ltr'>et</span> <span class='ocrx_word' id='word_1_209' title='bbox 2402 3376 2485 3419; x_wconf 82' lang='lat' dir='ltr'>ea</span> 
     </span>
     <span class='ocr_line' id='line_1_29' title="bbox 179 3440 2485 3529; baseline -0 -23"><span class='ocrx_word' id='word_1_210' title='bbox 179 3464 328 3529; x_wconf 81' lang='lat' dir='ltr'>quae</span> <span class='ocrx_word' id='word_1_211' title='bbox 375 3442 588 3505; x_wconf 91' lang='lat' dir='ltr'>eidem</span> <span class='ocrx_word' id='word_1_212' title='bbox 633 3440 842 3505; x_wconf 88' lang='lat' dir='ltr'>officio</span> <span class='ocrx_word' id='word_1_213' title='bbox 888 3442 1290 3519; x_wconf 83' lang='lat' dir='ltr'>incumbunt,</span> <span class='ocrx_word' id='word_1_214' title='bbox 1339 3443 1559 3508; x_wconf 86' lang='lat' dir='ltr'>debite</span> <span class='ocrx_word' id='word_1_215' title='bbox 1618 3459 1686 3508; x_wconf 90' lang='lat' dir='ltr'>et</span> <span class='ocrx_word' id='word_1_216' title='bbox 1728 3458 1904 3509; x_wconf 90' lang='lat' dir='ltr'>recte</span> <span class='ocrx_word' id='word_1_217' title='bbox 1950 3442 2144 3509; x_wconf 81' lang='lat' dir='ltr'>faciat</span> <span class='ocrx_word' id='word_1_218' title='bbox 2187 3456 2253 3509; x_wconf 88' lang='lat' dir='ltr'>et</span> <span class='ocrx_word' id='word_1_219' title='bbox 2295 3464 2485 3507; x_wconf 80' lang='lat' dir='ltr'>exer-</span> 
     </span>
     <span class='ocr_line' id='line_1_30' title="bbox 181 3530 2485 3614; baseline 0 -21"><span class='ocrx_word' id='word_1_220' title='bbox 181 3542 345 3606; x_wconf 85' lang='lat' dir='ltr'>ceat,</span> <span class='ocrx_word' id='word_1_221' title='bbox 396 3541 590 3613; x_wconf 88' lang='lat' dir='ltr'>prout</span> <span class='ocrx_word' id='word_1_222' title='bbox 633 3550 752 3613; x_wconf 92' lang='lat' dir='ltr'>pro</span> <span class='ocrx_word' id='word_1_223' title='bbox 795 3530 1088 3614; x_wconf 84' lang='lat' dir='ltr'>proficuo</span> <span class='ocrx_word' id='word_1_224' title='bbox 1118 3530 1396 3595; x_wconf 87' lang='lat' dir='ltr'>utilitate</span> <span class='ocrx_word' id='word_1_225' title='bbox 1439 3545 1508 3595; x_wconf 86' lang='lat' dir='ltr'>et</span> <span class='ocrx_word' id='word_1_226' title='bbox 1551 3530 1799 3597; x_wconf 88' lang='lat' dir='ltr'>honore</span> <span class='ocrx_word' id='word_1_227' title='bbox 1830 3534 2064 3597; x_wconf 90' lang='lat' dir='ltr'>nostris</span> <span class='ocrx_word' id='word_1_228' title='bbox 2094 3543 2161 3597; x_wconf 82' lang='lat' dir='ltr'>et</span> <span class='ocrx_word' id='word_1_229' title='bbox 2193 3530 2485 3595; x_wconf 83' lang='lat' dir='ltr'>ecclesioe</span> 
     </span>
     <span class='ocr_line' id='line_1_31' title="bbox 182 3615 2491 3702; baseline 0 -22"><span class='ocrx_word' id='word_1_230' title='bbox 182 3629 424 3680; x_wconf 81' lang='lat' dir='ltr'>nostrae</span> <span class='ocrx_word' id='word_1_231' title='bbox 463 3615 876 3681; x_wconf 75' lang='lat' dir='ltr'>cathedralis</span> <span class='ocrx_word' id='word_1_232' title='bbox 901 3616 1233 3702; x_wconf 83' lang='lat' dir='ltr'>praedictae</span> <span class='ocrx_word' id='word_1_233' title='bbox 1260 3617 1450 3683; x_wconf 85' lang='lat' dir='ltr'>fuerit</span> <span class='ocrx_word' id='word_1_234' title='bbox 1479 3616 1794 3688; x_wconf 83' lang='lat' dir='ltr'>facienda.</span> <span class='ocrx_word' id='word_1_235' title='bbox 1921 3618 2195 3685; x_wconf 88' lang='lat' dir='ltr'>Proviso</span> <span class='ocrx_word' id='word_1_236' title='bbox 2234 3640 2491 3702; x_wconf 87' lang='lat' dir='ltr'>semper</span> 
     </span>
     <span class='ocr_line' id='line_1_32' title="bbox 183 3701 2487 3793; baseline 0.001 -26"><span class='ocrx_word' id='word_1_237' title='bbox 183 3702 360 3791; x_wconf 85' lang='lat' dir='ltr'>quod</span> <span class='ocrx_word' id='word_1_238' title='bbox 419 3702 596 3767; x_wconf 90' lang='lat' dir='ltr'>idem</span> <span class='ocrx_word' id='word_1_239' title='bbox 643 3701 1060 3783; x_wconf 55' lang='lat' dir='ltr'>willielmus„</span> <span class='ocrx_word' id='word_1_240' title='bbox 1115 3704 1386 3790; x_wconf 74' lang='lat' dir='ltr'>durante</span> <span class='ocrx_word' id='word_1_241' title='bbox 1448 3719 1737 3790; x_wconf 89' lang='lat' dir='ltr'>tempore</span> <span class='ocrx_word' id='word_1_242' title='bbox 1796 3728 1925 3793; x_wconf 85' lang='lat' dir='ltr'>quo</span> <span class='ocrx_word' id='word_1_243' title='bbox 1984 3706 2265 3771; x_wconf 87' lang='lat' dir='ltr'>officium</span> <span class='ocrx_word' id='word_1_244' title='bbox 2322 3705 2487 3769; x_wconf 89' lang='lat' dir='ltr'>illud</span> 
     </span>
     <span class='ocr_line' id='line_1_33' title="bbox 183 3788 2489 3878; baseline 0 -24"><span class='ocrx_word' id='word_1_245' title='bbox 183 3788 618 3877; x_wconf 83' lang='lat' dir='ltr'>occupaverit,</span> <span class='ocrx_word' id='word_1_246' title='bbox 651 3790 894 3855; x_wconf 89' lang='lat' dir='ltr'>nullam</span> <span class='ocrx_word' id='word_1_247' title='bbox 939 3791 1392 3869; x_wconf 84' lang='lat' dir='ltr'>dimissionem,</span> <span class='ocrx_word' id='word_1_248' title='bbox 1441 3814 1558 3878; x_wconf 89' lang='lat' dir='ltr'>per</span> <span class='ocrx_word' id='word_1_249' title='bbox 1602 3794 1793 3859; x_wconf 89' lang='lat' dir='ltr'>finem</span> <span class='ocrx_word' id='word_1_250' title='bbox 1839 3805 1953 3858; x_wconf 88' lang='lat' dir='ltr'>aut</span> <span class='ocrx_word' id='word_1_251' title='bbox 1997 3816 2114 3878; x_wconf 92' lang='lat' dir='ltr'>per</span> <span class='ocrx_word' id='word_1_252' title='bbox 2144 3791 2489 3857; x_wconf 85' lang='lat' dir='ltr'>terminum</span> 
     </span>
     <span class='ocr_line' id='line_1_34' title="bbox 181 3877 2491 3965; baseline -0 -23"><span class='ocrx_word' id='word_1_253' title='bbox 181 3900 522 3955; x_wconf 84' lang='lat' dir='ltr'>annorum,</span> <span class='ocrx_word' id='word_1_254' title='bbox 554 3878 748 3941; x_wconf 86' lang='lat' dir='ltr'>alicui</span> <span class='ocrx_word' id='word_1_255' title='bbox 791 3900 1084 3965; x_wconf 82' lang='lat' dir='ltr'>personae</span> <span class='ocrx_word' id='word_1_256' title='bbox 1128 3878 1410 3944; x_wconf 85' lang='lat' dir='ltr'>dimittet</span> <span class='ocrx_word' id='word_1_257' title='bbox 1439 3880 1523 3945; x_wconf 89' lang='lat' dir='ltr'>de</span> <span class='ocrx_word' id='word_1_258' title='bbox 1555 3879 1735 3945; x_wconf 84' lang='lat' dir='ltr'>terris</span> <span class='ocrx_word' id='word_1_259' title='bbox 1765 3894 1879 3945; x_wconf 88' lang='lat' dir='ltr'>aut</span> <span class='ocrx_word' id='word_1_260' title='bbox 1908 3877 2295 3945; x_wconf 87' lang='lat' dir='ltr'>tenementis</span> <span class='ocrx_word' id='word_1_261' title='bbox 2323 3899 2491 3962; x_wconf 82' lang='lat' dir='ltr'>prae-</span> 
     </span>
     <span class='ocr_line' id='line_1_35' title="bbox 183 3963 2489 4051; baseline -0.001 -22"><span class='ocrx_word' id='word_1_262' title='bbox 183 3963 393 4043; x_wconf 88' lang='lat' dir='ltr'>dictis,</span> <span class='ocrx_word' id='word_1_263' title='bbox 425 3964 544 4027; x_wconf 90' lang='lat' dir='ltr'>nisi</span> <span class='ocrx_word' id='word_1_264' title='bbox 576 3964 982 4031; x_wconf 87' lang='lat' dir='ltr'>solummodo</span> <span class='ocrx_word' id='word_1_265' title='bbox 1011 3988 1130 4051; x_wconf 90' lang='lat' dir='ltr'>per</span> <span class='ocrx_word' id='word_1_266' title='bbox 1175 3980 1463 4031; x_wconf 88' lang='lat' dir='ltr'>nostrum</span> <span class='ocrx_word' id='word_1_267' title='bbox 1510 3980 1620 4032; x_wconf 88' lang='lat' dir='ltr'>aut</span> <span class='ocrx_word' id='word_1_268' title='bbox 1652 3988 2089 4031; x_wconf 86' lang='lat' dir='ltr'>successorum</span> <span class='ocrx_word' id='word_1_269' title='bbox 2118 3977 2489 4030; x_wconf 84' lang='lat' dir='ltr'>nostrorum</span> 
     </span>
     <span class='ocr_line' id='line_1_36' title="bbox 181 4050 2492 4139; baseline 0.001 -24"><span class='ocrx_word' id='word_1_270' title='bbox 181 4052 460 4137; x_wconf 84' lang='lat' dir='ltr'>speciale</span> <span class='ocrx_word' id='word_1_271' title='bbox 490 4051 887 4119; x_wconf 84' lang='lat' dir='ltr'>mandatum.</span> <span class='ocrx_word' id='word_1_272' title='bbox 1005 4053 1432 4139; x_wconf 88' lang='lat' dir='ltr'>Percipiendo</span> <span class='ocrx_word' id='word_1_273' title='bbox 1460 4054 1785 4118; x_wconf 82' lang='lat' dir='ltr'>annuatim</span> <span class='ocrx_word' id='word_1_274' title='bbox 1817 4054 1883 4117; x_wconf 89' lang='lat' dir='ltr'>in</span> <span class='ocrx_word' id='word_1_275' title='bbox 1916 4051 2127 4117; x_wconf 84' lang='lat' dir='ltr'>officio</span> <span class='ocrx_word' id='word_1_276' title='bbox 2156 4050 2269 4117; x_wconf 90' lang='lat' dir='ltr'>illo</span> <span class='ocrx_word' id='word_1_277' title='bbox 2298 4050 2492 4117; x_wconf 81' lang='lat' dir='ltr'>feoda</span> 
     </span>
     <span class='ocr_line' id='line_1_37' title="bbox 184 4138 2491 4215; baseline 0.001 -12"><span class='ocrx_word' id='word_1_278' title='bbox 184 4154 249 4204; x_wconf 87' lang='lat' dir='ltr'>et</span> <span class='ocrx_word' id='word_1_279' title='bbox 278 4138 472 4203; x_wconf 81' lang='lat' dir='ltr'>vadia</span> <span class='ocrx_word' id='word_1_280' title='bbox 515 4138 726 4204; x_wconf 88' lang='lat' dir='ltr'>eidem</span> <span class='ocrx_word' id='word_1_281' title='bbox 772 4139 982 4204; x_wconf 84' lang='lat' dir='ltr'>officio</span> <span class='ocrx_word' id='word_1_282' title='bbox 1026 4140 1244 4205; x_wconf 87' lang='lat' dir='ltr'>debita</span> <span class='ocrx_word' id='word_1_283' title='bbox 1285 4155 1353 4206; x_wconf 90' lang='lat' dir='ltr'>et</span> <span class='ocrx_word' id='word_1_284' title='bbox 1397 4153 1726 4209; x_wconf 85' lang='lat' dir='ltr'>consueta.</span> <span class='ocrx_word' id='word_1_285' title='bbox 1827 4140 2049 4215; x_wconf 83' lang='lat' dir='ltr'>Quare</span> <span class='ocrx_word' id='word_1_286' title='bbox 2094 4138 2387 4205; x_wconf 85' lang='lat' dir='ltr'>omnibus</span> <span class='ocrx_word' id='word_1_287' title='bbox 2418 4154 2491 4205; x_wconf 83' lang='lat' dir='ltr'>et</span> 
     </span>
     <span class='ocr_line' id='line_1_38' title="bbox 181 4224 2482 4312; baseline 0.001 -23"><span class='ocrx_word' id='word_1_288' title='bbox 181 4225 453 4310; x_wconf 82' lang='lat' dir='ltr'>singulis</span> <span class='ocrx_word' id='word_1_289' title='bbox 483 4224 823 4303; x_wconf 74' lang='lat' dir='ltr'>officiariiS,</span> <span class='ocrx_word' id='word_1_290' title='bbox 877 4225 1199 4305; x_wconf 78' lang='lat' dir='ltr'>ministriS,</span> <span class='ocrx_word' id='word_1_291' title='bbox 1229 4240 1296 4292; x_wconf 90' lang='lat' dir='ltr'>et</span> <span class='ocrx_word' id='word_1_292' title='bbox 1341 4228 1707 4293; x_wconf 86' lang='lat' dir='ltr'>tenentibus</span> <span class='ocrx_word' id='word_1_293' title='bbox 1752 4226 1989 4291; x_wconf 87' lang='lat' dir='ltr'>nostris</span> <span class='ocrx_word' id='word_1_294' title='bbox 2034 4226 2201 4293; x_wconf 84' lang='lat' dir='ltr'>infra</span> <span class='ocrx_word' id='word_1_295' title='bbox 2244 4227 2482 4312; x_wconf 89' lang='lat' dir='ltr'>episco-</span> 
     </span>
     <span class='ocr_line' id='line_1_39' title="bbox 181 4312 2490 4398; baseline 0 -21"><span class='ocrx_word' id='word_1_296' title='bbox 181 4328 408 4398; x_wconf 89' lang='lat' dir='ltr'>patum</span> <span class='ocrx_word' id='word_1_297' title='bbox 443 4312 952 4377; x_wconf 86' lang='lat' dir='ltr'>Dunelmensem</span> <span class='ocrx_word' id='word_1_298' title='bbox 994 4314 1416 4381; x_wconf 81' lang='lat' dir='ltr'>existentibus</span> <span class='ocrx_word' id='word_1_299' title='bbox 1459 4314 1687 4379; x_wconf 90' lang='lat' dir='ltr'>damus</span> <span class='ocrx_word' id='word_1_300' title='bbox 1731 4314 2001 4379; x_wconf 87' lang='lat' dir='ltr'>firmiter</span> <span class='ocrx_word' id='word_1_301' title='bbox 2043 4314 2109 4377; x_wconf 89' lang='lat' dir='ltr'>in</span> <span class='ocrx_word' id='word_1_302' title='bbox 2154 4313 2490 4392; x_wconf 84' lang='lat' dir='ltr'>mandatis,</span> 
     </span>
     <span class='ocr_line' id='line_1_40' title="bbox 182 4399 2495 4501; baseline 0.001 -38"><span class='ocrx_word' id='word_1_303' title='bbox 182 4399 362 4487; x_wconf 90' lang='lat' dir='ltr'>quod</span> <span class='ocrx_word' id='word_1_304' title='bbox 405 4399 723 4485; x_wconf 81' lang='lat' dir='ltr'>praedicto</span> <span class='ocrx_word' id='word_1_305' title='bbox 763 4400 1118 4479; x_wconf 68' lang='lat' dir='ltr'>willielmo,</span> <span class='ocrx_word' id='word_1_306' title='bbox 1153 4414 1458 4501; x_wconf 81' lang='lat' dir='ltr'>tanquam</span> <span class='ocrx_word' id='word_1_307' title='bbox 1508 4400 1918 4468; x_wconf 86' lang='lat' dir='ltr'>Seneschallo</span> <span class='ocrx_word' id='word_1_308' title='bbox 1947 4414 2191 4479; x_wconf 79' lang='lat' dir='ltr'>nostro,</span> <span class='ocrx_word' id='word_1_309' title='bbox 2242 4401 2309 4464; x_wconf 85' lang='lat' dir='ltr'>in</span> <span class='ocrx_word' id='word_1_310' title='bbox 2354 4424 2495 4467; x_wconf 83' lang='lat' dir='ltr'>om-</span> 
     </span>
     <span class='ocr_line' id='line_1_41' title="bbox 183 4486 2493 4576; baseline 0.001 -27"><span class='ocrx_word' id='word_1_311' title='bbox 183 4487 370 4552; x_wconf 82' lang='lat' dir='ltr'>nibus</span> <span class='ocrx_word' id='word_1_312' title='bbox 417 4498 486 4553; x_wconf 88' lang='lat' dir='ltr'>et</span> <span class='ocrx_word' id='word_1_313' title='bbox 531 4486 796 4572; x_wconf 86' lang='lat' dir='ltr'>singulis</span> <span class='ocrx_word' id='word_1_314' title='bbox 842 4488 928 4554; x_wconf 87' lang='lat' dir='ltr'>ad</span> <span class='ocrx_word' id='word_1_315' title='bbox 971 4488 1251 4556; x_wconf 83' lang='lat' dir='ltr'>officium</span> <span class='ocrx_word' id='word_1_316' title='bbox 1281 4488 1438 4553; x_wconf 75' lang='lat' dir='ltr'>illud</span> <span class='ocrx_word' id='word_1_317' title='bbox 1469 4489 1933 4576; x_wconf 84' lang='lat' dir='ltr'>pertinentibus</span> <span class='ocrx_word' id='word_1_318' title='bbox 1963 4488 2334 4555; x_wconf 83' lang='lat' dir='ltr'>obedientes</span> <span class='ocrx_word' id='word_1_319' title='bbox 2368 4488 2493 4552; x_wconf 85' lang='lat' dir='ltr'>sint</span> 
     </span>
    </p>

    <p class='ocr_par' dir='ltr' id='par_1_6' title="bbox 1301 4581 1418 4640">
     <span class='ocr_line' id='line_1_42' title="bbox 1301 4581 1418 4640; baseline 0.009 -1"><span class='ocrx_word' id='word_1_320' title='bbox 1301 4581 1340 4639; x_wconf 84' lang='lat'>2</span> <span class='ocrx_word' id='word_1_321' title='bbox 1375 4596 1418 4640; x_wconf 85' lang='lat' dir='ltr'>B</span> 
     </span>
    </p>
   </div>
  </div>
 </body>
</html>
