3000 5117
1099 524 1517 578 APPEme.
2318 522 2453 574 w

168 689 322 757 iufra
359 686 818 776 Episcopatum
872 685 1388 754 Dunolrnensem
1433 685 1675 750 habere
1720 681 2015 750 solebant
2066 695 2135 749 et
2162 679 2449 768 gaudere

167 787 263 844 etc.
353 775 440 840 Et
469 776 626 864 quia
656 775 1036 840 Vicecomes
1063 795 1258 860 super
1285 771 1650 858 hujusmodi
1680 771 2045 838 libertatem
2075 785 2141 836 et
2173 790 2445 834 consue-

167 863 432 928 tudinem
484 885 604 948 per
629 861 1015 948 praedictum
1043 860 1334 926 Priorem
1364 858 1827 944 calumpniatas
1854 857 2155 924 noticiam
2200 857 2443 922 habere

167 949 424 1027 nolebat,
456 971 578 1014 nec
629 949 912 1037 aliquam
957 947 1322 1018 libertatem
1351 969 1466 1014 seu
1495 945 2026 1013 consuetudinem
2057 958 2247 1011 antea
2276 957 2439 1008 tem-

166 1036 401 1120 poribus
453 1035 920 1121 Episcoporum
971 1035 1236 1100 usitatas
1299 1055 1474 1098 nunc
1528 1045 1820 1119 tempore
1850 1033 2209 1098 vacacionis
2240 1031 2442 1098 aude·

165 1121 262 1185 bat
288 1124 566 1188 allocare
596 1123 840 1210 absque
871 1122 1148 1208 speciale
1179 1133 1466 1186 wal-anto
1499 1120 1779 1205 Regum,
1810 1129 1919 1184 etc.
1958 1120 2226 1206 protulit
2256 1119 2429 1182 idem

163 1207 330 1274 Prior
342 1209 550 1275 Breve
559 1208 806 1275 domini
821 1207 1018 1294 Regis
1043 1206 1425 1273 vioeeonfiti
1439 1207 2197 1273 Dunolmensidirectum
2210 1207 2275 1270 in
2295 1206 2439 1270 hoec

161 1295 354 1361 verba.
443 1297 808 1362 Edwardus
831 1297 1203 1381 Deigracia
1234 1294 1382 1360 Rex
1407 1292 1687 1378 Anglioe,
1722 1293 2045 1358 Dominus
2072 1292 2436 1369 Hiberniae,

157 1395 220 1447 et
261 1382 412 1447 Dux
467 1383 864 1472 Aquitaniae,
927 1379 1308 1448 vicecomiti
1362 1380 1793 1446 Dunolmensi
1840 1382 2135 1447 salutem.
2265 1379 2443 1455 Quia

161 1469 406 1534 dilectus
449 1472 644 1536 nobis
673 1471 740 1534 in
777 1470 1041 1536 Christo
1072 1469 1260 1534 Prior
1295 1467 1751 1533 Dunolmeusis
1778 1469 2014 1532 clamat
2066 1469 2306 1534 habere
2337 1465 2436 1531 di-

163 1579 354 1622 versas
403 1557 738 1623 libertates
767 1556 998 1644 quibus
1027 1557 1164 1642 ipse
1195 1567 1264 1622 et
1294 1555 1797 1640 praedocessores
1825 1557 1924 1620 sui
1948 1555 2217 1622 Priores
2268 1555 2326 1639 ej
2336 1575 2437 1618 us-

163 1643 291 1708 dem
341 1644 462 1708 loci
509 1639 768 1730 semper
814 1643 1122 1710 hactenus
1172 1663 1214 1706 a
1261 1657 1551 1728 tempore
1580 1664 1711 1730 quo
1742 1664 1869 1706 non
1915 1656 2095 1708 extat
2128 1642 2439 1708 memoria

161 1729 246 1795 usi
273 1731 390 1796 sint
413 1744 480 1796 et
501 1731 730 1817 gavisi,
753 1729 918 1795 sicut
945 1729 1124 1808 dicit,
1151 1727 1267 1794 tibi
1283 1729 1689 1816 precipimus
1708 1729 1903 1815 quod,
1930 1729 1985 1791 si
2015 1729 2107 1794 ita
2134 1745 2250 1808 est,
2277 1744 2435 1794 tune

163 1815 340 1901 ipsum
373 1817 668 1884 Priorem
699 1817 1099 1885 libertatibus
1113 1816 1452 1904 praedictis
1481 1837 1699 1882 coram
1730 1830 1795 1881 te
1822 1815 1887 1879 in
1918 1815 2245 1883 Comitatu
2272 1839 2439 1904 prae·

161 1905 318 1970 dicto
359 1905 451 1970 nti
503 1919 576 1970 et
629 1904 914 1996 gaudere
963 1903 1318 1990 permittas,
1335 1915 1545 1988 prout
1594 1901 1689 1970 eis
1718 1902 1829 1970 ..uti
1870 1916 1957 1986 et,
1968 1905 2253 1988 gaudere
2284 1925 2439 1969 con-

159 1991 436 2058 sueverit.
527 1992 780 2057 Datum
831 2013 954 2077 per
995 2011 1223 2056 manus
1285 1991 1448 2054 Adae
1475 1988 1561 2054 de
1825 1992 2187 2058 cancelltrii
2216 1991 2437 2062 >motti

165 2076 450 2145 libertatis
495 2081 904 2165 episcopatus
934 2077 1420 2155 DunolmensiS,
1451 2077 1606 2141 sede
1637 2092 1925 2143 vacante.
2018 2079 2213 2164 Apud
2250 2079 2439 2144 Dun-

161 2165 290 2229 olm.
339 2187 426 2229 xv
469 2165 580 2230 die
615 2164 863 2243 Martii,
893 2187 1066 2230 anno
1093 2163 1276 2248 regni
1305 2162 1506 2230 nostti
1532 2163 1823 2232 decimo.
1922 2165 2226 2231 Pretextu
2260 2169 2441 2253 cujus

58 2317 60 2328 ,
162 2251 422 2318 mandati
485 2252 666 2317 idern
727 2252 1083 2316 vicecomes
1135 2251 1228 2316 ad
1276 2249 1732 2337 inquirendum
1776 2251 2045 2350 ‚plenius
2090 2255 2433 2324 ,veritatem

58 2373 60 2422 3
161 2359 326 2423 super
342 2339 714 2424 hujusmodi
743 2337 1132 2416 libertatem,
1164 2335 1683 2437 per-praedictum
1710 2337 2001 2403 Pmorem
2034 2340 2335 2406 usitatam
2366 2356 2437 2408 et

58 2437 61 2494 ζ
161 2441 516 2509 errogatam‚
568 2448 648 2490 ce
698 2425 748 2491 it
841 2424 1119 2490 uandam
1137 2423 1637 2508 inquisicionem
1660 2445 1787 2510 per
1814 2441 2284 2492 sacramentum
2328 2449 2431 2493 κη

165 2512 490 2594 proborum
545 2525 616 2577 et
685 2533 964 2596 egenum
1005 2507 1349 2578 hominum
1397 2509 1482 2574 de
1533 2510 1863 2576 Comitatu
1928 2513 2265 2596 praedicto,
2314 2536 2433 2601 per

162 2618 302 2681 quos
348 2599 574 2664 melius
623 2597 950 2664 certiorari
999 2598 1242 2684 poterit
1294 2618 1485 2682 super
1535 2595 1884 2681 proemissa.
2030 2600 2162 2674 Qui
2209 2601 2437 2666 dicunt

162 2705 328 2768 super
373 2701 844 2752 sacramentum
903 2705 1088 2752 suum
1146 2683 1322 2772 quod
1385 2681 1574 2748 Prior
1624 2683 2105 2762 Dunolmensis.
2160 2686 2271 2776 qui
2318 2710 2435 2773 pro

159 2781 423 2856 tempore
445 2771 664 2850 fuerit,
686 2786 752 2836 et
776 2793 1000 2836 omnes
1022 2769 1677 2856 predecessores-sui,
1697 2770 1959 2836 ,Priores
1978 2773 2266 2858 ejusdem
2286 2775 2435 2855 loci,

161 2877 388 2942 semper
427 2858 772 2936 hactenus,
805 2871 936 2924 tam
959 2871 1258 2944 ‚tempore
1288 2855 1665 2935 vacacionis,
1699 2879 1891 2945 quam
1922 2875 2129 2940 extra,
2163 2861 2257 2926 usi
2310 2862 2439 2930 sint

162 2944 373 3009 curiam
396 2967 580 3010 suam
615 2959 746 3012 tam
777 2959 966 3008 extra
981 2947 1232 3008 curiam
1265 2946 1701 3052 cujuscunque
1730 2944 1897 3032 regis
1928 2957 2218 3031 tempore
2253 2971 2438 3014 vaca-

159 3029 351 3109 cionis,
381 3055 578 3122 quam
607 3046 790 3096 extra
818 3033 1058 3098 curiam
1083 3029 1411 3114 cujuscum
1459 3052 1539 3093 ue
1560 3029 1863 3118 Episcopi
1889 3030 2082 3098 dictae
2104 3034 2439 3118 libertatis,

163 3116 254 3202 qui
275 3140 386 3202 pro
405 3132 704 3206 tempore
730 3117 942 3196 fuerit,
965 3117 1176 3182 calum
1223 3115 1419 3194 niare,
1492 3115 1687 3180 abere
1704 3129 1769 3184 et
1792 3131 2012 3182 tenere
2036 3119 2120 3186 de
2140 3121 2438 3190 omnibus

159 3203 496 3286 prisonibus
531 3205 750 3290 captis
796 3225 994 3290 super
1024 3203 1074 3266 'f
1191 3223 1299 3266 um
1335 3216 1415 3288 et
1451 3201 1821 3268 dominium
1868 3203 2026 3270 dicti
2082 3206 2323 3275 Prioris
2368 3227 2439 3278 et

161 3290 683 3434 praedecessorum
730 3313 1010 3368 suorum,
1061 3287 1350 3375 exceptis
1402 3288 1764 3374 prisonibus
1817 3291 2019 3378 captis
2070 3315 2193 3380 pro
2226 3315 2435 3374 morte

181 3378 410 3442 ›ominis
461 3392 756 3444 tantum.
839 3377 928 3444 Et
981 3376 1221 3441 debent
1252 3375 1615 3464 hujusmodi
1646 3376 1932 3461 prisones
1962 3377 2129 3446 infra
2178 3385 2435 3470 gualam

165 3459 214 3524 E
255 3464 441 3556 iscopi
488 3462 878 3534 incarcerari
925 3477 994 3528 et
1045 3462 1326 3530 detrudi.
1420 3462 1509 3527 Et
1534 3462 1649 3549 qui
1674 3461 1919 3529 inventi
1950 3464 2191 3533 fuerint
2220 3472 2441 3560 culpa.

163 3485 298 3612 biles
325 3551 407 3616 de
435 3551 659 3639 aliquo
685 3550 1024 3616 latrocinio
1053 3571 1164 3614 seu
1195 3547 1438 3613 felonia
1465 3571 1657 3634 super
1685 3549 1894 3616 furcas
1922 3552 2078 3619 dicti
2132 3555 2434 3648 Episcopi

165 3653 330 3702 erunt
375 3637 689 3723 suspensi.
786 3636 870 3700 Et
891 3635 1112 3701 dicunt
1132 3635 1306 3724 quod
1332 3635 1415 3699 de
1445 3635 1689 3700 catallis
1712 3635 1967 3703 illorum
1990 3641 2313 3725 prisounm
2347 3649 2438 3714 sie

165 3740 592 3806 suspensorum
629 3723 816 3789 Prior
864 3723 1132 3787 habebit
1177 3721 1611 3799 medietatem,
1646 3733 1756 3788 etc.
1853 3726 2011 3792 Ideo
2042 3729 2211 3794 idem
2250 3733 2439 3799 Prior

165 3805 236 3870 ad
273 3831 554 3894 proesens
585 3810 822 3878 habeat
849 3809 1090 3876 curiam
1133 3829 1311 3876 mam
1343 3807 1425 3871 de
1453 3807 1776 3894 praedictis
1800 3811 2166 3895 prisouibus
2196 3817 2441 3886 delibe-

165 3895 374 3960 randis.
469 3897 558 3960 Et
600 3895 960 3984 assignatus
1007 3895 1146 3958 dies
1191 3892 1681 3960 deliberacionis
1722 3919 1793 3960 us
1844 3921 1923 3962 ue
1956 3899 2019 3962 in
2066 3903 2435 3984 crastinum,

163 3988 264 4044 dc.
336 3983 492 4062 Quo
515 3981 622 4048 die
659 3982 990 4047 Robertus
1020 3981 1103 4046 de
1136 3981 1345 4058 Eden,
1387 3979 1757 4048 willielmus
1786 3919 1986 4048 gater
2008 3989 2165 4075 ejuS,
2200 4002 2268 4054 et
2302 3989 2439 4054 Ro-

167 4063 364 4132 bertus
391 4069 564 4134 filius
594 4067 932 4136 Laurentii
964 4069 1048 4132 (le
1087 4067 1405 4132 Hesilden
1447 4065 1709 4134 suerunt
1740 4073 2047 4172 suspensi.
2142 4073 2303 4143 Ideo
2332 4101 2441 4144 ca-

163 4151 302 4219 talla
325 4157 780 4234 confiscantur,
812 4170 883 4220 et
912 4151 1130 4220 caeteri
1161 4155 1449 4239 prisones
1477 4167 1629 4218 sunt
1656 4151 1879 4243 quieti.

1219 4605 1346 4664 ΗΞ
