3000 5117
939 459 1362 517 Arrnnmx.
1397 461 1584 518 m.
1624 461 1911 518 Μυκη
2248 433 2586 518 ccccxlix

433 995 656 1046 eccm.
708 993 1120 1040 INDRNTURA
1168 993 1256 1037 DE
1307 991 1876 1039 coLLEc'romBUS
1925 995 2075 1042 E'rc.
2130 994 2390 1042 DOMINI

768 1084 1084 1128 EPISCOPI
1133 1083 1208 1127 IN
1259 1082 1485 1126 GAOLA
1538 1081 2060 1129 CUSTODIENDIS·

703 1225 811 1290 [Ex
835 1225 950 1278 Lib.
985 1227 1278 1293 Compotor.
1299 1225 1356 1276 in
1379 1225 1527 1276 Offic.
1555 1224 1693 1276 And.
1716 1223 1815 1293 Ep.
1840 1225 2115 1290 Dunelm]

344 1367 518 1432 Haec
581 1367 924 1432 indentura
973 1369 1146 1432 facta
1204 1368 1373 1433 inter
1431 1367 1793 1434 Johannem
1859 1367 2148 1447 Metcalf‚
2196 1368 2558 1434 auditorem

251 1457 500 1521 domini
547 1455 822 1520 Thomae
858 1455 986 1520 Dei
1017 1455 1236 1540 gracia
1269 1456 1727 1522 Dunelmensis
1757 1456 2063 1542 episcopi,
2094 1456 2179 1521 ad
2224 1473 2561 1542 compotus

251 1545 541 1609 omnium
587 1543 1020 1608 ministrorum
1069 1543 1266 1629 ipsius
1311 1544 1556 1608 domini
1602 1547 1889 1630 episcopi
1936 1559 2066 1609 tam
2111 1544 2281 1610 infra
2310 1545 2557 1630 episco-

247 1647 476 1720 patum
525 1631 1052 1710 Dunelmensem,
1085 1655 1276 1719 quam
1327 1632 1480 1697 alibi
1532 1632 1695 1696 infra
1741 1654 2007 1718 regnum
2056 1633 2335 1717 Angliae,
2373 1632 2557 1698 audi-

247 1721 454 1785 endos
514 1733 582 1784 et
627 1719 1084 1797 terminandos„
1133 1742 1208 1784 ac
1259 1720 1686 1784 Willielmum
1738 1719 2053 1785 Wardale
2098 1735 2167 1786 et
2202 1719 2553 1786 Ricardum

250 1809 598 1894 Crosseby,
645 1807 910 1872 clericos
955 1807 1242 1892 ejusdem
1289 1807 1603 1871 Johannis
1638 1807 1951 1872 Metkalff
1983 1807 2313 1887 auditoriS,
2357 1809 2555 1898 assig-

247 1909 453 1974 natos,
519 1919 603 1961 ex
663 1918 791 1960 una
847 1909 1050 1982 parte,
1112 1909 1182 1959 et
1250 1894 1661 1960 willielmum
1731 1895 2151 1974 Smethurste,
2214 1896 2551 1962 custodem

243 1985 458 2068 gaolae
536 1983 726 2049 castri
807 1983 1282 2060 Dunclmensis,
1350 2007 1434 2050 ex
1506 1983 1707 2048 altera
1766 1997 1968 2069 parte,
2016 1996 2309 2063 testatur,
2372 1986 2551 2073 quod

241 2073 420 2136 idem
453 2072 800 2150 JohanneS,
845 2070 1240 2150 willielmus,
1275 2084 1342 2136 et
1374 2070 1713 2150 RicarduS,
1738 2073 2192 2138 commiserunt
2221 2086 2289 2139 et
2318 2072 2551 2139 libera-

239 2174 476 2225 verunt
523 2160 732 2225 eidem
779 2159 1096 2244 gaolatori
1142 2182 1412 2242 corpora
1443 2159 1845 2224 diversorum
1892 2161 2332 2240 collectorum,
2363 2161 2549 2226 balli-

241 2270 491 2326 vorum,
554 2264 1028 2325 coronatorum,
1079 2262 1146 2312 et
1192 2247 1462 2312 aliorum
1509 2247 1959 2313 officiariorum
2016 2249 2545 2336 subscriptorum,

237 2335 404 2400 infra
433 2337 704 2401 eandem
736 2337 990 2420 gaolam
1015 2335 1204 2399 castri
1234 2335 1526 2420 praedicti
1552 2336 1729 2400 salvo
1758 2351 1825 2400 et
1848 2359 2069 2402 secure
2098 2337 2551 2403 custodiendo-

237 2447 404 2501 rum,
447 2424 530 2488 de
563 2425 688 2488 suis
721 2426 989 2510 propriis
1019 2423 1202 2487 bonis
1234 2424 1605 2502 viventium,
1637 2423 1989 2488 secundum
2022 2425 2293 2490 sormam
2324 2430 2548 2493 statuti

239 2513 389 2577 inde
421 2511 579 2577 editi
626 2527 692 2577 et
739 2513 997 2598 provisi,
1049 2535 1168 2597 pro
1213 2535 1432 2576 eorum
1479 2511 1811 2596 arreragiis
1858 2535 2054 2598 super
2096 2514 2228 2578 fine
2275 2536 2539 2599 compo-

240 2614 453 2664 torum
503 2623 760 2664 suorum
810 2601 1300 2664 terminatorum
1345 2599 1426 2663 ad
1465 2599 1693 2664 festum
1728 2598 1930 2663 sancti
1964 2599 2301 2666 Michaelis
2334 2601 2543 2668 Arch-

234 2688 470 2772 angeli,
507 2711 680 2754 anno
726 2688 1136 2770 pontificatus
1181 2688 1421 2752 domini
1468 2685 1750 2771 episcopi
1799 2695 1970 2752 vn¹²¹⁰
2016 2688 2223 2753 eidem
2272 2687 2539 2756 domino

234 2775 551 2862 episcopo
582 2776 946 2841 debitorum
973 2801 990 2852 ;
1053 2775 1348 2840 videlicet
1380 2775 1667 2838 Thomas
1701 2779 1748 2839 S
1794 2820 2075 2845 .....
2111 2777 2423 2844 collector
2452 2781 2537 2845 de

235 2865 567 2930 Coundon
599 2864 724 2928 hoc
753 2887 921 2929 anno
945 2865 1140 2928 debet
1188 2915 1204 2932 .
1257 2915 1273 2931 .
1327 2915 1342 2930 .
1396 2915 1412 2931 .
1504 2863 1831 2928 Johannes
1862 2864 1929 2928 G
1976 2910 2259 2934 .....
2307 2867 2541 2933 collec-

231 2965 342 3015 tor
371 2953 455 3016 de
499 2951 844 3018 Redworth
877 2952 1076 3016 debet
1099 2952 1180 3016 (le
1211 2974 1332 3018 arr.
1369 2952 1452 3015 de
1483 2974 1657 3015 anno
1691 2955 1877 3020 1111‘0.
2028 2952 2342 3019 Ricardus
2380 2957 2538 3022 Per-

231 3038 484 3124 kynson
532 3055 872 3106 coronator
903 3040 1136 3105 wardae
1168 3040 1250 3102 de
1289 3039 1717 3124 Derlyngton.
1884 3039 2171 3105 Thomas
2207 3043 2271 3106 T
2302 3089 2530 3111 .....

229 3127 506 3193 ballivus
561 3127 642 3192 de
700 3128 769 3192 D
815 3175 1094 3193 .....
1193 3128 1264 3191 In
1320 3130 1517 3214 cujuS,
1566 3137 1670 3192 etc.
1768 3127 1943 3194 Data
1989 3181 2005 3197 .
2060 3176 2076 3192 .
2125 3182 2142 3198 .
2195 3177 2211 3194 .
2258 3130 2363 3196 die
2398 3131 2528 3200 De..

223 3217 526 3294 cembris,
557 3239 730 3282 anno
760 3262 1036 3281 .....
1085 3215 1496 3302 pontificatus
1526 3215 1681 3280 dicti
1714 3215 1959 3281 domini
1992 3217 2296 3310 Episcopi
2327 3240 2445 3286 vn.

404 3677 660 3726 cccml.
711 3679 1262 3728 INSTRUCCIONES
1315 3685 1388 3728 IN
1436 3687 1744 3732 ANGLICA
1785 3687 1923 3731 PRO
1960 3685 2351 3735 LIBERTATE

399 3767 660 3812 REGALI
695 3768 1009 3814 EPISCOPI
1041 3771 1534 3820 DUNELMENSIS
1566 3777 1703 3821 PER.
1727 3776 1963 3820 ΤΟΤΑΜ
1989 3777 2343 3826 DIOCESIM.

1121 3915 1278 3984 [neg.
1297 3915 1368 3966 v.
1391 3915 1478 3967 sol,
1504 3917 1617 3981 43]

307 4051 489 4117 Here
519 4051 684 4116 estre
708 4073 961 4116 enswen
993 4052 1246 4119 diverse
1269 4056 1834 4122 consideracionns
1857 4077 2087 4142 causet
2109 4081 2238 4126 aro
2259 4083 2521 4129 reasons

217 4140 362 4226 why
421 4141 534 4204 the
591 4139 950 4226 Bishoppes
1003 4140 1082 4205 of
1123 4143 1458 4222 Duresme,
1508 4145 1571 4207 in
1620 4145 1727 4210 the
1776 4160 1982 4234 tymes
2028 4153 2097 4212 01
2144 4149 2395 4242 kynge2
2448 4153 2528 4218 of

212 4228 547 4316 Englond,
589 4227 821 4313 Henry
855 4229 964 4292 the
999 4228 1189 4316 thryd
1228 4231 1286 4296 &
1324 4231 1605 4296 Edward
1636 4233 1746 4298 the
1780 4235 1938 4314 first,
1973 4236 2173 4321 aught
2202 4237 2281 4302 of
2316 4239 2513 4324 right,

207 4318 272 4379 &
301 4317 386 4380 be
419 4337 645 4380 course
677 4315 755 4379 of
776 4315 887 4379 the
918 4339 1150 4382 comon
1195 4319 1355 4384 lawe
1405 4320 1557 4384 then
1590 4320 1757 4386 hade
1786 4323 2005 4389 within
2038 4325 2204 4390 their
2240 4325 2517 4415 Bishop-

205 4404 428 4491 ryche,
481 4405 624 4469 that
677 4403 730 4466 is
775 4417 844 4467 to
887 4427 1018 4490 say,
1053 4404 1118 4469 in
1165 4407 1248 4470 all
1293 4407 1508 4492 place)
1555 4408 1781 4474 bitwix
1826 4411 1934 4476 the
1964 4425 2192 4478 waters
2223 4413 2301 4479 of
2323 4415 2516 4502 Tyne

204 4491 340 4557 and
397 4491 596 4578 Tyse,
628 4495 996 4580 commonly
1044 4494 1254 4584 callyd
1288 4495 1396 4560 the
1431 4497 1865 4587 Bisshopryke
1895 4500 1973 4566 of
2010 4501 2351 4584 Duresme,
2384 4505 2517 4572 and

1314 4587 1355 4648 2
1388 4605 1428 4650 r
