3000 5117
695 416 1118 469 APPENmX.
1157 416 1346 467 Amr.
1391 417 1918 471 mcccnxxxm.
2336 403 2475 477 clix

206 584 296 650 cio
338 582 607 649 fideliter
653 579 1092 665 impendendo
1145 576 1578 643 concessimus
1622 579 1709 643 ad
1761 590 1965 648 totam
2018 581 2219 648 vitam
2272 606 2475 667 suam,

205 672 472 759 quolibet
513 668 812 733 videlicet
855 667 982 744 die,
1017 688 1216 731 unum
1247 665 1466 729 album
1499 688 1728 751 panem
1762 668 1845 733 de
1874 670 2255 735 secundario
2284 694 2474 757 pane,

205 780 378 823 uuam
419 758 707 841 lagenam
739 753 1019 819 servisiae
1049 765 1116 818 et
1149 774 1342 816 unum
1376 752 1687 817 ferculum
1720 754 1803 819 de
1832 756 2129 841 coquina,
2160 758 2341 824 sicud
2372 760 2481 825 alii

205 844 522 910 servientes
573 844 773 907 nostri
821 838 1214 905 condicionis
1260 862 1395 903 suae
1442 840 1773 926 percipere
1806 842 2137 929 continget
2166 866 2287 929 pro
2316 858 2479 913 tem-

203 955 366 1019 pore,
411 944 476 995 et
522 951 720 1011 unum
763 940 1270 1013 garmamentum
1317 926 1401 991 de
1431 941 1610 991 secta
1637 928 2057 995 serviencium
2088 946 2479 1013 nostrorum,

205 1018 441 1119 quando
484 1039 602 1081 nos
646 1014 990 1101 contigerit
1034 1014 1173 1079 aliis
1221 1013 1429 1078 facere
1471 1013 1927 1079 liberacionem
1973 1020 2379 1099 generalem3
2417 1033 2487 1086 et

207 1105 450 1191 smgulis
492 1102 674 1169 annis
717 1123 836 1187 pro
865 1100 1098 1165 salario
1128 1122 1246 1164 suo
1277 1122 1393 1165 sex
1423 1100 1663 1165 solidos
1692 1115 1761 1165 et
1792 1116 1943 1167 octo
1973 1102 2291 1171 denarios.
2383 1108 2489 1173 lta

209 1208 404 1257 tamen
447 1190 624 1293 quod
669 1190 847 1255 dicto
889 1187 1146 1252 Thoma
1175 1187 1358 1252 senio
1389 1187 1490 1251 vel
1520 1188 1857 1253 debilitate
1886 1190 2238 1270 confracto,
2271 1216 2387 1259 seu
2416 1194 2487 1259 in

209 1281 310 1344 tali
354 1278 708 1363 egritudine
755 1274 1108 1340 constituto
1156 1274 1334 1361 quod
1386 1274 1653 1339 ulterius
1702 1297 1832 1339 nou
1886 1278 2170 1361 potuerit
2216 1281 2283 1343 in
2312 1280 2489 1347 dicto

209 1367 400 1431 officio
440 1366 713 1430 honeste
758 1361 1102 1439 deservire,
1135 1374 1340 1425 cesset
1369 1374 1604 1445 expost
1635 1362 1965 1447 perceptio
1994 1364 2313 1431 dictorum
2344 1390 2491 1451 gar-

209 1452 498 1518 mamenti
525 1466 596 1517 et
624 1450 835 1516 salarii
863 1473 882 1526 3
913 1449 1142 1513 ceteris
1171 1447 1466 1513 omnibus
1489 1469 1609 1532 pro
1637 1448 1897 1513 residuo
1926 1450 2076 1515 vitoe
2107 1474 2242 1517 suoe
2273 1453 2338 1518 in
2370 1477 2489 1520 suo

208 1541 421 1605 robore
467 1538 924 1625 permansuris,
1014 1536 1096 1600 In
1141 1537 1322 1621 cujus
1365 1534 1460 1598 rei
1506 1535 1945 1601 testimonium
1990 1538 2267 1621 sigillum
2314 1562 2491 1605 com-

210 1648 384 1691 mune
430 1626 696 1712 capituli
741 1622 1167 1710 praesentibus
1219 1633 1318 1685 est
1367 1643 1745 1706 appensum.
1834 1622 2017 1688 Data
2054 1624 2386 1705 Dunelmi,
2421 1627 2487 1692 in

211 1714 386 1777 domo
428 1728 648 1779 nostra
691 1708 1048 1796 capitulari,
1097 1729 1258 1773 xxm
1302 1708 1408 1773 die
1445 1708 1683 1773 mensis
1719 1709 2117 1789 Decembris,
2146 1735 2319 1780 anno
2350 1714 2491 1780 Do-

211 1799 350 1863 mini
375 1800 712 1867 millesimo
741 1820 850 1863 ccc
881 1798 1274 1881 octogesimo
1303 1808 1557 1863 octavo.

371 2167 578 2212 exul.
644 2164 976 2210 LICRNCIA
1023 2164 1539 2210 LoNDomnnsls
1602 2163 1919 2209 BmscoPI
1982 2164 2321 2211 concssssA

373 2254 710 2298 EPISCOPO
766 2252 1226 2296 DUNELMENSI
1289 2252 1378 2295 AD
1443 2251 1919 2295 RXERCENDAM
1966 2252 2321 2297 smusmc-

375 2341 648 2385 clONEM
673 2340 886 2383 INFRA
911 2338 1248 2383 DIOCESIM
1281 2338 1837 2383 LONDONOENSEM
1864 2336 2005 2389 QUO
2035 2341 2125 2383 AD
2158 2340 2321 2384 SUB·

376 2429 582 2473 DITOS
615 2428 930 2472 EPISCOPI
963 2425 1476 2484 DUNELMENSIS,
1514 2426 1662 2473 E'rc·

1041 2542 1201 2613 [neg.
1231 2544 1312 2595 11.
1333 2542 1422 2595 rot
1446 2546 1547 2595 ³02
1572 2545 1649 2612 s]

299 2660 682 2727 Reverendo
711 2661 777 2725 in
811 2660 1078 2725 Christo
1107 2657 1271 2743 patri
1303 2682 1379 2723 ac
1409 2658 1673 2723 domino
1703 2659 1973 2725 domino
2003 2659 2331 2743 Walter-o,
2370 2662 2503 2729 Dei

224 2748 418 2831 gracia
468 2747 901 2813 Dunelmensi
955 2747 1280 2832 episcope,
1343 2744 1671 2811 Robertus
1731 2746 2021 2830 ejusdem
2077 2752 2497 2833 permissione

224 2836 682 2901 Londoniensis
736 2834 1094 2920 Episcopus
1145 2832 1418 2897 salutem
1455 2846 1521 2897 et
1571 2832 1873 2897 fraternae
1903 2834 2270 2902 dileccionis
2302 2838 2505 2903 conti-

223 2944 404 2987 nuum
455 2925 946 2988 incrementum.
1055 2920 1155 2986 Ut
1205 2919 1432 2985 altaria
1481 2941 1924 3009 quaecumque,
1974 2920 2143 2987 infra
2192 2926 2505 3009 capellam

224 3008 477 3096 hospicii
527 3008 732 3074 vestri
770 3008 840 3073 in
887 3007 1197 3073 suburbio
1245 3006 1691 3072 Londoniensi
1725 3007 1919 3090 juxta
1950 3008 2507 3098 Charryngcrosse

226 3095 444 3175 situati,
477 3110 722 3161 nostrae
752 3096 1106 3174 dioceseos,
1139 3110 1512 3159 constructa
1554 3106 1622 3159 et
1650 3094 2100 3171 construenda,
2132 3118 2507 3163 consecrare

227 3194 288 3247 et
313 3184 636 3262 dedicare,
671 3206 784 3248 seu
813 3205 932 3268 per
960 3204 1298 3270 quemcum
1345 3204 1428 3247 ue
1459 3180 1655 3246 alium
1686 3179 2060 3268 episcopum
2092 3184 2501 3263 catholicum,

225 3272 490 3351 graciam
537 3283 612 3336 et
659 3270 1175 3335 communionem
1208 3270 1292 3335 Se
1344 3271 1398 3332 is
1429 3267 1801 3353 apostolicae
1830 3280 1897 3333 et
1926 3270 2381 3337 execucionem
2411 3272 2509 3337 of·-

229 3357 346 3422 ficii
391 3360 816 3435 obtinentem,
857 3356 947 3421 sic
988 3356 1344 3429 consecrari
1393 3356 1627 3433 facere,
1660 3376 1737 3419 ac
1784 3354 1851 3419 in
1892 3356 2117 3422 eadem
2165 3358 2413 3444 capella
2442 3373 2509 3425 et

231 3444 354 3507 aliis
399 3444 674 3531 hospicii
721 3443 912 3509 vestri
957 3441 1268 3508 antedicti
1319 3442 1629 3527 partibus,
1672 3454 1740 3506 et
1787 3442 1941 3507 alibi
1982 3444 2391 3533 ubicumque,
2444 3446 2510 3511 in

233 3532 450 3597 nostris
478 3530 756 3597 civitatis
787 3544 853 3596 et
883 3530 1212 3595 dioceseos
1241 3529 1420 3607 locis,
1469 3528 1692 3617 utique
1723 3529 1806 3594 ad
1852 3528 1979 3595 hoc
2008 3531 2317 3611 honestis,
2364 3534 2515 3599 mis-

233 3639 324 3682 sas
351 3633 416 3685 et
455 3620 592 3685 alia
629 3617 848 3683 divina
897 3617 1109 3681 officia
1153 3628 1288 3680 tam
1339 3638 1449 3680 vos
1501 3637 1697 3702 quam
1744 3618 2061 3701 capellani
2103 3621 2293 3685 vestri
2333 3622 2517 3686 fami-

233 3703 434 3785 liares,
463 3719 603 3771 tam
651 3704 716 3768 in
764 3704 958 3769 vestri
1005 3702 1362 3789 praesencia
1411 3724 1607 3790 quam
1653 3703 1719 3767 in
1775 3704 2090 3783 absencia,
2144 3707 2407 3773 valeatis
2448 3722 2518 3773 et

235 3792 471 3857 valeant
516 3792 870 3869 celebrare,
901 3813 1154 3857 necnon
1198 3789 1378 3878 quod
1419 3790 1807 3875 ubicumque
1839 3791 2005 3855 infra
2034 3791 2237 3855 dictas
2269 3806 2518 3859 nostras

237 3877 548 3945 civitatem
589 3895 656 3945 et
701 3878 1006 3944 diocesim
1063 3889 1445 3942 testamenta
1502 3898 2055 3965 quorumcumque
2112 3878 2519 3947 subditorum

235 3980 588 4032 vestrorum
631 3965 1086 4032 defunctorum
1131 3966 1427 4049 probare,
1470 3978 1540 4029 et
1585 3964 1961 4047 approbare,
1992 3984 2105 4027 seu
2152 3967 2519 4050 reprobare,

237 4072 302 4115 ac
319 4054 634 4118 bonorum
650 4050 1016 4140 hujusmodi
1039 4051 1418 4133 testancium
1443 4048 2087 4127 administracionem,
2113 4072 2227 4115 seu
2253 4052 2526 4120 aliorum

237 4140 624 4205 subditorum
655 4153 1017 4204 vestrorum
1043 4139 1128 4203 ab
1157 4138 1464 4203 intestato
1483 4135 1965 4213 decedencium,
1990 4139 2274 4220 personis
2295 4142 2528 4228 quibus

241 4226 544 4293 videbitur
590 4226 946 4315 expediens
989 4226 1381 4302 commitere,
1436 4222 1898 4310 calculumque,
1946 4223 2379 4306 raciocinium,
2412 4252 2527 4295 seu

239 4329 598 4400 compotum
645 4312 1224 4379 administracionis
1263 4309 1635 4396 hujusmodi
1665 4310 1748 4375 ab
1779 4308 2017 4375 eisdem
2052 4312 2529 4380 administrato-

241 4400 402 4467 ribus
447 4402 733 4490 recipere
778 4415 845 4469 et
893 4400 1171 4487 exigere,
1208 4400 1492 4466 literatos
1536 4412 1761 4465 vestrae
1796 4411 1857 4465 et
1892 4396 2091 4467 eciam
2120 4416 2357 4469 nostrae
2392 4403 2531 4467 dio-
