<?xml version="1.0" encoding="UTF-8"?>
<!DOCTYPE html PUBLIC "-//W3C//DTD XHTML 1.0 Transitional//EN"
    "http://www.w3.org/TR/xhtml1/DTD/xhtml1-transitional.dtd">
<html xmlns="http://www.w3.org/1999/xhtml" xml:lang="en" lang="en">
 <head>
  <title>
</title>
<meta http-equiv="Content-Type" content="text/html;charset=utf-8" />
  <meta name='ocr-system' content='tesseract 3.04.00' />
  <meta name='ocr-capabilities' content='ocr_page ocr_carea ocr_par ocr_line ocrx_word'/>
</head>
<body>
  <div class='ocr_page' id='page_1' title='image "./historiaedunelm00raingoog_0152.png"; bbox 0 0 3000 5117; ppageno 0'>
   <div class='ocr_carea' id='block_1_1' title="bbox 573 445 2397 522">
    <p class='ocr_par' dir='ltr' id='par_1_1' title="bbox 573 445 2397 522">
     <span class='ocr_line' id='line_1_1' title="bbox 573 445 2397 522; baseline 0.001 -5"><span class='ocrx_word' id='word_1_1' title='bbox 573 445 670 518; x_wconf 88' lang='lat'><strong>86</strong></span> <span class='ocrx_word' id='word_1_2' title='bbox 1045 465 1254 518; x_wconf 71' lang='lat' dir='ltr'><strong>fflsr.</strong></span> <span class='ocrx_word' id='word_1_3' title='bbox 1285 463 1654 518; x_wconf 65' lang='lat' dir='ltr'><strong>bunum.</strong></span> <span class='ocrx_word' id='word_1_4' title='bbox 1684 467 2149 522; x_wconf 70' lang='lat' dir='ltr'><strong>sempronns</strong></span> <span class='ocrx_word' id='word_1_5' title='bbox 2185 469 2397 522; x_wconf 70' lang='lat' dir='ltr'><strong>runs.</strong></span> 
     </span>
    </p>
   </div>
   <div class='ocr_carea' id='block_1_2' title="bbox 744 977 2705 1303">
    <p class='ocr_par' dir='ltr' id='par_1_2' title="bbox 744 977 2703 1050">
     <span class='ocr_line' id='line_1_2' title="bbox 744 977 2703 1050; baseline 0.004 -14"><span class='ocrx_word' id='word_1_6' title='bbox 744 977 940 1050; x_wconf 73' lang='grc' dir='ltr'><strong>’[οΑΡ.</strong></span> <span class='ocrx_word' id='word_1_7' title='bbox 989 991 1179 1039; x_wconf 74' lang='lat' dir='ltr'><strong>xxix.</strong></span> <span class='ocrx_word' id='word_1_8' title='bbox 1267 989 1363 1036; x_wconf 73' lang='lat' dir='ltr'><strong>nn</strong></span> <span class='ocrx_word' id='word_1_9' title='bbox 1411 990 1555 1038; x_wconf 79' lang='lat' dir='ltr'><strong>nus</strong></span> <span class='ocrx_word' id='word_1_10' title='bbox 1588 991 1747 1042; x_wconf 64' lang='lat' dir='ltr'><strong>oum</strong></span> <span class='ocrx_word' id='word_1_11' title='bbox 1789 992 2003 1038; x_wconf 68' lang='lat' dir='ltr'><strong>mrsu</strong></span> <span class='ocrx_word' id='word_1_12' title='bbox 2056 993 2357 1040; x_wconf 69' lang='lat' dir='ltr'><strong>mom-ma</strong></span> <span class='ocrx_word' id='word_1_13' title='bbox 2410 997 2703 1044; x_wconf 66' lang='lat' dir='ltr'><strong>mcum</strong></span> 
     </span>
    </p>

    <p class='ocr_par' dir='ltr' id='par_1_3' title="bbox 759 1078 2703 1142">
     <span class='ocr_line' id='line_1_3' title="bbox 759 1078 2703 1142; baseline 0.004 -22"><span class='ocrx_word' id='word_1_14' title='bbox 759 1078 845 1120; x_wconf 75' lang='lat' dir='ltr'><strong>m·</strong></span> <span class='ocrx_word' id='word_1_15' title='bbox 879 1078 1486 1125; x_wconf 66' lang='lat' dir='ltr'><strong>ms‘muxnonsm</strong></span> <span class='ocrx_word' id='word_1_16' title='bbox 1522 1079 1903 1126; x_wconf 63' lang='lat' dir='ltr'><strong>warinum</strong></span> <span class='ocrx_word' id='word_1_17' title='bbox 1938 1081 2464 1142; x_wconf 70' lang='lat' dir='ltr'><strong>com-reanum,</strong></span> <span class='ocrx_word' id='word_1_18' title='bbox 2493 1085 2580 1128; x_wconf 76' lang='lat' dir='ltr'><strong>m·</strong></span> <span class='ocrx_word' id='word_1_19' title='bbox 2610 1085 2703 1128; x_wconf 75' lang='lat' dir='ltr'><strong>m:</strong></span> 
     </span>
    </p>

    <p class='ocr_par' dir='ltr' id='par_1_4' title="bbox 757 1164 2705 1303">
     <span class='ocr_line' id='line_1_4' title="bbox 757 1164 2705 1216; baseline 0.005 -10"><span class='ocrx_word' id='word_1_20' title='bbox 757 1164 966 1210; x_wconf 56' lang='lat' dir='ltr'><strong>usus</strong></span> <span class='ocrx_word' id='word_1_21' title='bbox 1027 1165 1188 1215; x_wconf 63' lang='lat' dir='ltr'><strong>oum</strong></span> <span class='ocrx_word' id='word_1_22' title='bbox 1249 1165 1579 1210; x_wconf 62' lang='lat' dir='ltr'><strong>recussu</strong></span> <span class='ocrx_word' id='word_1_23' title='bbox 1648 1166 1849 1210; x_wconf 66' lang='lat' dir='ltr'><strong>mssA</strong></span> <span class='ocrx_word' id='word_1_24' title='bbox 1920 1168 2042 1212; x_wconf 71' lang='lat' dir='ltr'><strong>es‘r</strong></span> <span class='ocrx_word' id='word_1_25' title='bbox 2102 1169 2193 1212; x_wconf 73' lang='lat' dir='ltr'><strong>nx</strong></span> <span class='ocrx_word' id='word_1_26' title='bbox 2256 1171 2705 1216; x_wconf 70' lang='lat' dir='ltr'><strong>msssnsions</strong></span> 
     </span>
     <span class='ocr_line' id='line_1_5' title="bbox 1544 1253 1901 1303; baseline 0.02 -7"><span class='ocrx_word' id='word_1_27' title='bbox 1544 1253 1901 1303; x_wconf 65' lang='lat' dir='ltr'><strong>rusam.</strong></span> 
     </span>
    </p>
   </div>
   <div class='ocr_carea' id='block_1_3' title="bbox 1324 1418 2133 1489">
    <p class='ocr_par' dir='ltr' id='par_1_5' title="bbox 1324 1418 2133 1489">
     <span class='ocr_line' id='line_1_6' title="bbox 1324 1418 2133 1489; baseline 0.001 -16"><span class='ocrx_word' id='word_1_28' title='bbox 1324 1422 1472 1488; x_wconf 65' lang='lat' dir='ltr'><strong>[MS</strong></span> <span class='ocrx_word' id='word_1_29' title='bbox 1508 1422 1635 1489; x_wconf 69' lang='lat' dir='ltr'><strong>Cap.</strong></span> <span class='ocrx_word' id='word_1_30' title='bbox 1667 1436 1843 1476; x_wconf 68' lang='lat' dir='ltr'><strong>uxu-</strong></span> <span class='ocrx_word' id='word_1_31' title='bbox 1862 1418 1951 1476; x_wconf 67' lang='lat' dir='ltr'><strong>fiol-</strong></span> <span class='ocrx_word' id='word_1_32' title='bbox 1982 1421 2133 1486; x_wconf 59' lang='grc' dir='ltr'><strong>Μ]</strong></span> 
     </span>
    </p>
   </div>
   <div class='ocr_carea' id='block_1_4' title="bbox 553 1581 2897 4534">
    <p class='ocr_par' dir='ltr' id='par_1_6' title="bbox 553 1581 2897 4534">
     <span class='ocr_line' id='line_1_7' title="bbox 655 1581 2893 1666; baseline 0.001 -18"><span class='ocrx_word' id='word_1_33' title='bbox 655 1581 958 1666; x_wconf 74' lang='lat' dir='ltr'><strong>{Agente</strong></span> <span class='ocrx_word' id='word_1_34' title='bbox 993 1582 1218 1649; x_wconf 84' lang='lat' dir='ltr'><strong>Priore</strong></span> <span class='ocrx_word' id='word_1_35' title='bbox 1277 1584 1559 1650; x_wconf 86' lang='lat' dir='ltr'><strong>Ricardo</strong></span> <span class='ocrx_word' id='word_1_36' title='bbox 1600 1586 1673 1650; x_wconf 86' lang='lat' dir='ltr'><strong>in</strong></span> <span class='ocrx_word' id='word_1_37' title='bbox 1718 1583 2047 1664; x_wconf 74' lang='lat' dir='ltr'>extremis,</span> <span class='ocrx_word' id='word_1_38' title='bbox 2078 1584 2197 1650; x_wconf 85' lang='lat' dir='ltr'><strong>sed</strong></span> <span class='ocrx_word' id='word_1_39' title='bbox 2248 1584 2535 1652; x_wconf 85' lang='lat' dir='ltr'><strong>nondum</strong></span> <span class='ocrx_word' id='word_1_40' title='bbox 2594 1599 2893 1662; x_wconf 75' lang='lat' dir='ltr'><strong>nermo,</strong></span> 
     </span>
     <span class='ocr_line' id='line_1_8' title="bbox 569 1669 2889 1758; baseline 0.002 -26"><span class='ocrx_word' id='word_1_41' title='bbox 569 1670 889 1736; x_wconf 83' lang='lat' dir='ltr'><strong>miserunt</strong></span> <span class='ocrx_word' id='word_1_42' title='bbox 937 1669 1094 1736; x_wconf 87' lang='lat' dir='ltr'><strong>socii</strong></span> <span class='ocrx_word' id='word_1_43' title='bbox 1139 1676 1297 1758; x_wconf 68' lang='lat' dir='ltr'><strong>ejus»,</strong></span> <span class='ocrx_word' id='word_1_44' title='bbox 1347 1693 1567 1738; x_wconf 81' lang='lat' dir='ltr'><strong>secum</strong></span> <span class='ocrx_word' id='word_1_45' title='bbox 1590 1671 1663 1736; x_wconf 81' lang='lat' dir='ltr'><strong>in</strong></span> <span class='ocrx_word' id='word_1_46' title='bbox 1696 1671 1873 1741; x_wconf 74' lang='lat' dir='ltr'><strong>curin</strong></span> <span class='ocrx_word' id='word_1_47' title='bbox 1916 1670 2290 1749; x_wconf 70' lang='lat' dir='ltr'><strong>existentes,</strong></span> <span class='ocrx_word' id='word_1_48' title='bbox 2338 1670 2641 1739; x_wconf 80' lang='lat' dir='ltr'><strong>nuncium</strong></span> <span class='ocrx_word' id='word_1_49' title='bbox 2672 1673 2889 1750; x_wconf 83' lang='lat' dir='ltr'><strong>domi,</strong></span> 
     </span>
     <span class='ocr_line' id='line_1_9' title="bbox 579 1756 2893 1848; baseline 0.002 -29"><span class='ocrx_word' id='word_1_50' title='bbox 579 1778 728 1822; x_wconf 86' lang='lat' dir='ltr'><strong>cum</strong></span> <span class='ocrx_word' id='word_1_51' title='bbox 787 1756 986 1822; x_wconf 89' lang='lat' dir='ltr'><strong>literis</strong></span> <span class='ocrx_word' id='word_1_52' title='bbox 1036 1758 1452 1824; x_wconf 83' lang='lat' dir='ltr'><strong>resti-tutionis</strong></span> <span class='ocrx_word' id='word_1_53' title='bbox 1495 1761 1652 1846; x_wconf 71' lang='lat' dir='ltr'><strong>ejuS,</strong></span> <span class='ocrx_word' id='word_1_54' title='bbox 1698 1759 1811 1845; x_wconf 82' lang='lat' dir='ltr'><strong>qui</strong></span> <span class='ocrx_word' id='word_1_55' title='bbox 1856 1757 2035 1824; x_wconf 83' lang='lat' dir='ltr'><strong>venit.</strong></span> <span class='ocrx_word' id='word_1_56' title='bbox 2080 1757 2479 1824; x_wconf 81' lang='lat' dir='ltr'><strong>Dunelmum</strong></span> <span class='ocrx_word' id='word_1_57' title='bbox 2537 1758 2607 1822; x_wconf 86' lang='lat' dir='ltr'><strong>in</strong></span> <span class='ocrx_word' id='word_1_58' title='bbox 2660 1760 2893 1848; x_wconf 82' lang='lat' dir='ltr'><strong>vigilia</strong></span> 
     </span>
     <span class='ocr_line' id='line_1_10' title="bbox 583 1841 2891 1928; baseline 0.002 -22"><span class='ocrx_word' id='word_1_59' title='bbox 583 1841 1077 1910; x_wconf 79' lang='lat' dir='ltr'><strong>Purificationis.</strong></span> <span class='ocrx_word' id='word_1_60' title='bbox 1169 1845 1248 1910; x_wconf 92' lang='lat' dir='ltr'><strong>In</strong></span> <span class='ocrx_word' id='word_1_61' title='bbox 1295 1846 1595 1922; x_wconf 81' lang='lat' dir='ltr'><strong>erastino,</strong></span> <span class='ocrx_word' id='word_1_62' title='bbox 1636 1867 1787 1912; x_wconf 88' lang='lat' dir='ltr'><strong>cum</strong></span> <span class='ocrx_word' id='word_1_63' title='bbox 1830 1865 2109 1910; x_wconf 83' lang='lat' dir='ltr'><strong>essemus</strong></span> <span class='ocrx_word' id='word_1_64' title='bbox 2154 1845 2220 1908; x_wconf 87' lang='lat' dir='ltr'><strong>in</strong></span> <span class='ocrx_word' id='word_1_65' title='bbox 2263 1845 2491 1928; x_wconf 83' lang='lat' dir='ltr'><strong>majori</strong></span> <span class='ocrx_word' id='word_1_66' title='bbox 2534 1844 2745 1925; x_wconf 78' lang='lat' dir='ltr'><strong>missa,</strong></span> <span class='ocrx_word' id='word_1_67' title='bbox 2774 1847 2891 1910; x_wconf 76' lang='lat' dir='ltr'><strong>in—</strong></span> 
     </span>
     <span class='ocr_line' id='line_1_11' title="bbox 565 1929 2891 2019; baseline 0.001 -25"><span class='ocrx_word' id='word_1_68' title='bbox 565 1931 774 2012; x_wconf 79' lang='lat' dir='ltr'><strong>gressi</strong></span> <span class='ocrx_word' id='word_1_69' title='bbox 797 1944 946 1996; x_wconf 90' lang='lat' dir='ltr'><strong>sunt</strong></span> <span class='ocrx_word' id='word_1_70' title='bbox 989 1929 1200 1998; x_wconf 83' lang='lat' dir='ltr'><strong>aulam</strong></span> <span class='ocrx_word' id='word_1_71' title='bbox 1247 1931 1311 1996; x_wconf 91' lang='lat' dir='ltr'><strong>in</strong></span> <span class='ocrx_word' id='word_1_72' title='bbox 1347 1931 1699 2010; x_wconf 70' lang='lat' dir='ltr'><strong>Abbsthia,</strong></span> <span class='ocrx_word' id='word_1_73' title='bbox 1730 1955 1817 1998; x_wconf 86' lang='lat' dir='ltr'><strong>ex</strong></span> <span class='ocrx_word' id='word_1_74' title='bbox 1862 1945 2043 2017; x_wconf 84' lang='lat' dir='ltr'><strong>parte</strong></span> <span class='ocrx_word' id='word_1_75' title='bbox 2076 1930 2413 2017; x_wconf 88' lang='lat' dir='ltr'><strong>Episcopi,</strong></span> <span class='ocrx_word' id='word_1_76' title='bbox 2452 1931 2737 2019; x_wconf 80' lang='lat' dir='ltr'><strong>quinque</strong></span> <span class='ocrx_word' id='word_1_77' title='bbox 2770 1933 2891 1997; x_wconf 81' lang='lat' dir='ltr'><strong>vel</strong></span> 
     </span>
     <span class='ocr_line' id='line_1_12' title="bbox 574 2019 2895 2105; baseline 0.002 -24"><span class='ocrx_word' id='word_1_78' title='bbox 574 2039 716 2094; x_wconf 84' lang='lat' dir='ltr'><strong>sex,</strong></span> <span class='ocrx_word' id='word_1_79' title='bbox 765 2030 834 2082; x_wconf 89' lang='lat' dir='ltr'><strong>et</strong></span> <span class='ocrx_word' id='word_1_80' title='bbox 877 2039 1099 2082; x_wconf 87' lang='lat' dir='ltr'><strong>omnes</strong></span> <span class='ocrx_word' id='word_1_81' title='bbox 1144 2019 1416 2104; x_wconf 82' lang='lat' dir='ltr'>primam</span> <span class='ocrx_word' id='word_1_82' title='bbox 1461 2033 1793 2085; x_wconf 77' lang='lat' dir='ltr'><strong>tonsuram</strong></span> <span class='ocrx_word' id='word_1_83' title='bbox 1828 2019 2165 2096; x_wconf 69' lang='lat' dir='ltr'><strong>habentes,</strong></span> <span class='ocrx_word' id='word_1_84' title='bbox 2207 2039 2483 2105; x_wconf 86' lang='lat' dir='ltr'><strong>quorum</strong></span> <span class='ocrx_word' id='word_1_85' title='bbox 2528 2041 2691 2084; x_wconf 82' lang='lat' dir='ltr'><strong>unus</strong></span> <span class='ocrx_word' id='word_1_86' title='bbox 2734 2033 2895 2086; x_wconf 84' lang='lat' dir='ltr'><strong>erat</strong></span> 
     </span>
     <span class='ocr_line' id='line_1_13' title="bbox 575 2103 2894 2192; baseline 0.001 -22"><span class='ocrx_word' id='word_1_87' title='bbox 575 2119 918 2172; x_wconf 79' lang='lat' dir='ltr'><strong>coronator</strong></span> <span class='ocrx_word' id='word_1_88' title='bbox 965 2105 1293 2190; x_wconf 78' lang='lat' dir='ltr'><strong>Episcopi,</strong></span> <span class='ocrx_word' id='word_1_89' title='bbox 1340 2105 1404 2174; x_wconf 84' lang='lat' dir='ltr'><strong>J.</strong></span> <span class='ocrx_word' id='word_1_90' title='bbox 1451 2107 1703 2172; x_wconf 88' lang='lat' dir='ltr'><strong>Breton</strong></span> <span class='ocrx_word' id='word_1_91' title='bbox 1748 2105 2027 2184; x_wconf 88' lang='lat' dir='ltr'><strong>nomine,</strong></span> <span class='ocrx_word' id='word_1_92' title='bbox 2074 2103 2185 2192; x_wconf 89' lang='lat' dir='ltr'><strong>qui</strong></span> <span class='ocrx_word' id='word_1_93' title='bbox 2226 2103 2535 2170; x_wconf 78' lang='lat' dir='ltr'><strong>dixerunt</strong></span> <span class='ocrx_word' id='word_1_94' title='bbox 2582 2107 2894 2174; x_wconf 82' lang='lat' dir='ltr'><strong>Priorem</strong></span> 
     </span>
     <span class='ocr_line' id='line_1_14' title="bbox 575 2190 2896 2278; baseline 0.001 -22"><span class='ocrx_word' id='word_1_95' title='bbox 575 2208 922 2269; x_wconf 83' lang='lat' dir='ltr'><strong>mortuum,</strong></span> <span class='ocrx_word' id='word_1_96' title='bbox 955 2205 1024 2256; x_wconf 88' lang='lat' dir='ltr'><strong>et</strong></span> <span class='ocrx_word' id='word_1_97' title='bbox 1067 2215 1136 2256; x_wconf 86' lang='lat' dir='ltr'><strong>se</strong></span> <span class='ocrx_word' id='word_1_98' title='bbox 1179 2191 1270 2258; x_wconf 87' lang='lat' dir='ltr'><strong>ibi</strong></span> <span class='ocrx_word' id='word_1_99' title='bbox 1316 2193 1565 2258; x_wconf 79' lang='lat' dir='ltr'><strong>venisse</strong></span> <span class='ocrx_word' id='word_1_100' title='bbox 1608 2192 1693 2258; x_wconf 80' lang='lat' dir='ltr'><strong>ad</strong></span> <span class='ocrx_word' id='word_1_101' title='bbox 1738 2192 2121 2278; x_wconf 80' lang='lat' dir='ltr'><strong>capiendum</strong></span> <span class='ocrx_word' id='word_1_102' title='bbox 2194 2190 2507 2257; x_wconf 68' lang='lat' dir='ltr'><strong>rior-atum</strong></span> <span class='ocrx_word' id='word_1_103' title='bbox 2550 2192 2619 2257; x_wconf 89' lang='lat' dir='ltr'><strong>in</strong></span> <span class='ocrx_word' id='word_1_104' title='bbox 2662 2207 2896 2258; x_wconf 68' lang='lat' dir='ltr'><strong>custo-</strong></span> 
     </span>
     <span class='ocr_line' id='line_1_15' title="bbox 575 2277 2891 2365; baseline 0.002 -23"><span class='ocrx_word' id='word_1_105' title='bbox 575 2278 746 2344; x_wconf 83' lang='lat' dir='ltr'><strong>diam</strong></span> <span class='ocrx_word' id='word_1_106' title='bbox 803 2277 1148 2364; x_wconf 87' lang='lat' dir='ltr'><strong>Episcopi;</strong></span> <span class='ocrx_word' id='word_1_107' title='bbox 1194 2278 1488 2346; x_wconf 80' lang='lat' dir='ltr'><strong>audierat</strong></span> <span class='ocrx_word' id='word_1_108' title='bbox 1518 2279 1689 2346; x_wconf 80' lang='lat' dir='ltr'><strong>enim</strong></span> <span class='ocrx_word' id='word_1_109' title='bbox 1722 2279 2078 2365; x_wconf 73' lang='lat' dir='ltr'><strong>Episcopus</strong></span> <span class='ocrx_word' id='word_1_110' title='bbox 2170 2301 2207 2343; x_wconf 89' lang='lat' dir='ltr'><strong>e</strong></span> <span class='ocrx_word' id='word_1_111' title='bbox 2254 2281 2463 2344; x_wconf 73' lang='lat' dir='ltr'><strong>morte</strong></span> <span class='ocrx_word' id='word_1_112' title='bbox 2500 2279 2759 2357; x_wconf 70' lang='lat' dir='ltr'><strong>Prion-is,</strong></span> <span class='ocrx_word' id='word_1_113' title='bbox 2808 2295 2891 2346; x_wconf 82' lang='lat' dir='ltr'><strong>et</strong></span> 
     </span>
     <span class='ocr_line' id='line_1_16' title="bbox 575 2364 2893 2452; baseline 0.001 -22"><span class='ocrx_word' id='word_1_114' title='bbox 575 2364 991 2432; x_wconf 76' lang='lat' dir='ltr'><strong>mandaverat</strong></span> <span class='ocrx_word' id='word_1_115' title='bbox 1051 2365 1180 2432; x_wconf 90' lang='lat' dir='ltr'><strong>suis</strong></span> <span class='ocrx_word' id='word_1_116' title='bbox 1233 2379 1306 2430; x_wconf 88' lang='lat' dir='ltr'><strong>ut</strong></span> <span class='ocrx_word' id='word_1_117' title='bbox 1363 2366 1715 2452; x_wconf 85' lang='lat' dir='ltr'><strong>prioratum</strong></span> <span class='ocrx_word' id='word_1_118' title='bbox 1766 2365 1837 2432; x_wconf 86' lang='lat' dir='ltr'><strong>in</strong></span> <span class='ocrx_word' id='word_1_119' title='bbox 1888 2387 2071 2432; x_wconf 84' lang='lat' dir='ltr'><strong>suam</strong></span> <span class='ocrx_word' id='word_1_120' title='bbox 2120 2365 2435 2452; x_wconf 84' lang='lat' dir='ltr'><strong>saysirent</strong></span> <span class='ocrx_word' id='word_1_121' title='bbox 2492 2367 2893 2434; x_wconf 76' lang='lat' dir='ltr'><strong>custodiam.</strong></span> 
     </span>
     <span class='ocr_line' id='line_1_17' title="bbox 579 2453 2897 2542; baseline 0.001 -26"><span class='ocrx_word' id='word_1_122' title='bbox 579 2453 940 2520; x_wconf 80' lang='lat' dir='ltr'><strong>Audiemes</strong></span> <span class='ocrx_word' id='word_1_123' title='bbox 975 2453 1126 2518; x_wconf 70' lang='lat' dir='ltr'><strong>haec</strong></span> <span class='ocrx_word' id='word_1_124' title='bbox 1171 2453 1488 2532; x_wconf 72' lang='lat' dir='ltr'><strong>monachi,</strong></span> <span class='ocrx_word' id='word_1_125' title='bbox 1520 2453 1760 2520; x_wconf 76' lang='lat' dir='ltr'><strong>turbati</strong></span> <span class='ocrx_word' id='word_1_126' title='bbox 1808 2466 1961 2520; x_wconf 83' lang='lat' dir='ltr'><strong>sunt</strong></span> <span class='ocrx_word' id='word_1_127' title='bbox 2006 2453 2437 2521; x_wconf 85' lang='lat' dir='ltr'><strong>vehementer.</strong></span> <span class='ocrx_word' id='word_1_128' title='bbox 2538 2453 2623 2518; x_wconf 87' lang='lat' dir='ltr'><strong>Et</strong></span> <span class='ocrx_word' id='word_1_129' title='bbox 2670 2455 2897 2542; x_wconf 77' lang='lat' dir='ltr'><strong>inqui-</strong></span> 
     </span>
     <span class='ocr_line' id='line_1_18' title="bbox 573 2539 2891 2628; baseline 0 -22"><span class='ocrx_word' id='word_1_130' title='bbox 573 2541 862 2606; x_wconf 80' lang='lat' dir='ltr'><strong>rentibus</strong></span> <span class='ocrx_word' id='word_1_131' title='bbox 906 2540 990 2606; x_wconf 87' lang='lat' dir='ltr'><strong>de</strong></span> <span class='ocrx_word' id='word_1_132' title='bbox 1035 2541 1290 2619; x_wconf 86' lang='lat' dir='ltr'><strong>nuncio,</strong></span> <span class='ocrx_word' id='word_1_133' title='bbox 1323 2541 1433 2628; x_wconf 90' lang='lat' dir='ltr'><strong>qui</strong></span> <span class='ocrx_word' id='word_1_134' title='bbox 1472 2541 1557 2606; x_wconf 89' lang='lat' dir='ltr'><strong>de</strong></span> <span class='ocrx_word' id='word_1_135' title='bbox 1586 2539 1767 2608; x_wconf 88' lang='lat' dir='ltr'><strong>curia</strong></span> <span class='ocrx_word' id='word_1_136' title='bbox 1792 2554 2056 2606; x_wconf 85' lang='lat' dir='ltr'><strong>venerat</strong></span> <span class='ocrx_word' id='word_1_137' title='bbox 2084 2541 2189 2606; x_wconf 88' lang='lat' dir='ltr'><strong>die</strong></span> <span class='ocrx_word' id='word_1_138' title='bbox 2218 2541 2645 2626; x_wconf 78' lang='lat' dir='ltr'><strong>praecedeute,</strong></span> <span class='ocrx_word' id='word_1_139' title='bbox 2678 2543 2891 2606; x_wconf 70' lang='lat' dir='ltr'><strong>nichil</strong></span> 
     </span>
     <span class='ocr_line' id='line_1_19' title="bbox 577 2627 2889 2712; baseline 0.002 -20"><span class='ocrx_word' id='word_1_140' title='bbox 577 2627 668 2692; x_wconf 89' lang='lat' dir='ltr'><strong>eis</strong></span> <span class='ocrx_word' id='word_1_141' title='bbox 715 2627 996 2694; x_wconf 84' lang='lat' dir='ltr'><strong>indicare</strong></span> <span class='ocrx_word' id='word_1_142' title='bbox 1041 2628 1266 2705; x_wconf 80' lang='lat' dir='ltr'><strong>voluit,</strong></span> <span class='ocrx_word' id='word_1_143' title='bbox 1297 2650 1585 2694; x_wconf 86' lang='lat' dir='ltr'><strong>asserens</strong></span> <span class='ocrx_word' id='word_1_144' title='bbox 1630 2651 1699 2692; x_wconf 89' lang='lat' dir='ltr'><strong>se</strong></span> <span class='ocrx_word' id='word_1_145' title='bbox 1735 2627 2021 2694; x_wconf 87' lang='lat' dir='ltr'><strong>Priorem</strong></span> <span class='ocrx_word' id='word_1_146' title='bbox 2052 2651 2185 2694; x_wconf 87' lang='lat' dir='ltr'><strong>non</strong></span> <span class='ocrx_word' id='word_1_147' title='bbox 2230 2628 2435 2694; x_wconf 87' lang='lat' dir='ltr'><strong>solum</strong></span> <span class='ocrx_word' id='word_1_148' title='bbox 2466 2630 2889 2712; x_wconf 71' lang='lat' dir='ltr'><strong>superstitem</strong></span> 
     </span>
     <span class='ocr_line' id='line_1_20' title="bbox 577 2713 2887 2802; baseline 0.002 -24"><span class='ocrx_word' id='word_1_149' title='bbox 577 2713 694 2780; x_wconf 88' lang='lat' dir='ltr'><strong>sed</strong></span> <span class='ocrx_word' id='word_1_150' title='bbox 723 2714 1106 2780; x_wconf 86' lang='lat' dir='ltr'><strong>incolumem</strong></span> <span class='ocrx_word' id='word_1_151' title='bbox 1137 2714 1468 2784; x_wconf 83' lang='lat' dir='ltr'><strong>dimisisse.</strong></span> <span class='ocrx_word' id='word_1_152' title='bbox 1568 2715 1960 2784; x_wconf 84' lang='lat' dir='ltr'><strong>Hesitabant</strong></span> <span class='ocrx_word' id='word_1_153' title='bbox 1987 2715 2181 2800; x_wconf 84' lang='lat' dir='ltr'><strong>igitur</strong></span> <span class='ocrx_word' id='word_1_154' title='bbox 2210 2715 2369 2802; x_wconf 89' lang='lat' dir='ltr'><strong>quid</strong></span> <span class='ocrx_word' id='word_1_155' title='bbox 2398 2715 2706 2784; x_wconf 80' lang='lat' dir='ltr'><strong>facerent.</strong></span> <span class='ocrx_word' id='word_1_156' title='bbox 2802 2718 2887 2784; x_wconf 89' lang='lat' dir='ltr'><strong>Si</strong></span> 
     </span>
     <span class='ocr_line' id='line_1_21' title="bbox 577 2801 2891 2889; baseline 0.003 -24"><span class='ocrx_word' id='word_1_157' title='bbox 577 2801 752 2868; x_wconf 86' lang='lat' dir='ltr'><strong>enim</strong></span> <span class='ocrx_word' id='word_1_158' title='bbox 797 2801 986 2867; x_wconf 85' lang='lat' dir='ltr'><strong>Prior</strong></span> <span class='ocrx_word' id='word_1_159' title='bbox 1035 2817 1356 2889; x_wconf 85' lang='lat' dir='ltr'><strong>superstes</strong></span> <span class='ocrx_word' id='word_1_160' title='bbox 1405 2815 1595 2880; x_wconf 84' lang='lat' dir='ltr'><strong>esset,</strong></span> <span class='ocrx_word' id='word_1_161' title='bbox 1646 2825 1775 2871; x_wconf 88' lang='lat' dir='ltr'><strong>non</strong></span> <span class='ocrx_word' id='word_1_162' title='bbox 1828 2818 2041 2868; x_wconf 84' lang='lat' dir='ltr'><strong>essent</strong></span> <span class='ocrx_word' id='word_1_163' title='bbox 2088 2803 2179 2867; x_wconf 89' lang='lat' dir='ltr'><strong>illi</strong></span> <span class='ocrx_word' id='word_1_164' title='bbox 2228 2803 2550 2870; x_wconf 81' lang='lat' dir='ltr'><strong>venientes</strong></span> <span class='ocrx_word' id='word_1_165' title='bbox 2578 2825 2663 2870; x_wconf 82' lang='lat' dir='ltr'><strong>ex</strong></span> <span class='ocrx_word' id='word_1_166' title='bbox 2686 2819 2891 2889; x_wconf 72' lang='lat' dir='ltr'><strong>parte</strong></span> 
     </span>
     <span class='ocr_line' id='line_1_22' title="bbox 579 2887 2889 2976; baseline 0.002 -22"><span class='ocrx_word' id='word_1_167' title='bbox 579 2887 882 2973; x_wconf 81' lang='lat' dir='ltr'><strong>Episcopi</strong></span> <span class='ocrx_word' id='word_1_168' title='bbox 943 2889 1344 2957; x_wconf 86' lang='lat' dir='ltr'><strong>admittendi.</strong></span> <span class='ocrx_word' id='word_1_169' title='bbox 1437 2890 1509 2956; x_wconf 91' lang='lat' dir='ltr'><strong>Si</strong></span> <span class='ocrx_word' id='word_1_170' title='bbox 1568 2912 1722 2955; x_wconf 83' lang='lat' dir='ltr'><strong>vero</strong></span> <span class='ocrx_word' id='word_1_171' title='bbox 1778 2903 2067 2956; x_wconf 82' lang='lat' dir='ltr'><strong>mortuus</strong></span> <span class='ocrx_word' id='word_1_172' title='bbox 2125 2902 2312 2967; x_wconf 86' lang='lat' dir='ltr'><strong>esset,</strong></span> <span class='ocrx_word' id='word_1_173' title='bbox 2374 2913 2483 2959; x_wconf 78' lang='lat' dir='ltr'><strong>eos</strong></span> <span class='ocrx_word' id='word_1_174' title='bbox 2550 2892 2889 2976; x_wconf 76' lang='lat' dir='ltr'><strong>expellere</strong></span> 
     </span>
     <span class='ocr_line' id='line_1_23' title="bbox 575 2976 2887 3062; baseline 0.002 -22"><span class='ocrx_word' id='word_1_175' title='bbox 575 2977 1005 3060; x_wconf 83' lang='lat' dir='ltr'><strong>periculosum</strong></span> <span class='ocrx_word' id='word_1_176' title='bbox 1049 2992 1234 3043; x_wconf 86' lang='lat' dir='ltr'><strong>esset.</strong></span> <span class='ocrx_word' id='word_1_177' title='bbox 1323 2977 1459 3055; x_wconf 79' lang='lat' dir='ltr'><strong>Qui</strong></span> <span class='ocrx_word' id='word_1_178' title='bbox 1489 2979 1769 3062; x_wconf 84' lang='lat' dir='ltr'><strong>majores</strong></span> <span class='ocrx_word' id='word_1_179' title='bbox 1796 2991 1983 3043; x_wconf 82' lang='lat' dir='ltr'><strong>erant</strong></span> <span class='ocrx_word' id='word_1_180' title='bbox 2010 2978 2093 3042; x_wconf 90' lang='lat' dir='ltr'><strong>de</strong></span> <span class='ocrx_word' id='word_1_181' title='bbox 2120 2976 2396 3042; x_wconf 88' lang='lat' dir='ltr'><strong>consilio</strong></span> <span class='ocrx_word' id='word_1_182' title='bbox 2418 2979 2887 3044; x_wconf 77' lang='lat' dir='ltr'><strong>subtraxerunt</strong></span> 
     </span>
     <span class='ocr_line' id='line_1_24' title="bbox 573 3063 2889 3151; baseline 0.002 -23"><span class='ocrx_word' id='word_1_183' title='bbox 573 3087 646 3129; x_wconf 86' lang='lat' dir='ltr'><strong>se</strong></span> <span class='ocrx_word' id='word_1_184' title='bbox 709 3065 992 3143; x_wconf 84' lang='lat' dir='ltr'><strong>tandem,</strong></span> <span class='ocrx_word' id='word_1_185' title='bbox 1025 3065 1420 3130; x_wconf 73' lang='lat' dir='ltr'><strong>confidentes</strong></span> <span class='ocrx_word' id='word_1_186' title='bbox 1463 3064 1530 3128; x_wconf 87' lang='lat' dir='ltr'><strong>in</strong></span> <span class='ocrx_word' id='word_1_187' title='bbox 1574 3063 1811 3129; x_wconf 88' lang='lat' dir='ltr'><strong>nuncio</strong></span> <span class='ocrx_word' id='word_1_188' title='bbox 1841 3064 1951 3151; x_wconf 92' lang='lat' dir='ltr'><strong>qui</strong></span> <span class='ocrx_word' id='word_1_189' title='bbox 1994 3065 2079 3130; x_wconf 89' lang='lat' dir='ltr'><strong>de</strong></span> <span class='ocrx_word' id='word_1_190' title='bbox 2106 3065 2287 3130; x_wconf 84' lang='lat' dir='ltr'><strong>curia</strong></span> <span class='ocrx_word' id='word_1_191' title='bbox 2314 3077 2596 3144; x_wconf 79' lang='lat' dir='ltr'><strong>venerat,</strong></span> <span class='ocrx_word' id='word_1_192' title='bbox 2628 3065 2889 3132; x_wconf 85' lang='lat' dir='ltr'><strong>delibe-</strong></span> 
     </span>
     <span class='ocr_line' id='line_1_25' title="bbox 573 3151 2885 3240; baseline 0 -24"><span class='ocrx_word' id='word_1_193' title='bbox 573 3153 806 3218; x_wconf 83' lang='lat' dir='ltr'><strong>rabant</strong></span> <span class='ocrx_word' id='word_1_194' title='bbox 847 3175 960 3217; x_wconf 84' lang='lat' dir='ltr'><strong>eos</strong></span> <span class='ocrx_word' id='word_1_195' title='bbox 1004 3152 1448 3236; x_wconf 80' lang='lat' dir='ltr'><strong>expellendos.</strong></span> <span class='ocrx_word' id='word_1_196' title='bbox 1536 3151 1679 3216; x_wconf 83' lang='lat' dir='ltr'><strong>Sed</strong></span> <span class='ocrx_word' id='word_1_197' title='bbox 1706 3171 1823 3236; x_wconf 82' lang='lat' dir='ltr'><strong>per</strong></span> <span class='ocrx_word' id='word_1_198' title='bbox 1852 3173 2013 3240; x_wconf 82' lang='lat' dir='ltr'><strong>quos</strong></span> <span class='ocrx_word' id='word_1_199' title='bbox 2042 3151 2453 3216; x_wconf 82' lang='lat' dir='ltr'><strong>hesitabatur.</strong></span> <span class='ocrx_word' id='word_1_200' title='bbox 2546 3151 2885 3218; x_wconf 84' lang='lat' dir='ltr'><strong>Dixerunt</strong></span> 
     </span>
     <span class='ocr_line' id='line_1_26' title="bbox 569 3237 2891 3324; baseline 0 -21"><span class='ocrx_word' id='word_1_201' title='bbox 569 3239 911 3305; x_wconf 82' lang='lat' dir='ltr'><strong>soeculares</strong></span> <span class='ocrx_word' id='word_1_202' title='bbox 957 3239 1310 3304; x_wconf 83' lang='lat' dir='ltr'><strong>servientes</strong></span> <span class='ocrx_word' id='word_1_203' title='bbox 1353 3261 1420 3302; x_wconf 90' lang='lat' dir='ltr'><strong>se</strong></span> <span class='ocrx_word' id='word_1_204' title='bbox 1451 3238 1535 3303; x_wconf 81' lang='lat' dir='ltr'><strong>ad</strong></span> <span class='ocrx_word' id='word_1_205' title='bbox 1563 3237 1687 3302; x_wconf 87' lang='lat' dir='ltr'><strong>hoc</strong></span> <span class='ocrx_word' id='word_1_206' title='bbox 1719 3253 1997 3324; x_wconf 72' lang='lat' dir='ltr'><strong>paratos.</strong></span> <span class='ocrx_word' id='word_1_207' title='bbox 2088 3238 2221 3304; x_wconf 85' lang='lat' dir='ltr'><strong>Sed</strong></span> <span class='ocrx_word' id='word_1_208' title='bbox 2250 3239 2567 3322; x_wconf 73' lang='lat' dir='ltr'><strong>rogabant</strong></span> <span class='ocrx_word' id='word_1_209' title='bbox 2592 3261 2891 3304; x_wconf 81' lang='lat' dir='ltr'><strong>conven-</strong></span> 
     </span>
     <span class='ocr_line' id='line_1_27' title="bbox 574 3324 2886 3412; baseline 0 -21"><span class='ocrx_word' id='word_1_210' title='bbox 574 3343 714 3392; x_wconf 88' lang='lat' dir='ltr'><strong>tum</strong></span> <span class='ocrx_word' id='word_1_211' title='bbox 773 3325 1130 3403; x_wconf 86' lang='lat' dir='ltr'><strong>advertere,</strong></span> <span class='ocrx_word' id='word_1_212' title='bbox 1160 3325 1338 3411; x_wconf 89' lang='lat' dir='ltr'><strong>quod</strong></span> <span class='ocrx_word' id='word_1_213' title='bbox 1389 3325 1442 3387; x_wconf 91' lang='lat' dir='ltr'><strong>si</strong></span> <span class='ocrx_word' id='word_1_214' title='bbox 1493 3324 1621 3392; x_wconf 87' lang='lat' dir='ltr'><strong>hoc</strong></span> <span class='ocrx_word' id='word_1_215' title='bbox 1666 3325 1977 3403; x_wconf 83' lang='lat' dir='ltr'><strong>facerent,</strong></span> <span class='ocrx_word' id='word_1_216' title='bbox 2030 3324 2301 3411; x_wconf 83' lang='lat' dir='ltr'><strong>patriam</strong></span> <span class='ocrx_word' id='word_1_217' title='bbox 2354 3347 2473 3390; x_wconf 78' lang='lat' dir='ltr'><strong>eos</strong></span> <span class='ocrx_word' id='word_1_218' title='bbox 2508 3325 2886 3412; x_wconf 82' lang='lat' dir='ltr'><strong>relinquere</strong></span> 
     </span>
     <span class='ocr_line' id='line_1_28' title="bbox 577 3410 2885 3498; baseline 0 -22"><span class='ocrx_word' id='word_1_219' title='bbox 577 3424 935 3498; x_wconf 82' lang='lat' dir='ltr'><strong>oporteret3</strong></span> <span class='ocrx_word' id='word_1_220' title='bbox 989 3411 1344 3496; x_wconf 87' lang='lat' dir='ltr'><strong>Episcopus</strong></span> <span class='ocrx_word' id='word_1_221' title='bbox 1391 3411 1563 3476; x_wconf 90' lang='lat' dir='ltr'><strong>enim</strong></span> <span class='ocrx_word' id='word_1_222' title='bbox 1610 3434 1721 3476; x_wconf 91' lang='lat' dir='ltr'><strong>eos</strong></span> <span class='ocrx_word' id='word_1_223' title='bbox 1766 3412 2211 3490; x_wconf 84' lang='lat' dir='ltr'><strong>incarcararet,</strong></span> <span class='ocrx_word' id='word_1_224' title='bbox 2246 3411 2300 3479; x_wconf 83' lang='lat' dir='ltr'><strong>s&#39;i</strong></span> <span class='ocrx_word' id='word_1_225' title='bbox 2322 3410 2395 3475; x_wconf 75' lang='lat' dir='ltr'><strong>-in</strong></span> <span class='ocrx_word' id='word_1_226' title='bbox 2418 3411 2639 3496; x_wconf 73' lang='lat' dir='ltr'><strong>patria</strong></span> <span class='ocrx_word' id='word_1_227' title='bbox 2666 3433 2885 3486; x_wconf 74' lang='lat' dir='ltr'><strong>rema-</strong></span> 
     </span>
     <span class='ocr_line' id='line_1_29' title="bbox 572 3497 2887 3584; baseline 0.001 -21"><span class='ocrx_word' id='word_1_228' title='bbox 572 3510 827 3576; x_wconf 83' lang='lat' dir='ltr'><strong>nerent,</strong></span> <span class='ocrx_word' id='word_1_229' title='bbox 876 3513 944 3562; x_wconf 90' lang='lat' dir='ltr'><strong>et</strong></span> <span class='ocrx_word' id='word_1_230' title='bbox 986 3497 1068 3561; x_wconf 89' lang='lat' dir='ltr'><strong>de</strong></span> <span class='ocrx_word' id='word_1_231' title='bbox 1108 3497 1202 3561; x_wconf 85' lang='lat' dir='ltr'><strong>eis</strong></span> <span class='ocrx_word' id='word_1_232' title='bbox 1244 3497 1489 3562; x_wconf 85' lang='lat' dir='ltr'><strong>faceret</strong></span> <span class='ocrx_word' id='word_1_233' title='bbox 1530 3498 1705 3584; x_wconf 90' lang='lat' dir='ltr'><strong>quod</strong></span> <span class='ocrx_word' id='word_1_234' title='bbox 1734 3499 2042 3583; x_wconf 86' lang='lat' dir='ltr'><strong>placeret.</strong></span> <span class='ocrx_word' id='word_1_235' title='bbox 2140 3498 2649 3584; x_wconf 81' lang='lat' dir='ltr'><strong>Relinquebatur</strong></span> <span class='ocrx_word' id='word_1_236' title='bbox 2676 3498 2887 3583; x_wconf 84' lang='lat' dir='ltr'><strong>igitur</strong></span> 
     </span>
     <span class='ocr_line' id='line_1_30' title="bbox 571 3583 2884 3672; baseline 0.002 -24"><span class='ocrx_word' id='word_1_237' title='bbox 571 3585 748 3672; x_wconf 91' lang='lat' dir='ltr'><strong>quod</strong></span> <span class='ocrx_word' id='word_1_238' title='bbox 801 3595 1014 3649; x_wconf 87' lang='lat' dir='ltr'><strong>essent</strong></span> <span class='ocrx_word' id='word_1_239' title='bbox 1043 3605 1160 3668; x_wconf 86' lang='lat' dir='ltr'><strong>per</strong></span> <span class='ocrx_word' id='word_1_240' title='bbox 1209 3583 1555 3648; x_wconf 83' lang='lat' dir='ltr'><strong>monachos</strong></span> <span class='ocrx_word' id='word_1_241' title='bbox 1601 3584 1986 3669; x_wconf 85' lang='lat' dir='ltr'><strong>expellendi,</strong></span> <span class='ocrx_word' id='word_1_242' title='bbox 2046 3583 2280 3671; x_wconf 88' lang='lat' dir='ltr'><strong>quibus</strong></span> <span class='ocrx_word' id='word_1_243' title='bbox 2340 3586 2551 3650; x_wconf 84' lang='lat' dir='ltr'><strong>minus</strong></span> <span class='ocrx_word' id='word_1_244' title='bbox 2612 3607 2884 3652; x_wconf 71' lang='lat' dir='ltr'><strong>necesse</strong></span> 
     </span>
     <span class='ocr_line' id='line_1_31' title="bbox 572 3669 2885 3759; baseline 0.001 -23"><span class='ocrx_word' id='word_1_245' title='bbox 572 3684 850 3756; x_wconf 87' lang='lat' dir='ltr'><strong>poterat.</strong></span> <span class='ocrx_word' id='word_1_246' title='bbox 953 3671 1079 3735; x_wconf 90' lang='lat' dir='ltr'><strong>Sed</strong></span> <span class='ocrx_word' id='word_1_247' title='bbox 1128 3669 1324 3734; x_wconf 79' lang='lat' dir='ltr'><strong>etiam</strong></span> <span class='ocrx_word' id='word_1_248' title='bbox 1367 3671 1785 3737; x_wconf 80' lang='lat' dir='ltr'><strong>haesitabatur</strong></span> <span class='ocrx_word' id='word_1_249' title='bbox 1812 3671 1897 3735; x_wconf 89' lang='lat' dir='ltr'><strong>de</strong></span> <span class='ocrx_word' id='word_1_250' title='bbox 1928 3670 2251 3734; x_wconf 87' lang='lat' dir='ltr'><strong>monachis</strong></span> <span class='ocrx_word' id='word_1_251' title='bbox 2280 3693 2397 3755; x_wconf 88' lang='lat' dir='ltr'><strong>per</strong></span> <span class='ocrx_word' id='word_1_252' title='bbox 2424 3695 2586 3759; x_wconf 91' lang='lat' dir='ltr'><strong>quos</strong></span> <span class='ocrx_word' id='word_1_253' title='bbox 2614 3695 2726 3736; x_wconf 90' lang='lat' dir='ltr'><strong>eos</strong></span> <span class='ocrx_word' id='word_1_254' title='bbox 2756 3695 2885 3738; x_wconf 86' lang='lat' dir='ltr'><strong>ex-</strong></span> 
     </span>
     <span class='ocr_line' id='line_1_32' title="bbox 573 3756 2883 3843; baseline 0.001 -21"><span class='ocrx_word' id='word_1_255' title='bbox 573 3758 827 3843; x_wconf 87' lang='lat' dir='ltr'><strong>pediret</strong></span> <span class='ocrx_word' id='word_1_256' title='bbox 871 3756 1149 3842; x_wconf 87' lang='lat' dir='ltr'><strong>expelli;</strong></span> <span class='ocrx_word' id='word_1_257' title='bbox 1195 3768 1265 3822; x_wconf 86' lang='lat' dir='ltr'><strong>et</strong></span> <span class='ocrx_word' id='word_1_258' title='bbox 1309 3779 1442 3822; x_wconf 88' lang='lat' dir='ltr'><strong>non</strong></span> <span class='ocrx_word' id='word_1_259' title='bbox 1487 3757 1871 3822; x_wconf 86' lang='lat' dir='ltr'><strong>habentibus</strong></span> <span class='ocrx_word' id='word_1_260' title='bbox 1915 3757 2317 3823; x_wconf 84' lang='lat' dir='ltr'><strong>defensorem</strong></span> <span class='ocrx_word' id='word_1_261' title='bbox 2353 3757 2720 3841; x_wconf 88' lang='lat' dir='ltr'><strong>juvenibus,</strong></span> <span class='ocrx_word' id='word_1_262' title='bbox 2770 3781 2883 3824; x_wconf 83' lang='lat' dir='ltr'><strong>ar·-</strong></span> 
     </span>
     <span class='ocr_line' id='line_1_33' title="bbox 574 3843 2883 3931; baseline 0.002 -23"><span class='ocrx_word' id='word_1_263' title='bbox 574 3847 892 3929; x_wconf 88' lang='lat' dir='ltr'><strong>guebatur</strong></span> <span class='ocrx_word' id='word_1_264' title='bbox 941 3843 1119 3931; x_wconf 90' lang='lat' dir='ltr'><strong>quod</strong></span> <span class='ocrx_word' id='word_1_265' title='bbox 1167 3865 1283 3929; x_wconf 90' lang='lat' dir='ltr'><strong>per</strong></span> <span class='ocrx_word' id='word_1_266' title='bbox 1335 3867 1489 3919; x_wconf 87' lang='lat' dir='ltr'><strong>eos3</strong></span> <span class='ocrx_word' id='word_1_267' title='bbox 1536 3843 1631 3908; x_wconf 78' lang='lat' dir='ltr'><strong>illi</strong></span> <span class='ocrx_word' id='word_1_268' title='bbox 1682 3844 1852 3910; x_wconf 88' lang='lat' dir='ltr'><strong>enim</strong></span> <span class='ocrx_word' id='word_1_269' title='bbox 1902 3844 2193 3908; x_wconf 89' lang='lat' dir='ltr'><strong>nondum</strong></span> <span class='ocrx_word' id='word_1_270' title='bbox 2240 3857 2425 3908; x_wconf 84' lang='lat' dir='ltr'><strong>erant</strong></span> <span class='ocrx_word' id='word_1_271' title='bbox 2470 3843 2770 3925; x_wconf 87' lang='lat' dir='ltr'><strong>ordinati,</strong></span> <span class='ocrx_word' id='word_1_272' title='bbox 2804 3860 2883 3912; x_wconf 88' lang='lat' dir='ltr'><strong>et</strong></span> 
     </span>
     <span class='ocr_line' id='line_1_34' title="bbox 564 3928 2879 4015; baseline -0.001 -16"><span class='ocrx_word' id='word_1_273' title='bbox 564 3933 720 4000; x_wconf 83' lang='lat' dir='ltr'><strong>ideo</strong></span> <span class='ocrx_word' id='word_1_274' title='bbox 750 3931 976 3996; x_wconf 90' lang='lat' dir='ltr'><strong>melius</strong></span> <span class='ocrx_word' id='word_1_275' title='bbox 1005 3943 1267 4015; x_wconf 87' lang='lat' dir='ltr'><strong>possent</strong></span> <span class='ocrx_word' id='word_1_276' title='bbox 1296 3930 1383 3995; x_wconf 92' lang='lat' dir='ltr'><strong>illi</strong></span> <span class='ocrx_word' id='word_1_277' title='bbox 1408 3928 2094 3998; x_wconf 86' lang='lat' dir='ltr'><strong>excommunicationis</strong></span> <span class='ocrx_word' id='word_1_278' title='bbox 2116 3930 2503 3996; x_wconf 85' lang='lat' dir='ltr'><strong>sententiam</strong></span> <span class='ocrx_word' id='word_1_279' title='bbox 2532 3931 2879 4010; x_wconf 85' lang='lat' dir='ltr'><strong>sustinere,</strong></span> 
     </span>
     <span class='ocr_line' id='line_1_35' title="bbox 569 4016 2880 4116; baseline 0 -32"><span class='ocrx_word' id='word_1_280' title='bbox 569 4019 961 4104; x_wconf 85' lang='lat' dir='ltr'><strong>expellendo</strong></span> <span class='ocrx_word' id='word_1_281' title='bbox 991 4041 1122 4096; x_wconf 89' lang='lat' dir='ltr'><strong>eos,</strong></span> <span class='ocrx_word' id='word_1_282' title='bbox 1157 4039 1349 4104; x_wconf 87' lang='lat' dir='ltr'><strong>quam</strong></span> <span class='ocrx_word' id='word_1_283' title='bbox 1393 4016 1694 4083; x_wconf 85' lang='lat' dir='ltr'><strong>monachi</strong></span> <span class='ocrx_word' id='word_1_284' title='bbox 1738 4016 2125 4094; x_wconf 82' lang='lat' dir='ltr'><strong>sacerdotes,</strong></span> <span class='ocrx_word' id='word_1_285' title='bbox 2158 4016 2269 4116; x_wconf 85' lang='lat' dir='ltr'><strong>qui</strong></span> <span class='ocrx_word' id='word_1_286' title='bbox 2300 4016 2623 4082; x_wconf 88' lang='lat' dir='ltr'><strong>habebant</strong></span> <span class='ocrx_word' id='word_1_287' title='bbox 2652 4017 2880 4084; x_wconf 85' lang='lat' dir='ltr'><strong>missas</strong></span> 
     </span>
     <span class='ocr_line' id='line_1_36' title="bbox 566 4102 2881 4189; baseline 0 -19"><span class='ocrx_word' id='word_1_288' title='bbox 566 4106 806 4173; x_wconf 88' lang='lat' dir='ltr'><strong>cotidie</strong></span> <span class='ocrx_word' id='word_1_289' title='bbox 841 4105 1192 4170; x_wconf 69' lang='lat' dir='ltr'><strong>celebrare.</strong></span> <span class='ocrx_word' id='word_1_290' title='bbox 1287 4104 1439 4169; x_wconf 91' lang='lat' dir='ltr'><strong>Fuit</strong></span> <span class='ocrx_word' id='word_1_291' title='bbox 1489 4104 1632 4168; x_wconf 85' lang='lat' dir='ltr'><strong>haec</strong></span> <span class='ocrx_word' id='word_1_292' title='bbox 1677 4102 1997 4169; x_wconf 80' lang='lat' dir='ltr'><strong>sententia</strong></span> <span class='ocrx_word' id='word_1_293' title='bbox 2024 4125 2205 4189; x_wconf 78' lang='lat' dir='ltr'><strong>quasi</strong></span> <span class='ocrx_word' id='word_1_294' title='bbox 2236 4104 2541 4181; x_wconf 89' lang='lat' dir='ltr'><strong>omnium,</strong></span> <span class='ocrx_word' id='word_1_295' title='bbox 2577 4104 2691 4168; x_wconf 90' lang='lat' dir='ltr'><strong>sed</strong></span> <span class='ocrx_word' id='word_1_296' title='bbox 2721 4126 2881 4170; x_wconf 90' lang='lat' dir='ltr'><strong>cum</strong></span> 
     </span>
     <span class='ocr_line' id='line_1_37' title="bbox 559 4188 2877 4275; baseline -0.001 -19"><span class='ocrx_word' id='word_1_297' title='bbox 559 4193 736 4256; x_wconf 83' lang='lat' dir='ltr'><strong>irent</strong></span> <span class='ocrx_word' id='word_1_298' title='bbox 776 4193 1052 4275; x_wconf 85' lang='lat' dir='ltr'><strong>juvenes</strong></span> <span class='ocrx_word' id='word_1_299' title='bbox 1101 4212 1314 4256; x_wconf 87' lang='lat' dir='ltr'><strong>versus</strong></span> <span class='ocrx_word' id='word_1_300' title='bbox 1345 4191 1557 4255; x_wconf 82' lang='lat' dir='ltr'><strong>aulam</strong></span> <span class='ocrx_word' id='word_1_301' title='bbox 1614 4188 1698 4254; x_wconf 88' lang='lat' dir='ltr'><strong>ad</strong></span> <span class='ocrx_word' id='word_1_302' title='bbox 1742 4189 2213 4255; x_wconf 84' lang='lat' dir='ltr'><strong>extrahendum</strong></span> <span class='ocrx_word' id='word_1_303' title='bbox 2266 4211 2399 4265; x_wconf 77' lang='lat' dir='ltr'><strong>e05,</strong></span> <span class='ocrx_word' id='word_1_304' title='bbox 2454 4190 2877 4274; x_wconf 86' lang='lat' dir='ltr'><strong>praecedente</strong></span> 
     </span>
     <span class='ocr_line' id='line_1_38' title="bbox 553 4276 2880 4364; baseline -0 -22"><span class='ocrx_word' id='word_1_305' title='bbox 553 4301 676 4342; x_wconf 77' lang='lat' dir='ltr'><strong>eos</strong></span> <span class='ocrx_word' id='word_1_306' title='bbox 723 4278 998 4364; x_wconf 85' lang='lat' dir='ltr'><strong>quodam</strong></span> <span class='ocrx_word' id='word_1_307' title='bbox 1047 4277 1296 4342; x_wconf 82' lang='lat' dir='ltr'><strong>seniore</strong></span> <span class='ocrx_word' id='word_1_308' title='bbox 1341 4277 1548 4340; x_wconf 89' lang='lat' dir='ltr'><strong>zelum</strong></span> <span class='ocrx_word' id='word_1_309' title='bbox 1594 4276 1895 4355; x_wconf 87' lang='lat' dir='ltr'><strong>habente,</strong></span> <span class='ocrx_word' id='word_1_310' title='bbox 1949 4277 2065 4340; x_wconf 88' lang='lat' dir='ltr'><strong>sed</strong></span> <span class='ocrx_word' id='word_1_311' title='bbox 2112 4297 2239 4339; x_wconf 87' lang='lat' dir='ltr'><strong>non</strong></span> <span class='ocrx_word' id='word_1_312' title='bbox 2285 4276 2637 4340; x_wconf 90' lang='lat' dir='ltr'><strong>secundum</strong></span> <span class='ocrx_word' id='word_1_313' title='bbox 2664 4276 2880 4342; x_wconf 88' lang='lat' dir='ltr'><strong>scien-</strong></span> 
     </span>
     <span class='ocr_line' id='line_1_39' title="bbox 563 4361 2877 4449; baseline -0.001 -19"><span class='ocrx_word' id='word_1_314' title='bbox 563 4365 738 4442; x_wconf 81' lang='lat' dir='ltr'><strong>tiam,</strong></span> <span class='ocrx_word' id='word_1_315' title='bbox 799 4364 1124 4429; x_wconf 87' lang='lat' dir='ltr'><strong>revocavit</strong></span> <span class='ocrx_word' id='word_1_316' title='bbox 1183 4387 1296 4429; x_wconf 88' lang='lat' dir='ltr'><strong>eos</strong></span> <span class='ocrx_word' id='word_1_317' title='bbox 1358 4365 1676 4449; x_wconf 85' lang='lat' dir='ltr'><strong>supprior,</strong></span> <span class='ocrx_word' id='word_1_318' title='bbox 1746 4363 2062 4427; x_wconf 87' lang='lat' dir='ltr'><strong>Ricardus</strong></span> <span class='ocrx_word' id='word_1_319' title='bbox 2123 4361 2207 4426; x_wconf 89' lang='lat' dir='ltr'><strong>de</strong></span> <span class='ocrx_word' id='word_1_320' title='bbox 2268 4362 2576 4447; x_wconf 82' lang='lat' dir='ltr'><strong>Aslakby‚</strong></span> <span class='ocrx_word' id='word_1_321' title='bbox 2632 4363 2877 4428; x_wconf 85' lang='lat' dir='ltr'><strong>saniori</strong></span> 
     </span>
     <span class='ocr_line' id='line_1_40' title="bbox 561 4449 2875 4534; baseline -0.001 -17"><span class='ocrx_word' id='word_1_322' title='bbox 561 4453 798 4518; x_wconf 74' lang='lat' dir='ltr'><strong>duetus</strong></span> <span class='ocrx_word' id='word_1_323' title='bbox 829 4451 1116 4529; x_wconf 86' lang='lat' dir='ltr'><strong>consilio,</strong></span> <span class='ocrx_word' id='word_1_324' title='bbox 1173 4451 1410 4528; x_wconf 71' lang='lat' dir='ltr'><strong>dicem,</strong></span> <span class='ocrx_word' id='word_1_325' title='bbox 1467 4460 1513 4492; x_wconf 77' lang='lat'><strong>‘⁶</strong></span> <span class='ocrx_word' id='word_1_326' title='bbox 1540 4452 1613 4515; x_wconf 90' lang='lat' dir='ltr'><strong>Si</strong></span> <span class='ocrx_word' id='word_1_327' title='bbox 1660 4463 1948 4522; x_wconf 84' lang='lat' dir='ltr'><strong>mortuus</strong></span> <span class='ocrx_word' id='word_1_328' title='bbox 1970 4461 2089 4528; x_wconf 89' lang='lat' dir='ltr'><strong>est,</strong></span> <span class='ocrx_word' id='word_1_329' title='bbox 2140 4470 2273 4514; x_wconf 87' lang='lat' dir='ltr'><strong>non</strong></span> <span class='ocrx_word' id='word_1_330' title='bbox 2306 4449 2575 4534; x_wconf 84' lang='lat' dir='ltr'><strong>expedit</strong></span> <span class='ocrx_word' id='word_1_331' title='bbox 2606 4471 2721 4514; x_wconf 89' lang='lat' dir='ltr'><strong>eos</strong></span> <span class='ocrx_word' id='word_1_332' title='bbox 2752 4473 2875 4514; x_wconf 85' lang='lat' dir='ltr'><strong>ex-</strong></span> 
     </span>
    </p>
   </div>
  </div>
 </body>
</html>
