3000 5117
539 444 653 519 xvi
974 466 1178 521 ms‘r.
1218 464 1575 523 DUNELM.
1617 466 2082 524 scnerom-:s
2119 467 2334 521 rats.

716 630 984 717 Signum
1026 630 1341 697 Willielmi
1372 634 1443 701 ψ
1472 629 1876 701 Cancellarii.

715 718 986 803 Signum
1018 718 1332 785 Rodberti
1363 723 1431 783 -l-
1465 717 1738 785 Comitis
1770 716 2250 787 Norhumbriae.

712 808 985 891 Signum
1014 812 1081 866 -l·
1116 806 1359 895 Rogeri
1395 803 1475 869 Bi
1521 805 1628 869 od.

715 894 983 978 Signum
1021 892 1340 957 Rodberti
1370 898 1435 956 4-
1513 914 1550 956 e
1586 892 1820 959 Monte
1857 894 2060 963 Forti.

712 980 985 1064 Signum
1028 978 1359 1045 Willielmi
1395 977 1664 1044 Peverel
1695 988 1782 1048 -Ρ,

706 1068 973 1152 Signum
1009 1066 1311 1131 Mauricii
1341 1074 1406 1127 -l-
1440 1066 1792 1150 Capellani.

704 1162 771 1213 4
810 1148 1081 1242 Sign'um
1118 1153 1439 1218 willielmi
1470 1151 1834 1238 Kapellani.

706 1241 975 1327 Signum
1013 1242 1245 1307 Ursan’
1276 1240 1361 1305 de
1399 1241 1684 1309 Abetou.

697 1610 814 1657 vn.
864 1610 1085 1657 cAR'rA
1132 1610 1335 1655 REGIS
1382 1610 1761 1657 wlLLmLMI
1799 1610 1924 1662 QUI
1955 1612 2363 1659 connubia?
2395 1611 2614 1659 mmm

757 1700 967 1745 'raus
999 1698 1211 1744 nome
1240 1698 1619 1743 CONCESSAS
1653 1698 1866 1745 CAUSA
1897 1698 2575 1751 Ancmmacomt‘roe.

1406 1814 1577 1880 [cart.
1599 1817 1647 1868 1.
1687 1816 1724 1868 ε
1749 1820 1816 1869 46
1841 1813 1917 1883 ιι]

606 1943 689 2006 In
736 1937 992 2004 nomine
1048 1934 1281 2013 Patris,
1336 1948 1405 2000 et
1456 1935 1621 2014 Filii,
1655 1948 1723 2000 et
1757 1934 2030 2021 Spiritus
2063 1936 2306 2016 Sancti,
2345 1938 2575 2004 Amen.
2672 1938 2828 2027 Ego

522 2026 963 2104 Gwillielmus,
1002 2024 1130 2089 Dei
1159 2024 1376 2124 gracia
1410 2024 1558 2087 Rex
1596 2022 1972 2108 Auglorum,
1998 2023 2385 2089 hereditario
2403 2026 2556 2109 jure
2579 2026 2819 2108 factus,

514 2116 935 2202 praesentibus
987 2111 1497 2196 Archiepiscopis
1541 2124 1610 2175 et
1640 2111 1934 2175 omnibus
1967 2110 2308 2197 Episcopis
2333 2126 2401 2179 et
2429 2113 2821 2181 Justiciariis

512 2202 694 2281 meis,
758 2224 844 2266 ex
904 2211 1231 2285 praecepto
1280 2197 1527 2262 domini
1587 2197 1786 2283 Papae
1839 2198 2146 2283 Gregorii
2197 2219 2316 2276 vu,
2370 2211 2436 2264 et
2490 2201 2820 2285 peticione

522 2288 889 2356 Gwillielmi
925 2285 1376 2351 Dunelmensis
1411 2283 1736 2371 Episcopi,
1776 2285 2107 2349 Aldunum
2143 2285 2454 2365 Priorem,
2489 2302 2554 2352 et
2585 2311 2820 2355 omnes

512 2398 908 2443 successores
954 2374 1111 2459 ejus,
1160 2385 1229 2437 et
1272 2394 1490 2437 omnes
1535 2372 1884 2437 monachos
1930 2372 1996 2435 in
2041 2371 2312 2437 ecclesia
2347 2373 2568 2439 Sancti
2601 2376 2822 2443 Cuth-

510 2464 678 2531 berti
728 2464 793 2528 in
839 2477 1163 2549 posterum
1216 2460 1585 2537 servituros,
1634 2481 1782 2524 cum
1835 2458 2148 2537 omuibus,
2197 2481 2602 2549 quaecunque
2631 2462 2818 2531 idem

512 2551 957 2628 Gwillielmus,
1014 2570 1127 2613 seu
1174 2570 1570 2613 successores
1619 2551 1778 2635 ejus,
1825 2547 1930 2611 vel
1973 2547 2248 2634 quilibet
2291 2548 2398 2612 alii
2445 2550 2670 2615 fideles
2717 2553 2814 2618 eis

508 2662 549 2705 a
592 2639 789 2704 modo
818 2636 1134 2713 dederint,
1162 2635 1226 2699 in
1255 2658 1401 2699 mea
1428 2634 1754 2699 dominica
1783 2656 1994 2711 manu,
2027 2635 2458 2719 proteccione,
2491 2650 2562 2701 et
2591 2652 2818 2705 custo-

504 2726 633 2804 dia,
683 2738 751 2791 et
816 2723 1131 2789 heredum
1192 2744 1507 2800 meorum,
1561 2724 1629 2785 in
1696 2735 2082 2807 perpetuum
2139 2722 2415 2809 suscepi.
2535 2724 2817 2812 Insuper

504 2812 788 2880 concessi
833 2812 922 2877 eis
966 2810 1439 2897 inperpetuum,
1487 2822 1557 2875 et
1603 2812 1908 2894 praesenti
1939 2823 2117 2874 carta
2145 2810 2544 2888 confirmavi,
2577 2835 2811 2879 omnes

502 2901 876 2986 dignitates,
909 2900 1206 2974 honores,
1242 2909 1310 2962 et
1339 2897 1692 2974 libertates,
1725 2918 2140 3048 {uascunque
2171 2897 2341 2961 idem
2379 2896 2811 2967 Gwillielmus

500 2990 568 3055 in
613 2987 885 3054 concilio
930 3008 1079 3051 meo
1124 2983 1242 3047 illis
1288 2983 1645 3059 concessit3
1679 2983 1738 3047 vi
1787 2984 1976 3050 elicet
2005 3000 2076 3048 ut
2106 2984 2190 3049 de
2219 3006 2336 3049 sua
2361 3006 2619 3071 semper
2651 3011 2810 3054 con-

498 3075 883 3163 gregacione
930 3072 1198 3139 liberam
1253 3070 1490 3136 Prioris
1537 3070 1921 3136 electionem
1965 3071 2290 3147 habeant3
2335 3086 2400 3136 et
2431 3073 2542 3159 qui
2573 3096 2808 3141 eorum

498 3165 816 3231 electione
854 3162 1039 3228 Prior
1067 3158 1283 3237 fuerit,
1318 3157 1550 3243 ipsum,
1585 3172 1652 3223 et
1683 3181 1823 3236 eOS,
1859 3172 1928 3223 et
1956 3179 2180 3223 omnes
2211 3158 2530 3237 ecclesias,
2567 3172 2801 3243 terrast,

495 3266 560 3317 et
592 3248 1019 3337 possessiones
1050 3268 1293 3323 eorum,
1327 3246 1394 3309 in
1426 3267 1571 3310 mea
1599 3245 1973 3310 defensione
2001 3245 2288 3331 suscepi3
2318 3263 2408 3325 et,
2441 3250 2806 3317 secundum

495 3340 825 3425 antiquam
868 3332 1401 3400 Lindisfarnensis
1437 3332 1746 3397 Ecclesiae
1775 3332 2179 3417 dignitatem,
2218 3333 2427 3398 Priori
2456 3334 2802 3403 dexteram

496 3424 799 3511 Episcopi
852 3423 969 3499 sui,
1024 3434 1091 3485 et
1139 3418 1415 3505 primum
1464 3420 1680 3485 locum
1731 3433 1798 3485 et
1844 3419 2158 3485 honorem
2205 3423 2273 3484 in
2318 3424 2616 3487 omnibus
2647 3441 2800 3511 post

496 3508 921 3596 Episcopum,
962 3520 1031 3573 et
1077 3508 1139 3570 in
1170 3505 1441 3571 ecclesia
1474 3506 1902 3572 Dunelmensi
1933 3509 2152 3572 sedem
2189 3508 2464 3574 Abbatis
2495 3512 2560 3573 iu
2591 3511 2798 3578 choro

490 3600 768 3675 sinistr0,
795 3609 861 3661 et
893 3593 1109 3659 omnia
1134 3592 1344 3659 officia
1373 3607 1438 3657 et
1459 3594 1613 3678 jura
1645 3594 1917 3660 Abbatis
1947 3618 2140 3682 super
2169 3596 2518 3662 monachos
2549 3611 2618 3664 et
2651 3600 2798 3666 illo-

488 3708 631 3751 rum
686 3682 1137 3772 possessiones,
1188 3680 1447 3745 nomine
1504 3682 1760 3759 Prioris,
1797 3683 2118 3759 concessi3
2159 3705 2236 3748 ac
2265 3706 2462 3769 super
2489 3686 2794 3753 ecclesias

488 3796 735 3850 eorum,
784 3786 849 3837 et
888 3769 1149 3835 clericos
1180 3768 1461 3833 ecclesiis
1491 3769 1950 3849 deservientes,
1983 3792 2140 3857 quas
2167 3793 2288 3857 per
2324 3770 2796 3860 Episcopatum

490 3861 995 3929 Dunelmensem
1026 3858 1461 3943 cujuscunque
1492 3856 1844 3943 largicione
1873 3857 2138 3943 adipisci
2168 3859 2520 3945 potuerint,
2558 3862 2796 3927 Archi-

486 3952 860 4017 diaconatus
914 3946 1196 4010 officium
1248 3945 1341 4007 eis
1388 3943 1806 4021 confirmavi3
1855 3944 2153 4046 quatinus
2201 3945 2472 4011 liberam
2521 3948 2795 4035 disposi-

484 4037 737 4105 cionem
781 4034 1067 4100 omnium
1110 4053 1323 4097 rerum
1369 4054 1628 4097 suarum
1657 4032 1796 4097 sine
1827 4033 2095 4117 alicujus
2125 4034 2478 4099 exaccione
2509 4037 2615 4100 vel
2643 4060 2796 4121 gra-

424 4174 427 4177 -
482 4125 732 4191 vamine
764 4123 827 4185 in
858 4135 1155 4187 eternum
1195 4119 1588 4205 possideant.
1678 4120 2009 4186 Proeterea
2035 4120 2122 4184 do
2152 4134 2219 4185 et
2249 4121 2542 4187 concedo
2573 4124 2792 4190 Priori

482 4226 550 4278 et
594 4208 921 4276 monachis
972 4205 1192 4273 Sancti
1243 4206 1616 4283 Cuthberti,
1665 4207 2032 4295 ubicunque
2075 4207 2290 4296 aliqua
2319 4222 2694 4277 tenementa
2722 4214 2788 4277 in

482 4322 686 4383 regno
738 4318 884 4360 meo
937 4294 1297 4370 habuerint,
1356 4308 1427 4358 nt
1473 4293 1754 4359 habeant
1792 4297 2032 4359 curiam
2065 4318 2268 4373 suam,
2303 4318 2448 4360 cum
2481 4299 2788 4365 omnibus

481 4387 693 4463 rebus,
748 4404 895 4469 quae
941 4384 1023 4446 ad
1070 4384 1314 4447 curiam
1345 4380 1690 4466 pertinent,
1725 4404 1870 4446 cum
1903 4382 2096 4447 sacha
2124 4398 2192 4448 et
2221 4383 2466 4447 sochna
2491 4398 2560 4449 et
2591 4388 2688 4451 tol
2719 4402 2790 4452 et

478 4488 649 4539 team
698 4484 764 4535 et
810 4468 1265 4555 infangenthef
1286 4480 1349 4532 et
1382 4468 1612 4547 wrech,
1647 4484 1713 4534 et
1745 4470 1930 4536 liberi
1959 4470 2086 4535 sint
2121 4473 2357 4559 ubique
2389 4470 2474 4537 de
2507 4472 2785 4541 foresta-
