3000 5117
390 433 573 509 ccliv
878 458 1081 511 msr.
1120 458 1480 509 mmmm.
1517 460 1981 515 scmr‘ronss
2017 464 2230 518 runs.

382 618 505 683 bus
557 617 818 706 quidem
866 622 1051 685 bonis
1102 620 1501 707 supradictis,
1558 623 1852 689 omnibus
1889 639 1957 691 et
1985 626 2269 713 singulis,
2301 629 2392 695 sic
2421 652 2541 717 per
2569 656 2694 701 nos

380 706 677 792 receptis,
727 719 799 770 ut
829 707 1191 793 proefertur,
1242 730 1359 773 nos
1396 708 1583 773 Prior
1611 724 1680 777 et
1715 712 2087 797 Capitulum
2121 718 2412 801 praedicti
2445 742 2696 787 execu-

380 802 557 857 tores
581 794 923 878 praedictos
945 795 1383 883 acquietamus
1407 809 1471 860 et
1498 796 1748 885 quietos
1771 798 2149 865 dimittimus
2168 826 2288 889 per
2305 825 2690 890 praesentes,

382 876 459 941 In
502 880 683 966 cujus
712 882 804 945 rei
836 881 1270 947 testimonium
1298 882 1467 968 parti
1498 883 1688 969 hujus
1718 884 2077 952 indenturae
2102 910 2300 974 penes
2328 894 2690 978 praedictos

377 980 757 1032 executores
800 971 1162 1034 remanenti
1207 992 1327 1034 nos
1364 968 1548 1034 Prior
1577 985 1647 1036 et
1677 972 2047 1058 Capitulum
2080 978 2370 1060 praedicti
2402 980 2690 1065 sigillum

376 1066 662 1118 nostrum
708 1076 1049 1121 commune
1078 1055 1524 1157 apposuimus3
1599 1073 1666 1123 et
1692 1058 1876 1124 alteri
1907 1062 2071 1145 parti
2101 1085 2295 1149 penes
2325 1088 2690 1135 nos-rema·-

372 1142 557 1205 nenti
586 1140 740 1207 dicti
768 1157 1146 1209 executores
1199 1143 1408 1232 sigilla
1449 1165 1567 1209 sua
1593 1163 2050 1232 apposuerunt.
2143 1150 2321 1217 Data
2349 1154 2519 1235 loco,
2553 1156 2688 1236 die,

372 1238 441 1292 et
470 1249 641 1294 anno
670 1229 1073 1316 supradictis,

546 1642 818 1712 ccxxvl.
897 1634 1234 1689 Po'rns‘rAs
1310 1646 1628 1693 COLLATA
1703 1646 1952 1692 Pnlont
2031 1648 2493 1696 DUNRLMENst

542 1730 631 1773 ΕΤ
697 1726 1241 1776 ΒῑῐῦῦΕὸδΟΒῙΒΰδ
1292 1732 1439 1779 SUIS
1511 1735 1600 1779 An
1669 1734 2182 1779 ABsoLvENDUM
2261 1738 2498 1783 OMNES

542 1790 1183 1863 EXCOMMUNICATos
1227 1820 1269 1863 A
1300 1820 1692 1865 SENTENCIA
1739 1817 2497 1869 Excommnmcsclonls

535 1904 1075 1949 SUSPRN'HONUM
1107 1906 1193 1951 ET
1225 1905 1542 1952 Amanum
1575 1907 2050 1953 ansURARUM
2081 1912 2124 1956 A.
2157 1911 2340 1955 Junn
2361 1912 2494 1957 vm,

538 1991 625 2034 AB
662 1990 943 2035 nomm!
977 1991 1404 2043 ILLATARUM.

1212 2133 1383 2197 [cut
1406 2134 1523 2187 111.
1549 2132 1586 2185 t
1613 2136 1710 2186 195
1735 2136 1808 2204 u]

451 2279 779 2365 Eugenius
812 2278 1185 2365 Episcopus,
1216 2298 1435 2341 servus
1464 2298 1792 2342 servorum
1829 2276 1980 2355 Dei,
2013 2277 2252 2343 dilecto
2281 2278 2418 2344 filio
2453 2280 2672 2347 Priori

352 2378 424 2433 et
473 2367 840 2433 Conventni
890 2365 1176 2431 ecclesiae
1238 2364 1718 2439 DunelmensiS,
1769 2364 2008 2428 ordinis
2059 2368 2262 2430 sancti
2321 2366 2672 2435 Benedicti

354 2452 907 2540 impresentiarum
968 2451 1415 2530 existentibus,
1460 2450 1734 2516 salutem
1781 2464 1847 2516 et
1894 2452 2308 2537 apostolicam
2356 2454 2672 2521 benedic-

350 2544 631 2607 cionem.
715 2541 1082 2626 Injunctum
1104 2538 1285 2603 nobis
1310 2537 1592 2624 desuper
1617 2538 1991 2623 apostolicas
2019 2538 2344 2604 servitutis
2375 2540 2668 2607 officium

352 2642 512 2693 tunc
564 2628 831 2693 solerter
877 2640 945 2691 et
997 2625 1335 2691 efficaciter
1384 2626 1829 2710 adimplemus,
1883 2648 2031 2689 cum
2085 2649 2164 2691 ea
2212 2648 2360 2713 quoe
2417 2628 2667 2697 Christi

352 2714 644 2780 fidelium
694 2714 1049 2779 animarum
1096 2711 1369 2778 salutem
1420 2724 1489 2776 et
1537 2712 1818 2796 ipsorum
1865 2712 2398 2779 conscientiarum
2429 2736 2668 2800 pacem

352 2801 719 2889 respiciunt,
766 2822 1218 2886 procuramus;
1278 2799 1560 2865 maxime
1613 2798 1888 2879 illorum,
1923 2800 2031 2901 qui
2081 2801 2202 2865 sub
2247 2802 2670 2871 observantia
2717 2806 2726 2812 “

346 2889 629 2979 regulari
680 2888 1075 2953 famulantur
1122 2885 1491 2961 Altissim03
1539 2896 1613 2949 ut
1655 2885 1744 2951 eis
1775 2901 1844 2951 et
1869 2887 2182 2987 quietudo
2213 2888 2442 2953 mentis
2472 2912 2666 2957 aoce-

346 2976 485 3048 dat,
508 2989 573 3042 et
591 2975 797 3041 omnis
816 2988 930 3041 aut
948 2972 1399 3060 disperacionis
1417 2986 1531 3038 aut
1550 2972 1954 3061 evagacioms
1971 2974 2201 3039 semita
2218 2975 2664 3059 precludatur.

353 3064 530 3129 Hinc
560 3076 659 3129 est
688 3063 863 3151 quod
894 3084 1029 3140 nos,
1062 3060 1285 3125 vestris
1332 3058 1586 3124 devotis
1629 3059 1691 3122 in
1721 3060 1841 3124 hac
1871 3074 2052 3147 parte
2077 3061 2664 3147 supplicacionibua

345 3151 654 3229 inclinati,
710 3150 849 3230 tibi,
905 3148 997 3213 fili
1051 3148 1254 3225 Prior,
1305 3147 1411 3211 vel
1462 3147 1930 3212 successoribus
1967 3149 2110 3226 tuis,
2145 3161 2218 3213 ut
2247 3148 2536 3215 omnium
2587 3169 2668 3221 et

340 3236 744 3327 singulorum
798 3234 1256 3302 monachorum
1284 3247 1350 3299 et
1381 3256 1832 3299 conversorum
1875 3236 2162 3321 ejusdem
2193 3235 2508 3315 ecclesiae,
2542 3240 2662 3325 qui

338 3326 590 3391 dictum
636 3323 923 3387 ordinem
954 3321 1220 3408 professi
1264 3334 1439 3399 sunt,
1472 3334 1540 3387 et
1569 3320 1634 3385 in
1665 3322 1894 3388 eadem
1924 3322 2188 3387 ecclesia
2216 3323 2320 3388 vel
2353 3326 2664 3391 membris

340 3414 485 3499 ejus
552 3409 1097 3495 impresentiarum
1171 3423 1673 3487 commorantur,
1731 3408 2238 3474 confessionibus
2301 3409 2662 3495 diligenter

340 3497 603 3575 auditis,
636 3496 839 3561 eciam
892 3496 957 3559 in
1006 3496 1255 3561 casibus
1306 3509 1574 3580 propter
1619 3518 1766 3582 quae
1818 3495 2019 3560 Sedes
2052 3496 2432 3583 Apostolica
2475 3516 2658 3567 esset

342 3584 577 3651 merito
627 3582 1037 3659 consulenda,
1086 3605 1204 3667 pro
1257 3582 1608 3647 commissis
1649 3588 1766 3668 per
1797 3604 1908 3647 eos
1938 3586 2236 3669 usquein
2266 3600 2654 3669 praesentem

340 3672 517 3737 diem
542 3670 923 3747 excessibus,
944 3670 1333 3748 criminibus,
1355 3686 1423 3734 et
1452 3670 1756 3755 peccatis,
1789 3670 2072 3735 debitam
2097 3670 2248 3756 ipsis
2265 3687 2332 3735 et
2359 3672 2656 3758 ipsorum

340 3759 605 3825 cuilibet
648 3757 1123 3823 absolucionem
1169 3757 1551 3822 auctoritate
1579 3772 1796 3822 nostra
1822 3757 2019 3822 semel
2048 3757 2366 3823 duntaxat
2397 3760 2655 3847 impen-

340 3846 519 3927 dere,
566 3858 633 3912 et
676 3844 1013 3934 injungere
1058 3845 1510 3930 poenitenciam
1539 3844 1900 3922 salutarem,
1935 3866 2188 3910 necnon
2233 3845 2316 3909 ab
2347 3850 2652 3916 omnibus

338 3950 409 4000 et
440 3933 703 4020 singulis
731 3931 1489 4008 excommunicationum,
1522 3930 2033 4017 suspensionum,
2055 3945 2126 3996 et
2155 3932 2478 3997 interdicti
2499 3958 2654 4001 sen-

342 4024 591 4101 tenciiS,
640 4020 942 4098 censuris,
990 4034 1053 4085 et
1098 4018 1325 4105 poeniS,
1360 4041 1399 4083 a
1434 4018 1585 4103 jure
1628 4018 1733 4082 vel
1762 4019 1846 4083 ab
1877 4019 2154 4096 homine,
2189 4018 2414 4105 quavis
2457 4044 2652 4089 occa-

332 4111 517 4175 sione
562 4108 665 4173 vel
709 4130 900 4173 causa
942 4107 1143 4171 eciam
1186 4104 1544 4193 apostolica
1586 4105 1970 4171 auctoritate
1999 4105 2168 4184 latis,
2198 4106 2428 4192 quibus
2457 4108 2654 4175 forsi-

340 4210 450 4263 tan
498 4195 615 4282 ipsi
660 4194 937 4281 religiosi
988 4193 1225 4258 fuerint
1256 4193 1506 4269 irretiti,
1538 4192 1768 4257 eadem
1799 4192 2182 4257 auctoritate
2209 4193 2502 4260 similiter
2529 4198 2652 4262 ab-

332 4283 617 4360 solvere,·
638 4303 712 4346 ac
764 4304 909 4347 cum
962 4284 1052 4347 eis
1104 4296 1171 4346 et
1220 4280 1501 4366 ipsorum
1563 4280 1853 4368 quolibet
1901 4302 2098 4366 super
2148 4278 2648 4365 irregularitate,

334 4370 521 4457 siqui
550 4368 916 4455 hujusmodi
949 4368 1305 4445 sententiiS,
1326 4367 1630 4445 censuris,
1657 4367 1754 4431 vel
1785 4389 2006 4432 earum
2025 4366 2243 4454 aliqua
2266 4367 2470 4453 ligati,
2497 4373 2652 4435 mis-

334 4481 433 4526 sas
456 4470 522 4523 et
550 4456 675 4523 alia
698 4455 916 4521 divina
946 4456 1153 4521 officia
1174 4454 1584 4536 celebrande,
1610 4468 1724 4519 aut
1743 4454 2140 4521 inmiscendo
2163 4478 2233 4521 se
2253 4456 2316 4519 in
2343 4456 2488 4535 illis,
2518 4478 2648 4521 non
