3000 5117
498 460 599 536 90
968 467 1180 550 Hls'rq·
1200 468 1553 524 numum.
1594 471 2049 526 scmr'romzs
2084 471 2291 526 TRE'S.

399 653 440 748 [
495 637 678 704 istam
725 655 1006 714 causam,
1047 633 1284 700 mortui
1329 647 1502 712 sunt,
1532 645 1773 720 praeter
1810 633 2075 701 clericos
2122 635 2438 701 seculares
2478 647 2546 701 et
2576 635 2805 716 laicos,

493 737 770 813 quatuor
799 721 1094 788 monachi
1123 735 1190 788 et
1223 721 1410 787 Prior
1433 723 1717 822 quintuS,
1744 743 1827 787 ex
1849 721 2215 787 animorum
2240 723 2573 788 divisione.
2622 725 2803 789 Nam

493 825 639 878 orta
683 809 1082 876 dissensione
1135 809 1298 874 inter
1347 808 1743 894 Episcopum
1788 819 1854 872 et
1904 807 2219 888 Priorem,
2254 809 2515 910 quidam
2561 811 2804 876 fratres

492 898 898 964 adherebant
941 897 1076 973 uni,
1107 895 1367 982 quidam
1419 895 1625 974 alteri,
1660 907 1729 960 et
1773 907 1919 960 orta
1958 907 2056 959 est
2086 895 2254 960 inter
2281 896 2427 962 illos
2456 909 2640 964 tanta
2669 897 2811 962 dis-

493 986 728 1062 sensio,
759 983 960 1072 qnod,
991 981 1146 1068 ipsis
1173 980 1554 1059 viventibus,
1582 982 1946 1047 nullatenus
1984 995 2082 1046 est
2111 983 2358 1047 sedata.
2450 983 2537 1049 Et
2568 985 2803 1063 terci0,

493 1095 578 1138 cx
599 1069 909 1156 regularis
939 1067 1366 1134 observantiae
1395 1067 1789 1136 remissione.
1848 1068 2020 1132 Nam
2049 1068 2352 1135 inchoata
2374 1070 2577 1155 briga,
2610 1093 2809 1156 supe·

491 1159 770 1226 rioribus
815 1155 1020 1244 magis
1047 1155 1221 1220 circa
1246 1177 1469 1220 causas
1543 1177 1693 1220 uam
1724 1155 1895 1219 circa
1925 1155 2183 1220 claustri
2213 1157 2573 1222 custodiam
2604 1179 2809 1222 occu·

489 1247 678 1332 patis,
699 1244 944 1310 fiebant
965 1241 1348 1308 adulterinae
1369 1262 1490 1308 con
1520 1241 1949 1320 abulacioneS,
1970 1243 2349 1327 vagaciones
2380 1243 2799 1323 inordinatae,

491 1345 562 1398 et
590 1330 1055 1398 dissoluciones
1087 1353 1106 1406 ;
1152 1342 1221 1394 et
1251 1329 1509 1394 liberius
1548 1329 1957 1414 peccabatur,
1992 1351 2071 1394 eo
2103 1331 2278 1431 quod
2309 1352 2439 1395 non
2470 1347 2638 1396 esset
2682 1331 2804 1418 qui

491 1418 713 1484 debite
754 1428 1096 1502 peccantes
1141 1427 1474 1501 argueret3
1524 1416 1647 1494 vel,
1698 1415 1877 1504 quod
1928 1437 2312 1502 superiores,
2347 1417 2485 1482 aliis
2534 1417 2796 1496 intenti,

491 1506 602 1593 qui
651 1503 1114 1591 delinquerent,
1167 1503 1574 1588 ignorabant,
1631 1503 1754 1581 vel,
1788 1517 2229 1587 agnoscentes,
2262 1504 2754 1570 dissimulabant
2774 1527 2801 1580 3

492 1614 576 1658 ne
602 1603 944 1678 peccantes
973 1591 1338 1674 exasperati
1369 1590 1773 1674 insurgerent
1795 1603 2022 1654 contra
2051 1593 2214 1669 eos]
2288 1592 2490 1656 Anno
2521 1590 2801 1656 Domini

491 1697 832 1756 neccwrl,
859 1678 926 1741 in
955 1675 1237 1741 crastino
1267 1675 1743 1762 purificationiS,
1770 1675 2045 1740 visitavit
2072 1678 2389 1742 Antonius
2416 1676 2797 1762 Capitulum

491 1765 938 1832 Dunelmense
964 1762 1032 1827 iu
1060 1763 1270 1827 Forma
1299 1760 1791 1828 constitutionis
1816 1761 2253 1828 Bonifacianae
2286 1771 2331 1806 “
2354 1764 2656 1834 Debent.’'
2712 1763 2800 1828 In

489 1875 624 1940 qua
661 1849 1048 1928 visitatione,
1093 1869 1223 1913 non
1253 1848 1406 1936 quia
1435 1862 1664 1915 contra
1691 1848 1982 1914 ordinem
2010 1849 2445 1938 deliquissent,
2494 1852 2608 1915 sed
2640 1849 2799 1950 quia

491 1961 640 2004 cum
667 1937 890 2003 Priore
913 1959 1032 2000 suo
1053 1935 1324 2000 firmiter
1343 1950 1573 2000 contra
1592 1936 1981 2022 Episcopum
2014 1950 2376 2016 tenuerunt,
2390 1959 2681 2022 suspensi
2707 1939 2799 2001 ab

491 2024 1038 2092 administratione
1111 2043 1317 2087 uacun
1367 2045 1448 2086 ue
1477 2043 1597 2108 per
1626 2023 1850 2087 decem
1881 2043 2081 2086 annos
2102 2038 2439 2110 sequentes
2475 2025 2801 2090 Ricardus

492 2114 578 2178 de
609 2111 918 2197 Aslakby‚
957 2109 1086 2174 Gal
1147 2107 1288 2173 idus
1378 2131 1416 2172 e
1448 2109 1737 2187 Burdon,
1772 2123 1838 2173 et
1886 2109 2241 2175 Nicholaus
2274 2111 2357 2174 de
2393 2111 2789 2200 Routhbiry‚

497 2211 800 2286 [quorum
851 2196 1097 2282 primus
1150 2211 1444 2280 tempore
1497 2195 1759 2260 Ricardi
1806 2194 2047 2260 Prioris
2102 2197 2415 2282 Supprior
2467 2210 2608 2262 erat
2644 2199 2801 2263 Du-

493 2285 859 2361 nelmensis,
906 2281 1224 2348 secundus
1273 2283 1462 2348 Prior
1505 2283 1589 2347 de
1638 2281 1880 2359 Fincal,
1914 2295 1985 2347 et
2028 2285 2264 2348 tercius
2310 2284 2798 2350 elemosinarius

498 2369 952 2440 Dunelmensis
981 2395 998 2434 ι
1045 2383 1115 2435 et
1141 2370 1274 2434 duo
1303 2369 1492 2455 primi
1524 2369 1696 2454 apud
1731 2368 2164 2454 coldingham
2195 2371 2473 2436 ordinati
2502 2385 2673 2451 sunt,
2704 2373 2801 2435 ibi

493 2482 614 2545 per
641 2455 1021 2524 decennium
1063 2459 1397 2536 moraturi,
1453 2469 1521 2521 et
1560 2457 1793 2520 tercius
1822 2455 1997 2540 apud
2031 2457 2089 2520 F
2086 2459 2291 2534 arne.]
2390 2458 2522 2522 Sed
2561 2459 2656 2527 W.
2706 2458 2800 2522 de

502 2543 862 2612 Grenefeld
891 2543 1436 2628 Archiepiscopus
1467 2543 1897 2607 Eboracensis
1927 2555 2073 2628 post
2104 2557 2377 2608 mortem
2414 2544 2679 2611 Antonii
2726 2546 2801 2610 in

494 2631 854 2698 visitatione
912 2652 1034 2694 sua
1086 2631 1240 2694 sede
1292 2642 1563 2694 vacante
1622 2629 1962 2714 praedictas
2034 2630 2381 2696 sententias
2434 2631 2793 2701 annulavit.

499 2720 802 2805 [Factum
832 2728 928 2782 est
949 2716 1095 2794 hoc,
1127 2729 1200 2780 ut
1229 2716 1444 2793 credo,
1472 2719 1675 2800 magis
1694 2737 1779 2780 ex
1809 2719 2269 2801 procuracione
2297 2718 2567 2783 aliorum
2599 2741 2800 2806 quam

495 2829 586 2872 ex
613 2804 872 2891 proprio
895 2817 1076 2868 motu
1109 2801 1432 2889 Episcopi.
1508 2803 1678 2868 Nam
1707 2804 1773 2866 in
1802 2803 2115 2888 principio
2144 2805 2551 2884 visitacionis,
2576 2806 2795 2870 statim

493 2891 938 2960 recedentibus
966 2889 1144 2954 laicis
1164 2904 1231 2954 et
1251 2888 1666 2966 secularibus,
1692 2890 1878 2954 flexis
1894 2911 2110 2955 coram
2138 2890 2460 2977 Episcopo
2489 2892 2793 2977 genibus,

492 2991 666 3046 totus
695 2989 1046 3043 conventus
1073 2976 1161 3042 ad
1189 2989 1422 3042 terram
1452 2976 1713 3054 corruit,
1744 2989 1813 3041 et
1840 2977 2093 3061 rogavit
2120 2991 2194 3044 ut
2221 2978 2273 3041 si
2303 2979 2443 3065 quis
2474 3001 2697 3048 eorum
2726 2980 2798 3048 iu

493 3065 606 3132 lite
635 3065 907 3150 proefata
931 3077 1162 3129 contra
1187 3085 1336 3128 eum
1366 3062 1758 3148 deliquisset,
1792 3062 2291 3131 misericorditer
2316 3066 2689 3144 dimitteret,
2724 3079 2797 3132 et

491 3151 842 3238 spopondit
869 3151 956 3217 ad
979 3151 1272 3216 lacrimas
1292 3152 1733 3235 provocatus.]

673 3555 819 3599 CAP.
866 3553 1059 3604 xxx1.
1153 3553 1242 3596 DE
1291 3554 1793 3599 APPROPRIATIS
1837 3554 2185 3600 EchESIAE
2224 3557 2359 3602 PER
2401 3559 2617 3605 ANTO-

978 3639 1188 3699 mum,
1225 3641 1312 3684 ET
1340 3642 1689 3686 AEmrlcus
1722 3642 1891 3686 BJUS
1929 3642 2015 3686 ET
2047 3642 2310 3692 MORTE.

1281 3779 1423 3846 [MS-
1447 3779 1576 3847 Cap.
1600 3794 1791 3831 ccxxv.
1812 3779 1851 3830 f.
1873 3781 2023 3844 202]

584 3919 950 3988 Manerium
979 3919 1065 3984 de
1100 3919 1474 3984 Evenwood
1512 3921 1695 4008 [data
1724 3943 1972 3986 summa
2000 3925 2297 4006 pecuniae
2324 3924 2387 3992 J.
2416 3923 2802 4010 Haunsard]

495 4009 782 4076 eeclesiae
835 4007 1302 4083 connectebat3
1373 4006 1739 4072 Manerium
1792 4009 1875 4073 de
1934 4009 2239 4074 Aukland
2292 4033 2439 4074 cum
2490 4014 2805 4098 Capella*

495 4108 560 4162 et
596 4094 863 4160 cameris
907 4093 1449 4179 sumptuosissime
1494 4097 1874 4172 construxit,
1912 4096 2253 4180 capellanis
2284 4096 2347 4160 in
2378 4100 2624 4183 capella
2654 4123 2801 4186 per-

493 4195 694 4268 petuo
741 4181 1068 4246 servituris
1111 4180 1447 4245 ecclesiam
1478 4179 1563 4244 de
1598 4180 1911 4266 Morpath
1944 4183 2383 4268 approprians.
2486 4186 2617 4250 Sed
2657 4187 2801 4272 ipso

494 4279 756 4333 mortuo
832 4265 1214 4352 Radulphus
1282 4265 1448 4330 filius
1513 4266 1875 4344 willielmi,
1938 4269 2235 4335 dominus
2294 4270 2379 4336 de
2440 4273 2792 4360 Graystok,

494 4367 905 4442 patronatum
957 4353 1248 4441 praefatae
1299 4353 1587 4420 eoelesiae
1632 4375 1751 4438 per
1797 4354 1975 4420 litem
2022 4359 2258 4434 evicit3
2304 4371 2372 4424 et
2408 4373 2799 4444 praesentato

1249 4533 1276 4560 ⁰
1313 4529 1627 4580 Arrnnmx.
1663 4528 1769 4582 No.
1807 4543 2045 4581 zxxvm.
