3000 5117
784 552 1205 604 APPENDrx.
1248 554 1431 602 ANN.
1476 551 1817 601 MLxxxv.
2323 528 2438 601 xix

180 714 405 781 Oswino
436 714 589 779 data
616 727 785 793 sunt,
818 716 919 780 vel
952 717 1015 778 in
1050 728 1373 799 posterum
1407 714 1712 779 donanda
1741 726 1909 789 sunt,
1933 712 2091 778 ‘Deo
2121 726 2185 778 et
2203 728 2438 777 sancto

179 802 509 869 Cuthberto
546 802 829 887 glorioso
882 802 1247 879 confessori,
1292 801 1393 865 cui
1442 802 1668 865 fratres
1713 800 2006 887 praedicti
2053 800 2436 865 deservituri

173 902 316 967 sunt,
379 890 551 953 dono
622 905 687 955 et
746 890 1055 967 concede,
1119 902 1185 953 et
1252 888 1495 973 scripto
1555 887 1877 973 praesenti,
1933 887 2133 973 signo
2191 904 2434 957 sanctae

172 1001 263 1043 cru
292 980 375 1070 >1⁴
410 976 519 1055 εἰς,
568 978 632 1041 in
664 977 921 1041 nomine
950 990 1187 1041 sanctoe
1218 974 1554 1039 Trinitatis
1584 976 1916 1039 confirmo,
2011 975 2078 1041 Si
2110 975 2250 1061 quis
2279 997 2436 1039 vero

174 1066 225 1128 in
257 1080 565 1150 posterum
598 1064 749 1129 Deo
794 1078 861 1129 et
905 1079 1129 1127 sancto
1172 1062 1546 1127 cuthberto
1591 1062 1694 1126 vel
1740 1061 2062 1146 praedictis
2106 1062 2430 1139 fratribus,

172 1174 313 1217 nunc
341 1154 401 1216 in
435 1151 663 1237 Gyrue
691 1150 1231 1227 conversantibus,
1264 1148 1379 1219 sed
1412 1162 1644 1234 postea
1676 1150 1740 1213 in
1773 1147 2106 1214 ecclesiam
2139 1148 2434 1234 praedicti

174 1237 560 1316 confessoris,
611 1240 779 1303 sicut
836 1237 1303 1313 constituimus»,
1338 1235 1812 1313 transferendiS,
1860 1258 2024 1313 eam,
2074 1236 2174 1299 vel
2220 1235 2436 1321 aliqua

170 1326 333 1411 ipsius
359 1324 775 1413 pertinencia,
819 1324 1093 1400 auferre,
1141 1322 1538 1400 subtrahere,
1586 1346 1696 1387 seu
1743 1322 1960 1411 aliquo
2007 1323 2202 1387 modo
2247 1322 2435 1386 dimi-

170 1435 357 1491 nuere,
380 1412 880 1499 praesumpserit,
906 1410 1149 1475 domini
1178 1410 1516 1475 Walcheri
1535 1408 1842 1495 episcopi,
1877 1424 1944 1474 et
1969 1408 2171 1474 tocius
2203 1408 2434 1495 synodi

169 1498 327 1587 hujus
358 1498 807 1563 Dunelmeusis
852 1498 1165 1575 ecclesioe,
1196 1511 1265 1561 et
1294 1519 1459 1574 mea,
1492 1511 1686 1583 atque
1716 1496 1998 1561 omnium
2031 1497 2436 1561 Christiano-

170 1609 288 1651 rum
326 1594 387 1647 -l-
413 1585 823 1663 auctoritate,
854 1600 1171 1671 perpetuo
1198 1584 1608 1649 anathemate
1637 1583 2174 1670 condempnetur,
2197 1598 2262 1648 et
2285 1606 2433 1647 cum

170 1673 395 1738 diabolo
435 1687 503 1737 et
549 1672 796 1757 angelis
847 1672 983 1757 ejus
1030 1672 1267 1737 eternis
1319 1670 1573 1754 ignibus
1620 1673 1686 1734 in
1734 1684 2024 1735 eternum
2087 1672 2430 1735 crucietur.

168 1765 368 1825 Amen.
394 1762 626 1828 Amen.
658 1762 891 1827 Amen.
966 1759 1161 1824 Hanc
1184 1752 1604 1823 donacionem
1631 1780 1756 1843 ego
1790 1758 2156 1823 Walcherus
2184 1758 2434 1822 Dunel-

168 1847 373 1912 mensis
415 1849 553 1933 epis
592 1854 883 1933 -l-copus
924 1846 1115 1930 signo
1158 1860 1398 1910 sanctae
1456 1844 1662 1909 crucis
1719 1846 2052 1915 confirmo.
2162 1844 2432 1929 Signum

169 1934 450 1999 Waltheo
472 1936 541 2000 ·l··
558 1935 608 1997 fi
636 1934 889 1999 emnitis
913 1932 1125 1997 North
1178 1932 1421 1999 mbriae.
1475 1932 1742 2017 Signum
1769 1952 1836 2003 -ι-
1869 1933 2132 1997 Aldredi
2161 1932 2435 1997 comitis.

167 2020 494 2105 Signum-i-
524 2022 805 2086 Vthredi
846 2020 1055 2085 fratris
1119 1954 1469 2085 liilorekari.
1593 2018 1860 2103 Signum
1912 2020 2108 2084 Liulfi
2141 2024 2208 2083 ÷
2239 2018 2436 2107 patris

170 2107 493 2176 Mox-ekari.
597 2107 865 2192 Signum
917 2112 982 2169 -l-
1040 2106 1373 2172 Leobwini
1421 2106 1670 2171 Decani
1728 2107 2202 2172 Dunelmensis.
2295 2106 2440 2189 Sig-

165 2218 294 2258 num
314 2198 461 2263 Gile
486 2199 543 2267 -Ι-
568 2195 735 2259 berti
758 2195 1011 2281 nepotis
1040 2194 1361 2280 Episcopi.
1410 2192 1678 2277 Signum
1704 2194 2086 2277 Hemmingi
2117 2216 2170 2263 4-
2197 2208 2436 2279 preost.

168 2283 405 2367 Signum
438 2287 503 2345 -Ι-
535 2282 761 2346 Vlkilli
785 2297 1022 2370 preost.
1124 2281 1393 2432 Signum
1424 2287 1491 2341 -i-
1528 2280 1812 2345 Meruini
1839 2294 2084 2366 preost.
2167 2283 2436 2367 Signum

172 2369 218 2432 Ε
242 2376 303 2430 -l·
330 2371 491 2435 lstan
526 2384 769 2456 preest.
864 2368 1131 2457 Signum
1230 2392 1388 2433 rnan
1427 2368 1543 2435 Bis
1576 2378 1641 2425 4-
1665 2390 1865 2452 copes
1903 2390 2082 2433 sune.
2166 2368 2437 2454 Signum

168 2458 581 2523 Swartebraut
609 2463 677 2517 -i-
706 2469 942 2541 preest.
1040 2454 1309 2539 Signum
1349 2455 1594 2521 Gamel
1639 2469 1858 2540 preost
1887 2463 1972 2519 4.
2071 2454 2340 2541 Signum
2373 2457 2441 2521 *l-

170 2542 423 2609 Utbredi
449 2557 689 2631 preest.
755 2542 1025 2627 Signum
1053 2540 1287 2607 Alwini
1320 2541 1453 2607 mili
1484 2546 1552 2606 ÷
1582 2542 1682 2607 tis.
1763 2541 2028 2627 Signum
2071 2542 2336 2607 Wlstani
2373 2552 2440 2607 -t-

168 2630 373 2699 militis.
454 2632 728 2717 Signum
770 2628 1031 2695 Walteri
1064 2632 1151 2697 4.
1199 2630 1469 2714 Signum
1505 2639 1568 2691 —t-
1607 2628 1923 2697 Godredi.
1997 2630 2262 2713 Signum
2297 2631 2443 2695 AEl-

165 2716 289 2783 sridi
318 2726 397 2783 -l-.
456 2721 735 2803 Signum
758 2716 1395 2803 Godmaunipreost.
1460 2716 1730 2802 Signum
1770 2716 2071 2783 Kinewlfi
2103 2723 2171 2787 *l-
2199 2719 2436 2789 militis,

312 3085 379 3129 X.
429 3086 917 3131 conrmnmclo
965 3088 1043 3131 W·
1090 3088 1405 3132 Bmscom
1443 3088 1645 3132 PmMI
1679 3088 1768 3131 DE
1803 3086 2129 3131 Eccmzsu
2177 3088 2266 3133 ΒΕ

315 3172 713 3217 TYNEMUTH
736 3174 951 3218 FACTA
972 3174 1333 3219 Motucnls
1355 3176 1445 3219 DB.
1476 3176 1716 3221 JAROW
1743 3176 1830 3219 ET
1862 3174 2262 3221 WBREMOTH

316 3258 391 3303 m
418 3260 832 3305 DURRLMUM
856 3260 1297 3305 TRANSLATIS.

816 3378 889 3445 [Ι.
916 3382 961 3431 1.
987 3378 1182 3433 Pontif.
1204 3392 1260 3433 ct.
1287 3380 1434 3434 Cart.
1458 3382 1506 3434 1.
1529 3382 1566 3433 f.
1602 3386 1666 3433 82
1689 3384 1770 3452 br]

240 3496 299 3550 4-
332 3492 405 3557 ln
432 3492 693 3559 nomine
727 3493 936 3559 Patris
967 3508 1036 3558 et
1072 3494 1213 3558 Filii
1245 3509 1311 3559 et
1356 3496 1630 3581 Spiritus
1666 3498 1906 3575 Sancti,
1967 3498 2202 3565 Amen.
2283 3500 2446 3585 'Ego

177 3576 551 3659 willielmus,
616 3582 743 3646 Dei
802 3582 1019 3665 gracia
1068 3580 1528 3647 Dunelmensis
1589 3584 1968 3670 Episcopu8‚
2026 3586 2090 3649 in
2141 3590 2446 3672 praesenti

171 3687 326 3731 saera
368 3667 625 3754 synodo
654 3670 959 3746 conced0,
994 3682 1059 3733 et
1088 3670 1419 3754 praesentis
1472 3672 1688 3756 scripti
1721 3672 2070 3737 munimine
2101 3674 2449 3761 episcopali

172 3757 531 3819 auctoritate
581 3756 896 3820 confirmo
948 3756 1209 3821 Alduno
1262 3756 1489 3835 Pri-ori,
1535 3781 1614 3823 ac
1660 3762 2127 3824 successoribus
2171 3765 2329 3847 ejm,
2379 3780 2449 3827 et

173 3841 437 3905 omnibus
468 3842 799 3906 monacbis
828 3842 893 3907 in
928 3843 1049 3906 hac
1086 3842 1506 3907 Dunelmensi
1539 3846 1807 3909 ecclesia
1837 3862 2060 3911 sancto
2087 3848 2449 3912 Cuthberto

172 3928 417 4010 posteris
450 3928 853 4014 temporibus
882 3929 1229 4005 servituriS‚
1266 3932 1328 3992 in
1362 3945 1734 4015 perpetuam
1761 3934 2214 4019 elemosynam,
2243 3934 2448 3999 eccle-

172 4010 305 4078 siam
325 4014 406 4080 de
431 4015 829 4081 Tinemuthe
861 4038 1007 4079 cum
1028 4015 1329 4081 omnibus
1356 4018 1754 4101 pertinentiis
1779 4018 1994 4104 ipsius,
2018 4033 2145 4083 tam
2173 4020 2234 4083 iu
2265 4022 2449 4085 terris

173 4120 337 4183 quam
367 4102 431 4165 in
464 4107 668 4187 aquiS‚
704 4102 803 4166 vel
833 4102 1023 4167 rebus
1054 4102 1445 4188 quibuslibet
1488 4108 1764 4183 caeteris,
1797 4128 1990 4192 qnam
2053 4106 2448 4171 Waltheofus

178 4186 389 4253 Comes
446 4188 937 4253 Northumbriae
989 4188 1231 4253 eisdem
1282 4191 1632 4269 monachis,
1693 4193 2022 4279 quondam
2085 4192 2148 4256 in
2217 4194 2448 4281 Gyruu

172 4277 697 4353 conversantibus,
732 4298 879 4341 cum
932 4276 1287 4341 Morekaro
1330 4300 1538 4362 puero
1570 4280 1958 4344 consobrino
1987 4302 2106 4343 suo
2137 4282 2312 4365 prius
2359 4284 2448 4347 eis

174 4358 437 4427 dederat.
533 4363 733 4447 Cujus
776 4362 1200 4427 donacionem
1241 4364 1608 4429 walcherus
1654 4365 1988 4452 episcopus
2020 4370 2454 4451 praedecessor

176 4460 395 4526 noster,
428 4460 695 4533 petente
727 4463 795 4513 et
825 4450 1149 4514 residente
1178 4450 1407 4514 eodem
1438 4452 1694 4517 Comite
1719 4454 1782 4515 in
1808 4454 2058 4539 synodo
2075 4478 2260 4519 secus
2279 4480 2452 4534 eum,

177 4532 319 4599 sicut
358 4549 583 4601 sancta
626 4536 905 4621 synodus
952 4536 1073 4601 ista
1105 4549 1379 4601 testatur
1419 4552 1491 4603 et
1539 4540 1734 4618 nov-it,
1769 4564 1882 4607 sua
1925 4540 2018 4605 eis
2071 4544 2458 4607 auctoritate

1245 4644 1286 4687 Β
1326 4628 1365 4688 2
