3000 5117
745 460 1156 513 Arrssnmx.
1215 462 1395 513 ANN.
1436 464 1880 517 amonemur.
2271 444 2483 517 ccxix

171 626 588 708 permittatis.
683 624 758 688 In
810 625 991 709 eujus
1044 626 1137 690 rei
1191 626 1626 691 testimonium
1678 627 1953 712 sigillum
2000 637 2289 691 nostrum
2320 646 2489 710 prae·

174 710 478 779 sentibus
515 725 612 779 est
658 732 1028 797 appensum.
1125 712 1302 777 Data
1337 713 1666 792 Dunelmi,
1702 736 1851 779 xxu
1883 716 1989 781 die
2020 712 2251 780 mensis
2282 712 2483 789 Junii,

173 820 358 865 anno
390 800 654 866 Domini
685 798 1020 865 millesimo
1045 810 1505 864 cccc¹⁰⁰xx1x⁰.

365 1269 560 1314 CXCV.
633 1266 1051 1312 nmEN'runA
1115 1266 1330 1309 INTER
1391 1266 1780 1311 JOHANNRM
1844 1247 2159 1313 CLA‘XTON
2220 1270 2311 1313 DE

363 1355 560 1400 mum
594 1356 679 1399 ΒΤ
713 1355 1032 1400 ΡΕΙΟΒΕΜ
1090 1352 1386 1398 mmmm
1419 1353 1556 1398 PRO
1590 1354 1727 1398 CXX
1761 1354 1844 1398 LE
1872 1355 2186 1401 Fo'russns
2218 1356 2306 1400 1>ss

365 1444 596 1488 GRERT
628 1443 760 1487 IPSI
791 1442 1074 1505 DOMINO
1108 1441 1354 1485 Pmom
1388 1440 1927 1490 DBLIBERANDIS.

1039 1580 1222 1646 [niba
1245 1581 1482 1633 &erista
1504 1580 1539 1632 ε
1568 1583 1643 1649 ι.]

267 1722 451 1789 Hoec
487 1722 843 1787 Indentura
894 1721 1062 1787 facta
1101 1720 1270 1785 inter
1298 1716 1664 1787 Johannem
1702 1721 1991 1788 Priorem
2036 1724 2323 1790 ecelesiae
2360 1727 2490 1792 Ca-

173 1810 496 1875 thedralis
551 1810 858 1877 Dunelm.
935 1830 1022 1873 ex
1057 1831 1218 1873 -una
1262 1820 1464 1893 parte,
1520 1822 1589 1873 et
1640 1808 2010 1877 Johannem
2067 1810 2347 1877 Claxton
2402 1814 2487 1879 de

173 1898 369 1963 Burn
401 1896 787 1984 armigerum
833 1918 917 1960 ex
946 1909 1126 1980 parte
1173 1894 1395 1972 altera,
1430 1907 1718 1974 testatur,
1752 1896 1927 1983 quod
1958 1896 2127 1961 idem
2159 1898 2489 1965 Johannes

177 1985 476 2050 Claxton
536 1982 822 2047 vendidit
883 1997 946 2047 et
1007 1982 1324 2047 concessit
1382 1982 1656 2067 proefato
1718 1982 1927 2049 Priori
1995 1984 2203 2050 sexies
2260 1986 2485 2071 viginti

170 2072 422 2148 sother,
483 2070 616 2134 sive
675 2068 860 2155 plura
917 2070 1052 2133 sive
1109 2068 1411 2154 pauciora
1462 2068 1695 2147 sother,
1756 2070 2063 2155 lapidum,
2132 2073 2481 2137 secundum

168 2157 656 2242 beneplacitum
702 2156 988 2241 ejusdem
1023 2155 1280 2233 PrioriS,
1315 2154 1398 2219 de
1429 2155 1676 2241 optimo
1707 2156 1855 2221 albo
1884 2172 2082 2241 grete,
2116 2161 2183 2222 in
2216 2183 2489 2260 quar-era

169 2268 294 2311 sua
333 2246 529 2329 juxta
585 2244 1099 2309 Heremitorium
1151 2241 1234 2305 de
1271 2242 1470 2319 Eum,
1504 2244 1571 2307 in
1615 2243 1760 2308 loco
1790 2266 1921 2331 quo
1950 2242 2119 2309 idem
2156 2246 2345 2312 Prtor
2374 2247 2488 2313 de-

169 2333 456 2398 creverit
503 2330 826 2417 operarios
877 2353 1025 2394 suos
1077 2328 1373 2414 operari3
1420 2351 1567 2394 cum
1607 2328 1811 2395 libero
1840 2343 1906 2395 et
1935 2333 2357 2399 conveniente
2390 2334 2487 2399 in-

169 2419 380 2485 troitu
431 2432 500 2483 et
559 2417 737 2483 exitu
790 2416 1092 2481 habendo
1139 2417 1222 2481 ad
1278 2416 1553 2481 eandem
1600 2438 1966 2503 quarreram
2011 2440 2131 2504 pro
2176 2420 2485 2506 operariis

169 2522 238 2571 et
273 2505 602 2590 carriagiis
632 2504 985 2570 eorundem
1015 2528 1031 2567 ε
1079 2525 1238 2590 quos
1269 2502 1524 2589 quidem
1556 2503 1799 2589 lapides
1830 2506 2039 2570 dictus
2073 2506 2259 2571 Prior
2288 2508 2483 2573 faciet

169 2593 410 2659 lucrari
442 2607 510 2657 et
540 2592 764 2656 cariari
794 2590 957 2655 infra
989 2612 1182 2653 unum
1212 2612 1456 2654 annum
1500 2590 1793 2676 proxime
1823 2590 2109 2657 futurum
2140 2608 2285 2677 post
2330 2596 2485 2661 data

169 2680 616 2766 praesencium,
654 2678 784 2743 suis
813 2676 1085 2763 propriis
1114 2677 1471 2761 sumptibus
1504 2692 1569 2742 et
1595 2678 1931 2765 expensis3
1976 2680 2282 2745 solvendo
2306 2681 2483 2749 dicto

173 2768 459 2833 Johanni
491 2789 608 2851 pro
637 2766 928 2852 quolibet
959 2763 1174 2828 sother
1203 2764 1486 2849 lapidum
1521 2764 1656 2853 ijdq.
1754 2764 1831 2829 In
1862 2766 2040 2850 cujus
2071 2765 2160 2832 rei
2194 2768 2483 2833 testimo-

173 2854 357 2919 nium
391 2854 813 2939 praesentibus
843 2851 1203 2916 indenturis
1233 2850 1440 2936 sigilla
1468 2875 1585 2916 sua
1626 2852 1987 2917 alternatim
2018 2866 2480 2939 apposuerunt.

171 2942 358 3006 Data
391 2962 534 3005 xvn
568 2940 676 3005 die
717 2939 950 3005 mensis
980 2939 1022 3007 J
1027 2938 1176 3016 unii,
1209 2960 1384 3005 anno
1416 2938 1684 3004 Domini
1716 2938 2048 3005 millesimo
2082 2961 2246 3007 cccc
2297 2944 2517 3007 trice--

171 3050 362 3093 mmo.

351 3467 582 3513 cxcvl.
637 3466 1014 3513 conmlssm
1108 3467 1196 3510 AD
1288 3466 1713 3513 AUDIENDUM
1805 3468 2309 3514 coNrBssman

1078 3554 1587 3599 oxomlmsmn.

981 3693 1140 3764 [neg.
1167 3694 1250 3745 11.
1273 3694 1427 3748 rm.
1460 3694 1551 3749 rol.
1576 3697 1683 3763 ει]

261 3837 597 3902 ,Iohannes
654 3834 840 3900 Prior
905 3834 1192 3901 ecclesiae
1259 3834 1663 3901 Cathedralis
1720 3836 2175 3903 Dunelmensis
2234 3838 2481 3904 dilectis

174 3925 326 3989 filiis
357 3938 429 3989 et
457 3922 935 3988 commonachis
967 3923 1200 3987 nostris
1232 3922 1501 3986 dominis
1523 3924 1801 3988 Thomae
1830 3925 2089 3987 Forster
2114 3939 2177 3989 et
2201 3925 2479 3989 Johanni

175 4012 453 4099 But-uby
482 4012 754 4076 salutem
783 4010 850 4074 in
875 4009 1166 4074 Domino
1195 4010 1675 4095 sempiternam.
1766 4009 1874 4076 Ad
1906 4011 2297 4075 audiendum
2328 4034 2483 4075 con-

172 4098 482 4164 fessiones
527 4114 768 4164 vestras
819 4111 1046 4163 mutuo
1087 4098 1256 4162 inter
1287 4120 1418 4176 vos,
1453 4120 1529 4161 ac
1570 4097 1965 4162 confratrum
1996 4113 2380 4176 nostrorum,
2414 4110 2483 4163 et

174 4185 450 4250 aliorum
500 4186 938 4271 religiosorum
989 4184 1052 4247 in
1090 4184 1386 4272 Collegio
1440 4198 1662 4249 nostro
1700 4184 2053 4250 Oxoniensi
2083 4206 2485 4250 commoran-

173 4274 361 4351 tium,
397 4272 701 4361 ipsosque
731 4273 1193 4337 absolvendum
1225 4286 1288 4336 et
1321 4272 1730 4357 poenitentias
1784 4272 2091 4336 salutares
2122 4293 2239 4358 pro
2286 4273 2481 4337 modo

170 4360 409 4445 culpae,
458 4361 810 4426 secundum
861 4359 1320 4424 discrecionem
1369 4372 1645 4424 vestram
1699 4357 1935 4423 eisdem
1993 4359 2477 4445 injungendum,

171 4462 486 4535 quantum
542 4448 626 4515 ad
670 4470 784 4512 nos
817 4449 1117 4532 pertinet,
1153 4446 1336 4513 vobis
1385 4460 1452 4512 et
1485 4445 1738 4533 utrique
1778 4462 2058 4511 vestrum
2090 4460 2481 4533 potestatem
