3000 5117
528 448 801 521 cclxxx
882 448 893 458 ”
1104 470 1309 523 Ηιετ.
1342 472 1704 523 numum.
1749 472 2216 525 semerom-:s
2253 473 2464 527 rans·

532 630 779 696 domini
822 628 1137 699 Johannis
1183 632 1295 699 011
1320 632 1639 712 monachi,
1687 632 1796 721 qni
1829 632 1892 698 in
1925 649 2219 721 tempore
2241 658 2361 703 suo
2379 635 2726 701 morabatur
2749 635 2800 697 in

539 711 819 804 quodam
842 718 989 786 loco
1021 735 1249 785 vocato
1277 720 1665 808 Boghilhole
1687 721 1748 783 in
1769 734 1954 807 parte
1978 720 2565 809 occidentalijuxta
2579 744 2802 809 parcum

535 806 1003 871 occidentalem
1034 810 1119 873 de.
1154 808 1622 893 Brauncepetb,
1663 806 1774 873 ubi
1807 831 1976 873 nuno
2029 825 2315 874 moratur
2361 810 2673 874 Robertus
2701 810 2802 873 Le·

546 894 749 970 thom,
776 908 844 958 et
876 894 1111 961 ibidem
1148 894 1271 959 fuit
1301 909 1485 960 natus
1524 895 1900 960 willielmus
1933 895 2043 962 Oll
2071 910 2256 981 pater
2287 896 2444 961 dicti
2477 895 2806 961 dominise-

540 980 769 1045 hannis
808 980 914 1046 On
946 981 1262 1058 monachi,
1294 1004 1487 1069 quem
1527 982 1938 1047 Wiilielmum
1966 983 2080 1047 011
2109 983 2319 1048 dictus
2344 982 2524 1048 testis
2542 984 2806 1067 cognovit

546 1068 700 1131 dum
747 1068 929 1136 vixit.
1026 1069 1114 1135 Et
1152 1068 1482 1135 ,Iohannes
1531 1067 1641 1133 Oli
1697 1069 2047 1133 monachus
2094 1070 2217 1134 fuit
2271 1084 2460 1135 natus
2494 1069 2556 1134 in
2589 1069 2807 1134 villade

551 1155 1027 1241 Brauncepath‚
1054 1156 1115 1219 in
1147 1156 1260 1219 illa
1287 1155 1484 1221 domo
1515 1155 1624 1221 ubi
1649 1152 1924 1221 decessit
1951 1156 2326 1222 Willielmus
2355 1156 2469 1223 On
2489 1160 2616 1245 ejus
2636 1170 2806 1242 pater,

546 1257 613 1307 et
637 1242 754 1307 iste
782 1245 962 1307 testis
986 1244 1143 1309 dicit
1166 1242 1229 1306 in
1243 1243 1616 1328 juramento
1639 1266 1758 1309 suo
1776 1244 1952 1330 quod
1973 1242 2227 1309 fuerunt
2251 1244 2434 1309 liberi
2471 1245 2740 1309 homines
2759 1256 2810 1306 et

546 1328 629 1395 de
658 1332 918 1417 optimis
940 1330 1199 1396 valectis
1228 1330 1528 1395 Baroniae
1552 1353 1572 1406 3
1617 1353 1738 1395 nec
1757 1350 2032 1417 unquam
2063 1331 2310 1395 audivit
2339 1331 2402 1395 in
2435 1330 2570 1397 vita
2595 1353 2702 1395 sua
2723 1352 2810 1395 eos

544 1438 663 1481 nee
722 1417 1000 1506 aliquem
1048 1439 1271 1483 eorum
1317 1417 1632 1481 nominari
1679 1416 2112 1482 condiccionis
2169 1418 2432 1495 servilis,
2485 1417 2614 1482 imo
2656 1416 2812 1482 bonae

546 1502 739 1571 famae
754 1518 819 1569 et
848 1505 1139 1571 honestae
1162 1504 1333 1582 vitae,
1366 1516 1434 1569 et
1461 1504 1796 1570 laudabilis
1825 1504 2370 1581 conversacionis;
2413 1518 2484 1569 et
2508 1504 2656 1569 dicit
2681 1503 2816 1567 ultra

548 1592 723 1678 quod
812 1614 1176 1680 nuncquam
1264 1592 1512 1657 audivit
1598 1590 1775 1679 quod
1846 1590 2072 1680 aliquis
2145 1592 2391 1657 servilis
2463 1590 2812 1657 condicionis

552 1694 923 1745 nasceretur
953 1680 1116 1743 infra
1158 1678 1500 1743 Baroniam
1533 1677 1616 1742 de
1655 1677 2106 1765 Brauncepeth
2139 1678 2558 1763 praedictam3
2601 1691 2663 1743 et
2687 1674 2814 1741 dicit

600 1766 729 1829 uod
776 1779 1115 1853 postquam
1149 1765 1543 1830 willielmus
1578 1764 1710 1844 Oli,
1744 1779 1929 1850 pater
1974 1766 2225 1849 praefati
2265 1764 2514 1830 domini
2545 1763 2814 1830 Johannis

652 1852 673 1916 l
746 1852 1064 1932 monachi,
1133 1853 1217 1917 ab
1290 1853 1415 1917 hac
1478 1852 1626 1917 luce
1693 1853 2012 1936 migravit,
2081 1866 2290 1918 mater
2353 1852 2555 1939 ipsius
2613 1849 2812 1916 domini

553 1940 867 2006 Johanuis
898 1962 1041 2005 cum
1076 1939 1374 2005 omnibus
1404 1940 1590 2004 bonis
1621 1962 1690 2003 se
1719 1940 2082 2004 divertebat
2103 1940 2187 2003 ad
2215 1939 2428 2004 villam
2459 1940 2814 2004 Dunelmum

556 2044 622 2093 et
680 2028 767 2091 ibi
818 2029 1113 2092 decessit.
1166 2084 1174 2089 .
1225 2027 1667 2110 Interrogatus
1725 2026 1809 2091 de
1867 2027 2058 2105 fama,
2118 2026 2277 2091 dicit
2381 2027 2520 2091 uod
2577 2026 2730 2090 fama
2763 2044 2816 2085 se

556 2136 915 2201 nuncquam
963 2113 1189 2180 habuit
1233 2114 1303 2177 in
1350 2113 1768 2193 contrarium,
1821 2112 1942 2177 nisi
1979 2114 2154 2201 quod
2204 2050 2512 2199 praeiiatus
2559 2112 2817 2177 dominus

555 2202 883 2269 Johannes
922 2201 1032 2268 011
1078 2200 1448 2278 monachus,
1481 2214 1549 2265 et
1591 2216 1730 2267 tota
1759 2200 1898 2285 ejus
1925 2201 2280 2287 parentela,
2315 2214 2503 2266 erant
2530 2201 2700 2264 liberi
2727 2199 2816 2261 ho·

558 2292 761 2357 mines
788 2314 807 2367 3
838 2304 906 2356 et
934 2312 1063 2355 non
1082 2303 1185 2355 est
1213 2290 1591 2366 conductuS,
1617 2289 1983 2366 instructus,
2009 2310 2126 2353 nec
2149 2288 2567 2363 informatus;
2611 2300 2672 2351 et
2692 2284 2820 2350 dicit

558 2380 623 2445 in
646 2380 1015 2465 juramento
1036 2400 1155 2441 suo
1177 2376 1351 2463 quod
1373 2375 1674 2440 dominus
1703 2375 2032 2441 ,Iohannes
2057 2374 2166 2441 Oll
2194 2375 2553 2439 monachus
2581 2389 2672 2439 est
2691 2374 2821 2436 liber

558 2468 757 2533 homo
787 2492 827 2533 a
855 2465 1188 2531 nativitate
1210 2486 1343 2541 sna,
1370 2476 1433 2526 et
1459 2465 1512 2526 si
1541 2462 1715 2527 aliud
1749 2460 2100 2547 imponitur
2122 2462 2243 2527 sibi
2275 2462 2430 2525 illud
2465 2476 2569 2527 est
2597 2484 2682 2528 ex
2707 2482 2818 2523 ran·

560 2578 713 2621 core
756 2570 825 2621 et
871 2553 1127 2619 invidia.
1220 2551 1501 2616 Pauus
1554 2549 1893 2627 BmamY,
1935 2547 2146 2614 aetatis
2179 2570 2413 2615 Lxxvu
2445 2570 2746 2614 annorum
2771 2558 2822 2609 et

560 2642 856 2727 ampliuS,
873 2639 1182 2706 oriundus
1212 2636 1377 2702 infra
1394 2638 1723 2701 baroniam
1750 2636 1833 2701 de
1861 2636 2336 2723 Brauncepath,
2365 2650 2436 2701 ut
2471 2636 2651 2713 dicit,
2677 2632 2822 2699 testis

550 2730 826 2816 juratus„
858 2728 1207 2793 concordat
1237 2747 1383 2789 eum
1414 2724 1629 2809 priore
1657 2737 1948 2789 contoete
1977 2746 2096 2787 suo
2121 2746 2140 2799 ;
2186 2738 2255 2789 et
2283 2724 2436 2789 dicit
2473 2725 2660 2800 ultra,
2679 2719 2824 2809 quod

566 2818 702 2903 ipse
746 2816 926 2881 novit
966 2815 1323 2879 Robertum
1363 2812 1491 2885 011,
1525 2832 1714 2875 avum
1762 2810 2007 2875 domini
2043 2810 2362 2876 Johannis
2401 2810 2540 2887 On,
2585 2824 2650 2875 et
2688 2807 2827 2873 wil·
2936 2862 2937 2871 ἦ

560 2904 847 2971 lielmum
905 2903 1033 2981 Oli,
1084 2915 1333 2988 patrem
1386 2898 1676 2983 ejusdem
1716 2896 2034 2963 ,Iohannis
2087 2898 2199 2963 Oll
2231 2897 2555 2975 monachi,
2589 2912 2652 2961 et
2681 2894 2826 2982 quod

564 2994 826 3059 videbat
854 2993 940 3057 de
970 2990 1083 3054 illo
1098 2989 1481 3077 cognomine
1505 2984 1678 3051 circa
1696 2983 1763 3048 lx
1789 3006 1919 3049 una
1939 2984 2046 3048 die
2069 2984 2362 3050 ludentes
2385 2985 2563 3071 apud
2595 2982 2826 3048 Helme·

563 3082 864 3149 denrawe
906 3078 1072 3143 infra
1118 3075 1460 3140 Baroniam
1511 3073 1592 3137 ad
1645 3072 1836 3158 pilam
1884 3071 2198 3157 pedalem,
2231 3069 2438 3159 quiin
2472 3072 2605 3136 vita
2633 3090 2829 3135 eorum

566 3170 828 3234 fuerunt
856 3168 939 3232 de
970 3164 1338 3231 melioribus
1386 3158 1648 3225 valectis
1701 3158 2000 3223 Baroniae
2031 3160 2366 3238 nominati,
2400 3172 2466 3223 et
2506 3158 2706 3223 eciam
2734 3177 2830 3241 pro

564 3257 783 3323 liberis
830 3253 1244 3327 hominibus3
1290 3270 1409 3314 nec
1466 3268 1804 3333 umcquam
1854 3245 2101 3311 audivit
2150 3246 2327 3333 quod
2356 3246 2586 3334 aliquis
2616 3241 2832 3310 servilis

567 3343 965 3408 condicionis
1012 3352 1378 3403 nasceretur
1429 3335 1495 3399 in
1552 3332 1834 3400 Bai-onia
1889 3332 2219 3418 praedicta.
2335 3334 2717 3399 Rouana-us
2758 3349 2830 3392 ms

570 3432 850 3506 Yonxss,
874 3426 1087 3492 aetatis
1113 3444 1336 3489 Lxxnu
1362 3443 1676 3487 annorum
1695 3436 1762 3485 et
1787 3420 2078 3506 amplius,
2102 3434 2168 3485 ut
2191 3420 2366 3497 dicit,
2388 3420 2573 3485 testis
2580 3420 2832 3503 juratus,

568 3532 779 3582 ortum
810 3516 1051 3579 habens
1103 3532 1287 3575 suum
1336 3511 1502 3575 infra
1539 3508 1880 3574 Bar-oniam
1913 3508 2288 3592 praedictam
2321 3508 2676 3573 concordat
2703 3524 2832 3569 cum

572 3604 771 3669 Petro
798 3600 1098 3688 proximo
1126 3610 1417 3662 conteste
1447 3620 1584 3661 sno.
1672 3596 2045 3661 JoHANNEs
2078 3594 2410 3672 Lamon,
2445 3594 2656 3660 aetatis
2687 3608 2833 3656 Lvin
2932 3600 2933 3607 ³

566 3712 903 3767 annorum,
955 3687 1131 3752 testis
1165 3686 1439 3770 juratus,
1495 3696 1708 3747 ortum
1757 3680 1998 3745 habens
2049 3703 2234 3745 suum
2287 3682 2454 3746 infra
2511 3678 2836 3773 Batoniaxq

562 3781 961 3867 praedictam,
994 3773 1059 3838 in
1088 3774 1236 3838 loco
1266 3772 1373 3835 ubi
1406 3783 1590 3856 pater
1612 3767 1768 3833 dieti
1797 3768 2038 3833 domini
2068 3769 2383 3833 Johannis
2420 3768 2528 3833 ΟΠ
2561 3762 2836 3832 monach!

566 3870 687 3936 fuit
746 3880 957 3942 natus,
1004 3859 1353 3927 concordat
1413 3878 1562 3921 cum
1617 3854 1824 3941 primo
1897 3869 2186 3920 contente
2257 3877 2395 3924 suo.
2491 3854 2835 3918 Ricannus

568 3958 1057 4028 Marnnaann,
1082 3946 1289 4013 aetatis
1310 3964 1478 4009 Lvm
1502 3964 1838 4021 annorum,
1865 3942 2042 4007 testis
2061 3942 2340 4027 juratus,
2367 3941 2676 4007 oriundus
2695 3938 2839 4004 insta

574 4044 943 4117 Bar-oniam,
966 4037 1124 4101 dicit
1152 4033 1327 4122 quod
1356 4030 1664 4116 cognovit
1695 4028 2100 4095 willielmum
2131 4028 2240 4093 Oll
2271 4029 2356 4093 de
2381 4028 2719 4103 Stanlawe,
2743 4022 2837 4111 qui

564 4133 689 4196 fuit
736 4130 933 4194 frater
990 4122 1261 4190 Roberti
1316 4119 1447 4197 ΟΠ,
1502 4117 1607 4183 avi
1655 4116 1894 4180 domini
1925 4115 2244 4182 Johannis
2275 4116 2390 4181 ΟΠ
2421 4112 2734 4190 monachi,
2778 4126 2838 4174 et

564 4218 720 4283 dicit
752 4214 927 4303 quod
958 4210 1399 4299 progenitores
1443 4204 1603 4271 dicti
1634 4203 1876 4269 domini
1908 4202 2218 4268 Johannis
2248 4216 2436 4266 erant
2465 4202 2546 4267 de
2579 4200 2838 4265 meliori-

564 4308 684 4371 bus
713 4300 995 4367 ,valectis
1058 4298 1262 4363 tocius
1320 4292 1620 4359 Baroniae
1665 4292 2018 4377 praedictae,
2075 4304 2143 4354 et
2187 4312 2321 4354 nun
2409 4310 2552 4353 uam
2594 4288 2836 4351 fuerunt

560 4388 869 4459 nominati
916 4408 1036 4472 pro
1082 4384 1314 4451 bondis
1360 4380 1460 4445 vel
1492 4377 1686 4443 servis
1713 4403 1730 4443 ε
1781 4378 1842 4441 in
1873 4376 2100 4443 ceteris
2129 4311 2479 4441 concofflat
2508 4396 2653 4439 cum
2685 4372 2837 4459 prio-

554 4482 731 4547 ribus
764 4474 1155 4541 contestibus
1207 4472 1356 4536 suis.
1450 4468 1754 4531 TnoMAs
1793 4466 2055 4543 wazu,
2087 4465 2298 4530 aetatis
2327 4484 2411 4527 Lx
2438 4482 2745 4529 annorum
2773 4472 2832 4521 et
