3000 5117
1165 430 1575 481 APPENDIx.
2404 418 2523 489 cci

396 920 646 966 chxv.
709 920 964 966 LITEBA
1011 919 1150 963 PRO
1206 918 1657 963 coMEDENms
1704 920 2050 969 CARNIBUS
2084 924 2159 971 m
2192 928 2345 974 SEP-

525 1008 927 1053 TUAGESIMA
957 1006 1044 1051 m·
1079 1006 1154 1051 m
1187 1005 1453 1049 vmlLIA
1485 1006 1917 1089 zffA‘rlvrrA‘rls
1949 1012 2229 1060 Domnu-

773 1150 948 1217 [Cart.
973 1150 1092 1201 111.
1115 1146 1204 1201 fol.
1227 1150 1345 1198 221.
1372 1154 1430 1201 et
1457 1151 1501 1200 1.
1531 1152 1580 1200 3.
1602 1148 1777 1216 Papal.
1800 1152 1873 1203 Y.
1903 1154 1973 1219 1.]

317 1290 700 1356 Beatissime
728 1302 934 1375 pater,
966 1290 1312 1374 exponitur
1357 1310 1410 1351 s.
1454 1310 1517 1351 v.
1552 1289 1907 1369 [sanctitati
1940 1304 2199 1380 vestrae]
2229 1322 2313 1365 ex
2342 1316 2525 1388 parte

223 1379 616 1443 devotorum
669 1390 996 1442 oratorum
1045 1399 1103 1442 e.
1137 1396 1188 1443 s.
1243 1374 1480 1440 Prioris
1513 1390 1580 1439 et
1614 1376 1898 1461 Capituli
1925 1387 2295 1451 monasterii
2326 1394 2529 1458 eccle·

223 1464 342 1529 siae
379 1464 848 1541 Dunelmensis,
889 1462 1130 1527 ordinis
1173 1463 1380 1527 sancti
1431 1460 1785 1541 Benedicti,
1820 1467 1995 1552 quod
2024 1468 2213 1538 liceat
2248 1474 2435 1543 Prior
2463 1494 2531 1545 et

221 1550 530 1616 monachi
561 1550 626 1614 in
654 1550 832 1615 dicto
861 1550 1254 1614 monasterio
1296 1570 1416 1633 pro
1459 1560 1754 1636 tempore
1780 1552 2109 1638 degentes,
2126 1561 2315 1645 juxta
2340 1586 2530 1651 regu-

219 1636 392 1702 laria
440 1637 732 1702 instituta
779 1636 937 1701 dicti
981 1634 1245 1713 ordinis,
1279 1658 1530 1701 sacrum
1562 1637 1875 1721 jejunium
1905 1646 2200 1726 generale
2232 1663 2378 1715 ante
2408 1652 2532 1716 fes-

224 1737 370 1788 tum
399 1723 892 1789 resurreccionis
925 1722 1189 1785 Domini
1221 1724 1422 1786 nostri
1465 1721 1623 1787 Jesu
1672 1724 1913 1791 Christi
1942 1751 1983 1793 a
2010 1746 2233 1797 sancta
2262 1737 2528 1805 ecclesia

222 1812 596 1877 institutum
640 1809 855 1875 debite
901 1810 1264 1887 observent,
1315 1822 1386 1873 ut
1430 1820 1750 1889 tenentur,
1784 1833 1929 1876 cum
1974 1838 2015 1880 a
2044 1816 2366 1887 dominica
2387 1846 2531 1910 sep-

223 1896 610 1983 tuagesimae
657 1895 979 1961 exclusive
1030 1916 1232 1982 usque
1285 1894 1370 1959 ad
1418 1895 1803 1961 dominicam
1849 1902 2397 1991 quinquagesimae
2430 1912 2527 1975 in.

223 1984 494 2061 clusive,
527 1983 878 2048 secundum
908 1981 1432 2047 consuetudinem
1456 1996 1522 2047 et
1541 1996 1779 2049 statuta
1800 1984 1954 2050 dicti
1974 1995 2361 2074 monasterii,
2396 2020 2529 2065 non

223 2070 386 2135 licet
436 2070 526 2134 eis
577 2084 762 2135 extra
807 2070 1220 2134 refectorium
1267 2069 1608 2135 comedere
1653 2071 1823 2137 frixa
1854 2074 1955 2138 vel
1984 2077 2347 2163 frixaturas,
2381 2107 2529 2171 quae

221 2157 510 2221 multum
561 2155 980 2243 indisponunt
1022 2156 1110 2219 sic
1157 2157 1587 2236 comedentes,
1622 2171 1690 2223 et
1733 2157 2089 2244 impediunt
2116 2168 2289 2253 ipsos
2320 2174 2537 2257 quoad

223 2243 740 2309 celebracionem
771 2244 1154 2321 divinorum,
1181 2257 1246 2308 et
1269 2243 1659 2330 quandoque
1680 2266 1939 2329 gravem
1970 2248 2403 2323 infirmitatem
2436 2259 2534 2324 in-

223 2332 506 2407 ducunt,
563 2330 841 2396 maxime
889 2352 1034 2394 cum
1083 2330 1237 2394 dicti
1284 2330 1711 2414 supplicantes
1758 2332 1821 2397 in
1870 2347 2002 2399 tam
2049 2354 2191 2404 arto
2230 2343 2375 2408 loco
2406 2346 2534 2411 sint

225 2417 460 2481 situati
509 2418 686 2502 quod
743 2417 1015 2505 gardina
1065 2438 1273 2502 neque
1321 2438 1534 2481 aerem
1585 2417 1904 2483 salubrem
1957 2446 2078 2509 pro
2130 2432 2569 2499 recreacione‘

223 2516 507 2589 possunt
551 2502 809 2579 habere,
864 2516 933 2568 et
981 2503 1134 2601 quia
1181 2502 1398 2649 aliqui,
1426 2501 1628 2600 ’dicto
1680 2516 1970 2589 tempore
2009 2508 2298 2593 durante,
2348 2532 2535 2585 extra

224 2588 646 2654 refectorium
698 2590 919 2654 volunt
965 2610 1193 2673 pisceS,
1249 2610 1287 2651 a
1314 2590 1445 2675 iqui
1497 2609 1719 2653 carnes
1770 2590 1969 2659 frixas
2002 2596 2106 2661 vel
2135 2599 2329 2683 pistas
2358 2627 2531 2671 com-

227 2676 521 2753 medere,
553 2690 816 2761 propter
844 2696 1003 2763 quos
1035 2696 1166 2737 non
1190 2674 1516 2739 modicum
1538 2676 1801 2741 toedium
1820 2693 1884 2743 et
1916 2680 2443 2769 impedimentum
2470 2694 2536 2758 in

227 2764 414 2828 dicto
465 2762 856 2827 monasterio
902 2760 1216 2837 exoritur,
1281 2772 1347 2825 et
1401 2774 1671 2847 propter
1719 2762 2084 2851 hujusmodi
2132 2774 2536 2845 voluntatum

229 2850 680 2915 diversitatem
733 2849 936 2913 multa
981 2846 1284 2912 scandala
1313 2846 1626 2927 oriuntur,
1660 2862 1727 2914 et
1756 2852 2177 2923 servientibus
2209 2860 2272 2924 in
2303 2866 2533 2931 eodem

228 2937 426 3002 multi
456 2936 707 3000 labores
738 2934 1122 3019 insurgunt3
1177 2933 1420 3011 Quare,
1453 2954 1574 3018 pro
1604 2950 1789 3019 parte
1818 2940 2274 3022 praedictorum
2297 2948 2539 3019 Prioris

231 3038 302 3089 et
358 3022 667 3107 Capituli,
729 3026 1034 3087 sanctitas
1089 3036 1300 3086 vestra
1349 3020 1673 3087 humiliter
1744 3026 2156 3110 supplicatur,
2235 3037 2535 3122 quatinus

229 3110 434 3175 statui
467 3122 537 3174 et
567 3109 1128 3175 commoditatibus
1158 3108 1314 3173 dicti
1345 3110 1711 3174 monasterii
1739 3126 1931 3195 super
1960 3114 2078 3180 hiis
2109 3138 2425 3219 oportune
2456 3127 2541 3193 de

229 3195 640 3281 benignitate
669 3194 1021 3283 apostolica
1049 3195 1391 3297 providere
1415 3196 1789 3279 dignemini,
1822 3202 1997 3350 quod
2027 3202 2214 3271 dictis
2248 3208 2454 3276 Priori
2474 3226 2542 3279 et

237 3283 553 3368 Capitulo
605 3298 671 3348 et
727 3284 1200 3349 successoribus
1259 3282 1409 3362 suis,
1470 3304 1617 3347 cum
1676 3287 1850 3348 omni
1900 3310 1971 3351 us
2024 3290 2154 3357 suis
2212 3298 2536 3382 membris,

230 3372 431 3435 liceat
507 3384 693 3435 extra
763 3370 1176 3436 refectorium
1249 3392 1470 3436 carnes
1545 3392 1977 3462 quascumque
2046 3378 2350 3465 bipedum
2425 3404 2539 3454 aut

283 3458 696 3542 uatripedum
755 3460 821 3521 in
874 3457 1052 3523 dicto
1103 3471 1412 3543 tempore,
1475 3478 1551 3521 ac
1594 3456 1796 3523 eciam
1851 3462 1918 3526 in
1950 3464 2165 3549 vigilia
2192 3472 2541 3541 nativitatis

232 3480 516 3611 {omini
563 3546 768 3609 nostri
813 3543 969 3609 Jesu
1021 3544 1281 3622 Christi,
1329 3543 1629 3631 quotiens
1682 3548 1748 3608 in
1792 3546 2115 3617 dominica
2172 3561 2536 3645 contigerit,

234 3654 496 3695 necnon
549 3629 1057 3719 quibuscumque
1115 3630 1340 3695 diebus
1399 3630 1557 3709 aliis,
1618 3630 1685 3695 in
1758 3634 1987 3720 quibus
2062 3662 2149 3705 ex
2213 3664 2541 3734 praecepto

236 3718 530 3783 ecclesiae
561 3740 702 3782 esus
733 3720 1022 3783 carnium
1053 3740 1185 3782 non
1229 3731 1327 3783 est
1369 3716 1767 3798 interdictus,
1802 3725 2161 3808 comedere,
2194 3745 2262 3796 et
2290 3734 2549 3801 interim

237 3806 510 3869 minime
529 3806 824 3891 jejunare
856 3818 1233 3881 teneantur3
1280 3804 1866 3886 consuetudinibus,
1899 3816 2175 3893 statutis,
2208 3842 2283 3883 ac
2312 3824 2548 3886 consti„

237 3891 612 3957 tucionibus
664 3890 981 3955 dictorum
1031 3891 1270 3955 ordinis
1321 3904 1388 3956 et
1434 3894 1805 3957 monasterii
1833 3894 1899 3959 in
1940 3903 2330 3971 contrarium
2358 3907 2544 3973 editis

237 3980 344 4045 vel
375 3976 650 4045 edendis
680 3978 1079 4045 obstantibus
1107 3977 1613 4067 quibuscumque
1636 4001 1766 4045 non
1796 3982 2214 4059 obstantibus.
