3000 5117
544 480 643 544 50
1003 491 1208 542 ms'r.
1264 489 1627 542 nummu.
1669 487 2132 539 scmr‘rosss
2168 489 2381 542 raas·

452 649 494 745 [
550 652 735 720 vobis
788 652 1194 720 exhibuimus
1222 648 1667 728 reverentiam,
1728 672 1922 738 quam
1982 651 2169 717 alteri
2226 651 2649 720 faceremus.”
2742 651 2855 717 Ad

550 743 695 807 haec
728 742 1108 828 Episcopus,
1160 749 1206 781 “
1230 739 1487 804 Falsum
1532 751 1652 816 est,
1708 738 2007 825 quoniam
2053 760 2166 803 vos
2196 739 2499 804 tenemini
2558 739 2858 826 profiteri

548 851 766 893 coram
798 850 921 905 me,
954 841 1022 893 et
1063 827 1432 913 frequenter
1463 847 1573 890 vos
1604 825 1843 903 monui,
1877 848 1994 911 per
2049 826 2269 892 literas
2316 840 2382 892 et
2428 825 2674 892 medias
2704 848 2859 911 per-

549 937 758 994 sonas,
789 929 864 980 ut
891 915 1016 980 hoc
1045 913 1356 990 faceretis,
1387 911 1504 978 sed
1532 935 1784 998 semper
1812 913 2259 979 inobedientes
2284 911 2511 992 fuistis,
2542 928 2610 980 et
2640 914 2860 980 adhuc

553 1002 702 1068 estis
728 1027 745 1078 3
791 1001 1047 1068 creditis
1081 1023 1195 1066 vos
1219 1000 1457 1065 babere
1495 999 1783 1065 Priorem
1813 1000 1896 1064 de
1926 999 2241 1066 monacho
2273 1023 2403 1065 non
2435 1001 2723 1086 professo
2740 1001 2862 1079 ἶν’]

559 1090 926 1176 Respondit
967 1087 1229 1153 sacrista
1267 1109 1336 1152 se
1367 1108 1733 1174 nuncquam
1758 1087 2173 1152 monitionem
2204 1087 2483 1174 aliquam
2510 1087 2864 1153 aud-ivisse.

563 1177 650 1240 Et
693 1176 864 1242 faeta
920 1173 1332 1240 altercatione
1377 1173 1546 1238 inter
1587 1173 1854 1240 clericos
1888 1173 2193 1259 Episcopi
2238 1191 2307 1239 et
2349 1176 2697 1252 sacristam,
2732 1174 2867 1238 illis

554 1262 984 1348 allegantibus
1013 1261 1139 1327 hoc
1169 1262 1304 1326 fieri
1337 1261 1402 1325 in
1433 1261 1733 1325 omnibus
1757 1262 2037 1326 ecclesiis
2063 1260 2553 1327 cathedralibus
2572 1262 2863 1347 Angliae,

558 1349 672 1415 ubi
722 1350 973 1415 Priores
1016 1349 1287 1414 subsunt
1337 1347 1690 1434 Episcopi&
1724 1346 1864 1434 ipso
1894 1371 1931 1413 e
1962 1370 2273 1413 converso
2302 1349 2623 1434 allegante
2654 1350 2869 1414 eccle-

559 1436 718 1503 siam
754 1435 1262 1501 Dunolmensem-
1307 1435 1391 1502 ad
1436 1434 1561 1500 hoe
1596 1458 1726 1501 non
1775 1435 2001 1514 teneri,
2041 1458 2128 1518 'eo
2172 1435 2349 1522 quod
2382 1435 2573 1500 Prior
2602 1436 2867 1501 Dunol-

558 1527 815 1602 mensis,
863 1545 948 1590 ex
990 1523 1178 1608 privil
1267 1520 1356 1600 ‘o,·
1395 1521 1549 1606 jura
1600 1523 1873 1587 Abbatis
1925 1523 2226 1599 habebat,
2328 1522 2569 1588 uamvis
2612 1546 2867 1588 nomen

563 1610 824 1688 Prioris,
871 1627 942 1674 et
984 1609 1080 1674 ad-
1116 1610 1221 1675 Ab
1268 1621 1404 1674 atae
1461 1611 1742 1695 pertinet
1780 1609 2211 1695 professiones
2342 1609 2591 1676 mittere
2637 1633 2871 1676 mona-

560 1698 831 1762 chorum
858 1719 892 1773 3-
923 1696 987 1760 in
1026 1695 1324 1774 crastino,
1355 1717 1532 1773 vero,
1566 1719 1772 1774 mane,
1815 1694 1986 1761 misit
2017 1695 2375 1782 Episcopus
2405 1697 2578 1782 apud
2612 1698 2866 1763 Dunel·

559 1807 736 1850 mum
767 1782 1027 1850 fratrem
1059 1788 1124 1850 A
1147 1782 1230 1849 de
1251 1783 1330 1849 Cl
1376 1782 1542 1863 fton,
1564 1783 1905 1868 magistros
1927 1784 2369 1849 Alexandrum
2399 1785 2483 1849 de
2503 1785 2871 1850 Alvertone

563 1887 630 1938 et
667 1871 1016 1936 Ricardum
1061 1870 1144 1935 de
1178 1870 1308 1935 Bra
1357 1870 1517 1949 well,
1564 1885 1631 1937 et
1658 1873 1989 1935 dominum
2024 1870 2346 1936 Thomam
2376 1871 2460 1938 de
2490 1872 2815 1937 Leusham
2844 1896 2873 1949 ς

563 1961 699 2047 qui,
747 1957 1115 2023 convocatis
1157 1956 1478 2033 fratribus,
1520 1971 1963 2045 exposuerunt
1992 1959 2086 2024 eis
2119 1958 2516 2024 voluntatem
2551 1959 2873 2046 Episcopi

563 2068 757 2134 super
785 2045 1160 2131 praemissis3
1207 2057 1546 2110 monentes
1585 2068 1720 2120 eos,
1752 2059 1819 2111 et
1847 2060 2171 2131 rogantes,
2206 2061 2280 2112 ut
2320 2047 2387 2110 in
2418 2046 2543 2112 hoe
2572 2046 2874 2112 difficiles

563 2157 634 2200 se
683 2156 816 2199 non
869 2133 1261 2208 redderent3
1309 2139 1487 2215 {cum
1532 2133 1657 2197 hoc
1687 2132 2001 2198 deberent
2030 2134 2241 2198 faeere
2274 2146 2405 2198 tam
2452 2134 2537 2200 de
2588 2157 2874 2200 consue-

568 2221 794 2286 tudine
841 2235 1139 2306 optenta,
1185 2232 1474 2304 tempore
1529 2219 1878 2284 multorum
1928 2221 2473 2307 praedecessorum
2534 2221 2873 2308 Episcopi,

563 2331 756 2396 quarn
802 2330 916 2393 per
960 2308 1024 2372 le
1074 2308 1463 2384 Couvsm'r,
1518 2308 1685 2374 inter
1736 2307 2128 2393 Episcopum
2172 2323 2242 2373 et
2297 2308 2690 2394 Capitulum,
2740 2331 2873 2375 nec

564 2419 685 2484 per
706 2396 830 2461 hoc
860 2395 1256 2460 decresceret
1279 2395 1370 2459 eis
1401 2415 1522 2459 nee
1550 2407 1935 2460 accresseret
1983 2395 2330 2482 Episcopo,
2364 2410 2431 2460 et
2460 2397 2514 2459 si
2536 2396 2661 2460 hoc
2687 2398 2873 2462 face-

563 2497 732 2561 rent,
793 2482 1151 2548 invenirent
1199 2504 1346 2547 eum
1403 2481 1470 2544 in
1530 2485 1781 2548 caeteris
1838 2479 2257 2567 graciosum.}
2348 2483 2594 2548 Habito
2666 2483 2878 2574 igitur

564 2583 864 2648 tractatu,
896 2569 1070 2656 prius
1099 2568 1569 2653 responderunt
1596 2570 1989 2653 Conventus,
2014 2570 2192 2657 quod
2209 2573 2419 2656 parati
2442 2583 2627 2636 erant
2648 2571 2873 2639 facere

564 2657 869 2745 quicquid
913 2657 1262 2722 debebant.
1360 2655 1445 2720 Et
1493 2656 1646 2744 quia
1691 2657 1755 2720 in
1805 2657 1864 2722 le
1912 2658 2302 2736 convnmw,
2352 2658 2877 2742 [continebatur]

566 2745 754 2832 quod·
797 2744 1116 2822 monachi,
1177 2743 1349 2809 facta
1401 2743 1575 2828 prius
1623 2743 2012 2829 professione
2061 2767 2277 2810 coram
2339 2744 2589 2825 Priore,
2637 2763 2873 2832 postea

567 2832 886 2898 deberent
928 2832 1197 2897 eandem
1235 2851 1450 2896 coram
1485 2829 1807 2917 Episcopo
1844 2831 2195 2921 [recitare]'‚
2228 2844 2293 2896 et
2339 2831 2423 2896 ab
2466 2856 2552 2898 eo
2591 2836 2875 2921 solemp-

567 2942 721 2985 nem
765 2918 1284 2985 benedictionem
1330 2920 1645 3004 accipere,
1691 2918 2000 2984 dixerunt
2026 2920 2203 3006 quod
2248 2919 2523 2985 libenter
2552 2921 2872 3003 facerent,

572 3007 928 3072 dummodo
959 3005 1231 3072 formam
1273 3005 1343 3070 in
1371 3005 1611 3092 scripto
1644 3005 1939 3072 traditam
1972 3030 2103 3071 non
2134 3007 2545 3086 excederent,
2576 3031 2695 3076 nec
2726 3034 2873 3076 mu-

571 3108 826 3160 tarent:
857 3109 926 3159 et
948 3094 1073 3160 hoc
1095 3093 1157 3158 ei
1177 3115 1300 3177 per
1319 3115 1469 3159 suos
1489 3095 1745 3159 mittere
1768 3095 2129 3160 voluerunt.
2200 3093 2469 3160 Nunciis
2491 3118 2652 3180 ergo
2676 3097 2875 3185 Epis-

571 3182 716 3268 copi
763 3181 847 3246 ad
878 3181 1086 3267 ipsum
1141 3202 1286 3245 cum
1331 3180 1571 3265 gaudio
1600 3193 1863 3266 propter
1902 3179 2385 3268 responsionem
2422 3183 2869 3266 redeuntibus,

569 3271 744 3335 missi
775 3283 924 3333 sunt
953 3268 1037 3333 ad
1082 3274 1263 3348 [enm
1301 3268 1383 3336 R.
1417 3268 1502 3332 de
1535 3267 1845 3356 Medeley
1898 3283 1965 3334 et
2014 3269 2100 3338 H.
2152 3269 2235 3334 de
2291 3268 2715 3352 Horncaster,
2772 3273 2873 3343 W.

571 3357 658 3421 de
716 3355 1034 3422 Gr-etham
1086 3367 1155 3419 et
1203 3355 1507 3438 magister
1557 3358 1617 3421 A
1646 3354 1729 3420 de
1760 3355 2227 3441 Derlingtene]
2260 3379 2281 3433 3
2324 3357 2435 3444 qui
2462 3357 2521 3424 ei
2552 3357 2871 3442 dicerent,

572 3443 750 3531 quod
787 3445 1158 3508 Conventus
1201 3455 1458 3526 paratus
1487 3456 1627 3506 erat
1656 3442 2117 3527 professionem
2169 3467 2345 3509 suam
2392 3468 2610 3512 coram
2638 3470 2724 3514 eo
2768 3472 2879 3515 re-

572 3531 810 3616 cipere,
865 3545 932 3594 et
971 3528 1494 3593 benedictionem
1534 3529 1927 3613 solempnem
1960 3531 2251 3620 aepipere
2274 3556 2313 3618 „3-
2331 3533 2447 3598 sed
2476 3533 2747 3601 chorum
2780 3537 2878 3601 in-

621 3616 757 3682 redi
789 3639 918 3681 non
950 3615 1274 3695 cucullati,
1303 3628 1372 3681 et
1401 3615 1491 3681 ibi
1520 3616 1605 3681 ab
1634 3639 1715 3682 eo
1743 3616 1943 3696 indui,
1977 3631 2043 3685 et
2072 3619 2163 3684 sic
2191 3642 2311 3706 per
2340 3621 2627 3688 triduum
2660 3624 2878 3692 velata

572 3642 739 3770 {wie
771 3703 1091 3781 incedere,
1117 3704 1298 3790 quasi
1329 3703 1506 3768 nulla
1532 3717 1703 3769 esset
1736 3703 1835 3769 vel
1853 3705 2057 3770 inanis
2078 3707 2385 3792 professio
2402 3731 2629 3775 eorum
2652 3732 2879 3779 coram

581 3792 806 3857 Priore
837 3792 1027 3868 facta,
1059 3791 1345 3878 quamvis
1376 3791 1581 3878 ipsum
1616 3791 1743 3857 hoc
1775 3793 1938 3858 velle
1962 3795 2321 3874 crederent,
2368 3796 2435 3860 id
2468 3797 2647 3862 nullo
2670 3802 2875 3867 modo

574 3879 788 3946 facere
825 3877 1182 3945 voluerunt.
1257 3879 1641 3964 [Rogabant
1672 3879 1889 3960 etiam,
1920 3881 2096 3968 quod
2126 3881 2289 3948 sicat
2319 3882 2440 3968 ipsi
2461 3885 2668 3968 parati
2688 3904 2881 3957 erant

575 3969 885 4033 articulos·
924 3966 989 4030 in
1033 3967 1095 4031 le
1130 3967 1498 4032 Convmwr
1527 3984 1867 4032 contentos
1896 3970 2255 4045 observare,
2286 3970 2420 4056 ipse
2449 3972 2753 4039 articulos
2784 4000 2877 4043 ex

576 4073 761 4141 parte
805 4077 922 4120 sua
967 4053 1232 4119 omissos
1283 4055 1650 4140 corrigeret,
1700 4069 1768 4119 et
1814 4055 1898 4121 de
1950 4070 2189 4122 caetero
2232 4058 2471 4124 faceret
2515 4061 2874 4132 observari.

577 4143 729 4207 Istis
777 4141 1035 4219 auditiS,
1083 4140 1340 4206 subrisit
1398 4141 1774 4228 Episcopus,
1808 4143 2049 4224 dicens,
2102 4153 2147 4187 “
2168 4146 2221 4209 si
2249 4160 2682 4231 apponeretur
2709 4151 2877 4222 mihi

577 4229 890 4296 ferculum
938 4229 1307 4307 delicatum,
1356 4230 1599 4316 absque
1646 4229 2079 4309 condimento,
2110 4255 2242 4297 non
2274 4233 2679 4299 obmitterem
2710 4240 2879 4324 quin

577 4317 981 4382 comederem
1008 4339 1028 4393 3
1053 4317 1252 4401 magis
1282 4317 1564 4401 placeret
1584 4316 1637 4380 si
1658 4318 2137 4384 condimentum
2162 4318 2453 4386 haberet.
2516 4323 2653 4387 Vos
2677 4326 2881 4394 vultis

576 4405 818 4469 habere
841 4403 1154 4470 ferculum
1179 4403 1315 4469 sine
1339 4404 1773 4485 condimentO,
1798 4421 1887 4484 et,
1912 4429 1999 4471 ex
2020 4430 2151 4493 quo
2176 4408 2356 4474 vobis
2381 4410 2613 4494 placet,
2638 4413 2881 4483 sufficit

576 4489 790 4557 mihi.²’
886 4491 962 4559 In
1009 4491 1282 4558 crastino
1323 4512 1498 4572 vero,
1544 4491 1609 4558 in
1654 4515 1903 4572 aurora,
1939 4495 2179 4562 vocatis
2210 4496 2458 4564 nunciis
2490 4520 2707 4565 coram
2740 4501 2874 4571 cle-
