3000 5117
521 475 620 550 fle
1025 497 1227 550 ms‘r.
1265 495 1619 549 nonum.
1661 495 2116 548 semri-oues
2151 491 2359 550 ms.

515 769 712 898 paam
742 748 1214 832 perturbatores
1234 745 1734 831 Junsdiccionis,
1755 767 1837 810 eo
1864 768 1951 830 qu
2066 767 2439 847 processum
2470 749 2831 833 praefatum·

544 849 826 913 ecerum,
888 835 954 900 in
997 833 1386 899 sentenciam
1439 832 2116 898 excommunicationis
2175 833 2468 900 incidisse
2573 858 2833 902 tonuit-

515 922 788 1002 ciarunt,
821 920 1179 988 sentencias
1209 941 1432 986 eorum
1463 918 1829 984 diffinitivas
1858 919 2345 986 interlocutorie
2374 943 2501 987 con
2550 945 2649 988 em
2700 947 2825 990 na-

517 1023 750 1088 torum,
810 1032 923 1075 seu
983 1008 1423 1074 absolutorum
1481 1007 1921 1072 adnullante&
2023 1007 2248 1072 Abbas
2291 1031 2446 1074 vero
2503 1031 2639 1095 prae
2666 1027 2829 1077 atus·

517 1121 558 1161 a
600 1111 904 1182 magistro
942 1096 1022 1161 R.
1054 1109 1121 1161 et
1157 1095 1256 1163 W.
1287 1094 1521 1159 eodem
1566 1095 1766 1158 modo
1795 1093 1947 1158 istos
1977 1096 2634 1176 excommunieamnt,
2668 1110 2823 1162 tan-

515 1205 708 1270 quam
757 1183 1175 1270 impedientes
1206 1203 1426 1246 eorum
1464 1179 1919 1267 jurisdictioni,
1952 1194 2023 1245 et
2050 1181 2199 1268 quic
2246 1183 2355 1247 uid
2386 1206 2507 1269 per
2536 1207 2647 1249 eos
2677 1183 2823 1250 fac-

519 1286 655 1336 tum
686 1271 1036 1336 irritarunt.
1130 1267 1233 1333 Ex
1258 1281 1443 1355 parte
1463 1273 1619 1332 'vero
1648 1267 1887 1332 Prioris
1918 1281 1985 1333 et
2013 1205 2277 1354 capituli
2299 1268 2423 1334 fuit
2453 1272 2543 1335 ab
2566 1273 2827 1338 eisdem-

525 1357 622 1426 W.
655 1358 739 1423 de
768 1357 1066 1436 Newerk,
1099 1357 1160 1422 J.
1198 1353 1459 1434 Clarell,
1490 1355 1557 1420 J.
1587 1355 1671 1419 de
1702 1355 1878 1420 Luto
1906 1355 2299 1441 appellatum
2332 1359 2414 1422 ad
2448 1359 2815 1426 Romanam

514 1445 754 1510 curiam
799 1446 1063 1523 directe,
1111 1457 1176 1510 et
1228 1443 1316 1508 ad
1363 1443 1605 1507 curiam
1639 1442 2175 1508 Cantuariensem
2220 1446 2672 1531 peremptorie,
2728 1470 2829 1513 eo

514 1533 690 1620 quod
713 1533 992 1597 decanus
1023 1529 1514 1618 Lyncolniensis
1543 1529 1957 1615 praesenciam
1987 1553 2165 1595 suam
2198 1531 2509 1614 exhibens
2542 1534 2825 1612 Abbati,

515 1633 584 1685 et
621 1619 705 1685 H.
739 1632 806 1684 et
845 1619 926 1686 R.
959 1640 1079 1704 pro
1107 1617 1411 1684 tribunali
1439 1617 1828 1694 sedentibus,
1862 1630 1929 1682 et
1958 1618 2459 1704 procedentibus
2496 1621 2561 1684 in
2593 1643 2819 1700 causa,

514 1729 632 1793 per
659 1707 785 1772 hoc
814 1706 1070 1771 videtur
1099 1703 1290 1770 tacite
1321 1705 1727 1769 renunciasse
1770 1705 1877 1768 vel
1907 1727 2240 1770 revocasse
2268 1709 2811 1784 commissionem,

511 1797 567 1861 si
611 1816 806 1883 quam
848 1793 1044 1869 fecit3
1118 1792 1252 1878 ipse
1311 1791 1509 1857 etiam
1566 1804 1897 1856 recusatus
1955 1792 2243 1876 legitime
2293 1793 2534 1858 nullam
2596 1795 2814 1861 facere

515 1881 765 1968 potuit3
803 1879 1236 1947 cancellarius
1266 1881 1458 1944 etiam
1491 1878 1973 1966 Lyncolniensis
2001 1880 2067 1944 in
2092 1878 2229 1944 istis
2254 1879 2491 1946 nullam
2507 1882 2817 1966 jurisdic-

515 1970 756 2035 tionem
803 1967 1250 2033 transfundere
1294 1964 1526 2051 potuit,
1571 1966 1724 2052 quia
1768 1967 2050 2051 plenarie
2094 1967 2268 2052 prius
2296 1967 2435 2032 aliis
2464 1970 2819 2036 commisit.

517 2056 1000 2142 Inhibitumque
1045 2052 1166 2118 fuit
1209 2075 1324 2138 per
1368 2051 1609 2117 curiam
1658 2053 2185 2119 Cantauriensem
2226 2054 2476 2121 decano
2523 2056 2817 2143 Lyncol-

512 2144 720 2209 niensi
761 2156 830 2209 et
879 2141 1302 2220 cancellario,
1341 2139 1437 2205 W.
1467 2141 1532 2206 J.
1578 2153 1643 2204 et
1674 2140 1737 2209 J.
1770 2162 1995 2206 eorum
2026 2141 2492 2221 commissariis,
2525 2161 2595 2209 et
2622 2162 2819 2212 erant

513 2231 694 2298 citati
734 2251 1110 2318 comparere
1157 2227 1223 2292 in
1277 2228 1577 2292 Arcubus
1640 2227 2026 2307 Lundoniae,
2084 2247 2151 2294 vt
2200 2229 2307 2296 die
2343 2231 2627 2315 juridico
2657 2248 2817 2319 post

513 2318 906 2384 dominicum
937 2338 1068 2404 qua
1094 2327 1388 2381 cantatur
1419 2317 1867 2381 Misericordia
1897 2319 2179 2382 Domini.
2280 2316 2431 2393 Quo
2474 2319 2579 2383 die
2630 2343 2817 2385 com-

513 2419 832 2492 parentes,
863 2405 928 2474 J.
966 2403 1203 2470 Clarell
1240 2401 1560 2468 recusavit
1588 2401 1699 2480 ibi,
1733 2415 1801 2467 et
1830 2403 1893 2468 J.
1926 2402 2009 2468 de
2042 2403 2220 2468 Luto
2248 2405 2553 2484 similiter,
2586 2409 2817 2473 subire

503 2493 837 2582 judicium,
887 2491 1084 2556 immo
1130 2489 1463 2555 officialem
1524 2488 1961 2570 inhibuerunt,
1994 2513 2075 2556 ne
2121 2490 2364 2579 aliquid
2410 2494 2471 2557 in
2502 2495 2813 2580 praejudi-

511 2581 682 2648 cium
703 2577 1176 2666 jurisdiccionis
1205 2599 1434 2642 eorum
1457 2589 1893 2662 attemptaret.
1982 2577 2289 2645 Decauus
2318 2579 2813 2667 Lyncolniensis

511 2681 581 2734 et
647 2667 744 2736 W.
793 2668 878 2732 de
933 2665 1214 2732 Newerk
1257 2665 1343 2729 ibi
1387 2665 1739 2750 procedere
1798 2680 2271 2746 concesserunt,
2316 2682 2385 2733 et
2426 2670 2518 2733 sic
2562 2669 2810 2736 curiam

513 2755 688 2820 illam
735 2754 1006 2819 illudere
1057 2751 1494 2830 intendebant,
1556 2774 1703 2816 cum
1756 2773 1979 2818 eorum
2054 2775 2251 2820 causa
2320 2769 2458 2821 erat
2524 2777 2807 2829 annexa.

513 2841 824 2909 Officialis
855 2855 1069 2906 tamen
1099 2853 1295 2905 testes
1331 2838 1573 2905 Prioris
1602 2853 1669 2904 et
1712 2839 1972 2925 capituli
2006 2841 2413 2920 examinavit,
2444 2843 2559 2908 sed
2586 2845 2808 2930 publi-

511 2953 660 2996 care
691 2952 892 3016 usque
923 2928 987 2993 in
1019 2927 1188 2993 diem
1219 2929 1438 2992 martis
1469 2927 1830 3011 proximum
1863 2929 2229 3012 protelavit.
2304 2929 2432 2994 Die
2464 2953 2618 2996 vero
2638 2955 2809 2997 mer-

511 3017 670 3084 curii
729 3017 1026 3102 proxime
1084 3026 1234 3103 post
1285 3029 1542 3079 octavas
1604 3014 1958 3092 Trinitatis,
2020 3016 2375 3102 praedictus
2430 3019 2657 3086 Abbas
2718 3021 2809 3085 de

516 3105 857 3183 Waltham,
917 3103 1004 3172 H.
1059 3117 1128 3170 et
1179 3103 1261 3167 R.
1307 3100 1669 3168 cancellarii
1716 3103 2205 3189 Lyncolniensis
2248 3107 2688 3186 commissarii,
2736 3110 2805 3172 in

509 3193 781 3258 ecclesia
809 3204 1048 3258 sanctae
1093 3189 1327 3255 Mariae
1361 3191 1559 3274 juxta
1602 3204 1863 3274 pontem
1913 3190 2302 3256 Stanfordiae
2332 3215 2451 3278 pro
2496 3194 2805 3260 tribunali

509 3282 825 3357 sedenteS‚
872 3280 1070 3343 docto
1117 3279 1268 3362 [ita]
1323 3278 1496 3361 prius
1541 3275 1623 3341 de
1668 3276 1979 3342 citacione
2025 3279 2533 3366 Archiepiscopi3
2566 3299 2635 3348 et
2661 3283 2807 3347 aliis

507 3391 580 3432 re
626 3367 849 3444 uisitis,
902 3364 1332 3450 praeconizato
1353 3363 1891 3450 ¹Archiepiscopo,
1923 3379 1991 3428 et
2034 3365 2284 3430 diucius
2315 3381 2685 3452 expectato,
2733 3385 2805 3436 et

506 3391 688 3519 untho
717 3453 914 3518 modo
965 3464 1394 3551 comparente,
1439 3451 1749 3538 factisque
1778 3452 1937 3530 aliis»,
1984 3476 2131 3539 quae
2167 3457 2331 3541 juris
2361 3455 2803 3541 sollempnitas

506 3541 791 3628 requirit,
819 3539 1078 3621 tandem
1111 3559 1314 3622 ipsum
1341 3537 1909 3623 Archiepiscopum
1942 3556 2382 3607 contumacem
2416 3545 2810 3628 pronuncia·-

508 3641 680 3706 runt,
734 3626 1024 3692 Priorem
1055 3639 1120 3690 et
1149 3625 1500 3710 capitulum
1539 3625 1823 3714 legitime
1868 3627 2244 3712 appellasse,
2276 3643 2346 3694 et
2390 3631 2611 3696 omnia
2651 3647 2808 3718 post

510 3716 574 3781 in
605 3737 828 3780 eorum
859 3712 1308 3799 praejudicium
1353 3726 1740 3800 attemptata
1790 3713 1968 3780 irrita
2010 3716 2439 3782 declararunt.
2530 3719 2806 3784 Archie-

507 3803 687 3891 pisco
737 3825 844 3866 um
897 3799 966 3866 in
1013 3821 1094 3864 cc
1140 3799 1343 3878 libris,
1394 3823 1525 3865 uno
1569 3801 1833 3866 denario
1877 3801 2083 3866 minus
2114 3803 2684 3890 condempnantes,
2732 3823 2805 3873 et

507 3892 690 3980 singu
719 3914 756 3956 a
799 3888 972 3955 facta
1013 3910 1130 3974 per
1168 3887 1261 3950 W.
1293 3886 1376 3952 de
1429 3887 1728 3968 Newerk,
1772 3890 1838 3957 J.
1876 3889 2139 3968 Clarell,
2172 3891 2233 3956 J.
2264 3891 2349 3956 de
2383 3892 2560 3958 Luto
2590 3892 2805 3959 irrita-

509 3993 680 4056 runt,
751 3975 854 4043 vel
923 3975 1103 4041 irrita
1171 3975 1692 4062 pronunciarunt.
1790 3977 1893 4040 Ad
1960 3977 2441 4062 suggestionem
2515 3982 2807 4068 episcopi

510 4065 964 4132 Dunelmensis
1009 4077 1078 4128 et
1126 4061 1382 4141 Prioris,
1429 4063 1681 4148 scripsit
1722 4085 1891 4149 papa
1940 4064 2261 4131 Martinus
2308 4067 2669 4132 Abbatibus
2714 4069 2805 4134 de

515 4155 755 4218 Sancto
794 4150 1140 4216 Edmundo
1185 4164 1247 4216 et
1280 4150 1360 4215 de
1399 4150 1707 4237 FurneyS,
1740 4166 1811 4215 et
1838 4151 2087 4217 decano
2122 4153 2586 4232 Londoniensi,
2620 4157 2805 4242 quod

503 4240 884 4306 sententiam
916 4237 1332 4324 praemissam,
1381 4238 1430 4302 si
1469 4239 1713 4324 justam
1758 4239 2140 4318 invenirent,
2174 4241 2554 4306 auctoritate
2585 4245 2806 4329 Apos-

505 4327 700 4392 tolica
741 4327 1217 4394 confirmarent.
1314 4325 1571 4393 Abbate
1630 4325 1823 4412 igitur
1869 4326 1951 4390 de
2002 4329 2054 4392 F
2059 4350 2308 4414 urueys,
2355 4342 2671 4407 recusato,
2723 4355 2804 4396 eo

505 4415 679 4502 quod
727 4411 984 4478 scolaris
1029 4426 1092 4477 et
1137 4411 1482 4498 discipulus
1531 4414 2035 4499 Archiepiscopi‚
2083 4430 2148 4479 et
2192 4415 2252 4480 ei
2296 4415 2622 4482 familiaris
2653 4417 2803 4496 fuit,

509 4499 808 4567 abbathia
853 4515 926 4566 et·
961 4499 1244 4566 maneria
1287 4523 1404 4566 sua
1445 4499 1512 4564 in
1561 4500 2043 4589 Archiepiscopi
2075 4503 2329 4570 diocese
2358 4503 2500 4583 sita,
2534 4507 2804 4570 commi-
