3000 5117
508 474 718 551 GClXii
988 496 1187 549 1115‘1‘.
1228 498 1582 551 DUNELM.
1635 474 2090 549 SCRIPTORES
2119 499 2330 550 TREs..

512 658 679 722 flesto
724 658 973 725 Natalis
1004 660 1293 740 Domini,
1324 657 1710 727 sustinebitt
1753 683 1900 749 qnoe
1941 664 2250 748 expensae
2281 662 2350 727 in
2373 662 2538 729 festo
2570 664 2834 731 Natalis

512 759 779 829 possunt
808 768 1187 813 concurrere
1220 748 1406 812 valde
1434 748 1727 813 honeste.

612 831 929 906 Quartum
977 847 1073 899 est
1104 874 1185 883 —
1224 836 1443 913 Quod,
1492 848 1756 921 propter
1784 834 1988 900 dictas
2018 858 2258 913 causas,
2291 837 2633 903 reverendi
2665 860 2840 924 prae-

518 918 886 1007 decessores
918 920 1205 998 Domini,
1230 921 1471 987 scilicet
1498 922 1822 987 Antonius
1848 922 2068 987 Beeke
2090 937 2160 987 et
2187 916 2473 989 Thomas
2503 924 2836 1006 Hattfeld,

518 1018 585 1072 et
612 1006 739 1084 alii,
775 1008 838 1071 in
870 1008 1037 1072 festo
1072 1008 1320 1073 Natalis
1354 1008 1619 1074 Domini
1649 1006 1902 1073 fuerant
1932 1008 2262 1077 installati.

616 1092 930 1167 Quintum
977 1110 1075 1159 est
1104 1138 1189 1149 —
1220 1095 1486 1159 Festum
1533 1096 1784 1161 Natalis
1816 1095 2083 1162 Domini
2113 1096 2410 1181 proxime
2437 1097 2736 1164 futurum
2769 1100 2838 1163 in

518 1179 839 1246 dominica
894 1181 1251 1270 continget,
1314 1204 1505 1268 quam
1567 1195 1921 1269 sequuntur
1976 1182 2368 1251 immediate,
2395 1200 2682 1270 quatuor
2731 1188 2839 1252 vel

519 1267 800 1355 quinque
843 1268 981 1333 dies
1024 1267 1351 1347 carnium3
1398 1269 1568 1333 unde
1604 1269 1807 1333 levius
1839 1284 1906 1333 et
1937 1269 2165 1334 melius
2195 1272 2559 1357 supportari
2591 1274 2839 1359 poterit

517 1375 679 1417 onus
709 1377 903 1440 quam
934 1357 987 1419 si
1018 1369 1228 1421 essent
1258 1355 1394 1420 dies
1424 1354 1613 1419 mixti
1643 1356 1929 1420 carinium
1962 1368 2029 1420 et
2060 1356 2352 1441 piscium.

612 1442 882 1507 Sextum
936 1458 1035 1506 est
1085 1484 1171 1496 --
1228 1442 1425 1517 Quod
1475 1442 1544 1507 in
1591 1443 1696 1508 die
1731 1442 2004 1507 Veneris
2057 1457 2206 1509 ante
2256 1444 2563 1510 Natalem
2615 1461 2840 1531 posset

519 1523 839 1591 Dominus
879 1551 1085 1614 prope
1130 1528 1526 1593 Dunelmum
1568 1529 1878 1614 hospitari
1903 1554 1928 1605 3.
1964 1542 2032 1593 et
2062 1530 2126 1593 in
2157 1531 2455 1609 crastino,
2487 1532 2738 1598 scilicet
2773 1536 2838 1599 in

522 1614 739 1698 vigilia
764 1616 1013 1680 Natalis
1056 1615 1347 1693 Domini,
1393 1639 1572 1681 suam
1603 1617 1936 1681 ecclesiam
1971 1619 2175 1701 primo
2205 1618 2465 1695 intrare,
2499 1634 2567 1684 et
2597 1622 2841 1685 eodem

520 1700 629 1767 die
673 1700 735 1764 in
782 1724 961 1767 suam
1008 1702 1227 1766 sedem
1274 1703 1602 1781 installari,
1645 1718 1711 1769 et
1739 1704 1970 1769 festum
2006 1703 2254 1768 Natalis
2293 1706 2567 1770 Domini
2599 1720 2667 1771 et
2697 1730 2840 1771 suae

518 1788 967 1853 installncionis
1011 1790 1242 1854 eodem
1282 1789 1395 1854 die
1420 1790 1726 1877 incipere,
1762 1804 1830 1855 et
1861 1812 2156 1875 vesperas
2187 1790 2252 1854 in
2283 1791 2500 1877 vigilia
2526 1805 2600 1857 et
2629 1796 2840 1880 majo-

516 1896 656 1938 rem
690 1876 941 1940 missam
972 1876 1037 1939 in
1072 1875 1369 1953 crastina,
1404 1878 1457 1941 si
1490 1877 1761 1963 placeat,
1793 1876 2135 1942 celebrare.

611 1962 971 2047 Septimum
1016 1976 1115 2027 est
1158 1998 1248 2013 —
1296 1964 1523 2029 Solent
1556 1964 1825 2029 Domini
1869 1965 2374 2049 praedecessores
2407 1966 2530 2043 sui,
2565 1966 2654 2031 ad
2685 1990 2836 2033 suas

522 2048 993 2114 installaciones
1052 2050 1585 2116 honorificencius
1644 2051 2078 2129 celebrandas,
2146 2052 2338 2117 robes
2395 2066 2464 2117 et
2523 2054 2838 2120 liberatas

518 2136 795 2201 vestium
839 2136 967 2200 suis
1012 2136 1233 2202 amicis
1277 2152 1346 2202 et
1389 2136 1805 2203 servitoribus
1835 2138 2172 2214 conferre3
2217 2140 2394 2225 quod
2425 2142 2837 2206 commodius

520 2236 589 2287 et
634 2223 1167 2289 honorificencius
1208 2224 1349 2288 fieri
1394 2225 1635 2310 poterit
1664 2224 1730 2288 in
1761 2224 1939 2288 dicto
1968 2224 2154 2303 feste,
2207 2240 2276 2290 et
2315 2248 2480 2291 onus
2511 2250 2838 2314 expensa·

519 2332 661 2374 rum
708 2310 1072 2395 hujusmodi
1117 2311 1199 2375 ad
1246 2334 1546 2395 magnam
1592 2334 1904 2377 summam
1936 2311 2159 2377 vitare.

620 2398 935 2463 Octavum
968 2411 1068 2462 est
1085 2398 1379 2473 —Quod
1410 2414 1562 2464 ante
1581 2399 1825 2463 dictum
1855 2400 2088 2463 festum
2121 2398 2458 2465 commode
2483 2401 2840 2488 providere

522 2507 655 2549 non
718 2486 954 2571 poterit
990 2486 1277 2551 Domino
1344 2486 1427 2551 de
1497 2486 1646 2551 vino
1707 2508 1827 2571 pro
1869 2485 2308 2551 installacione
2368 2503 2437 2552 et
2497 2489 2640 2554 aliis
2699 2490 2836 2553 suis

523 2572 827 2656 hospiciis
860 2573 1102 2638 utiliter
1146 2573 1419 2659 disponi.

618 2660 890 2743 Propter
936 2682 1083 2746 qnae
1130 2659 1371 2724 motiva
1410 2660 1670 2724 videtur
1714 2659 1919 2724 Priori
1984 2657 2426 2739 Dunelmensi,
2529 2661 2836 2728 Roberto

529 2746 938 2824 Conestable,
977 2758 1044 2810 et
1088 2745 1391 2830 magistro
1464 2747 1760 2811 Roberto
1805 2747 2140 2824 Tattman,
2215 2748 2392 2835 qnod
2449 2748 2838 2834 hujusmodi

523 2847 702 2897 aetus
731 2834 799 2897 in
828 2833 1198 2921 dicto-festo
1228 2836 1312 2897 sit
1340 2833 1739 2898 commodius
1769 2833 2214 2902 celebrandus.

702 3198 961 3243 ccxxn.
1010 3198 1458 3244 ExonnnAcm
1508 3200 1818 3244 ROBERTI
1869 3200 2315 3245 coNES'rABLB
2349 3202 2660 3251 cimon,-

980 3284 1172 3329 LARn
1206 3286 1462 3330 DOMINI
1499 3288 1990 3331 DUNELMBNSIS
2023 3288 2363 3333 Episcopi.

1349 3402 1510 3472 [Reg.
1529 3403 1644 3455 111.
1667 3402 1757 3461 fol.
1779 3406 1900 3460 260.
1921 3405 1999 3468 b.]

611 3518 1108 3584 Memorandum
1155 3518 1331 3603 quod
1376 3540 1546 3583 anno
1592 3518 1864 3583 Domini
1895 3518 2236 3583 millesimo
2268 3530 2589 3599 ccccxv,
2642 3540 2844 3593 sexto

522 3606 629 3670 die
684 3604 915 3669 mensis
965 3606 1386 3690 Septembris,
1444 3606 1742 3671 videlicet
1781 3607 1845 3669 in
1875 3605 2042 3670 festo
2071 3607 2282 3671 sancti
2313 3606 2634 3687 Nicholai,
2667 3612 2844 3678 hora

520 3691 713 3779 quasi
757 3690 1005 3755 decima
1057 3703 1209 3756 ante
1262 3713 1524 3770 nonam,
1583 3692 1644 3756 in
1681 3693 2050 3758 revestiario
2101 3692 2392 3757 ecclesiae
2432 3697 2838 3765 cathedralis

522 3779 994 3857 Dunelmensis,
1044 3801 1259 3843 coram
1292 3779 1558 3843 domino
1585 3778 1886 3845 Johann'e
1926 3780 2377 3867 Wessyngton,
2427 3781 2654 3848 Priore
2686 3784 2844 3851 Du-

517 3864 853 3943 nelmensi,
886 3865 1196 3950 magistro
1225 3866 1525 3931 Johanne
1563 3864 1820 3931 Norton
1846 3866 2082 3931 vicario
2104 3867 2408 3951 generali,
2436 3881 2501 3932 et
2531 3869 2842 3939 Roberto

524 3954 699 4019 Eure
732 3953 1132 4018 seneschallo
1180 3953 1422 4017 domini
1504 3953 1955 4017 Dunelmensis
2003 3953 2306 4039 episcopi,
2354 3955 2660 4043 magister
2695 3960 2840 4025 Ro-

522 4042 753 4106 bertus
805 4039 1147 4105 Beumoud
1204 4039 1584 4105 deliberavit
1641 4040 1932 4104 Roberto
1993 4041 2389 4105 Conestable
2443 4044 2840 4111 cancellario

520 4128 841 4213 quandam
888 4126 1137 4192 literam
1191 4128 1311 4191 sub
1363 4126 1614 4211 privato
1661 4126 1874 4211 sigillo
1917 4127 2148 4211 prefati
2197 4128 2467 4194 Domini
2521 4129 2839 4219 Episcopi

520 4214 702 4297 cnjus
729 4214 883 4277 data
912 4227 1009 4278 est
1058 4216 1330 4301 (blank)
1384 4214 1489 4278 die
1523 4214 1758 4279 mensis
1792 4214 2064 4301 (blank)
2097 4237 2274 4279 anno
2307 4214 2578 4279 Domini
2607 4240 2838 4307 supra-

522 4302 717 4377 dicte,
764 4322 956 4384 super
1000 4300 1466 4365 exoneracione
1513 4300 1805 4386 praedicti
1840 4301 2114 4365 Roberti
2151 4302 2545 4368 conestable
2574 4320 2644 4368 et
2670 4308 2836 4373 deli-

521 4384 859 4452 beracione
912 4386 1124 4472 magni
1184 4402 1252 4453 et
1310 4388 1572 4453 rotundi
1631 4388 1819 4474 sigilli
1881 4387 2308 4453 Cancellariae
2369 4389 2524 4456 dicti
2585 4392 2832 4460 domini

518 4472 843 4561 episcopi3
912 4489 978 4539 et
1027 4473 1227 4540 tercio
1275 4474 1382 4543 die
1434 4494 1770 4565 sequente,
1822 4473 2062 4544 scilicet
2110 4476 2176 4542 in
2215 4478 2499 4543 crastino
2533 4477 2834 4569 Concep-
