3000 5117
763 442 1182 494 APPENDIX.
1223 444 1406 494 ANN.
1449 444 1781 497 mccccx.
1799 477 1816 497 .
2332 428 2491 501 cciii

367 918 714 964 chxxvn.
760 916 992 963 BULLA
1039 918 1390 963 :IOHANNIS
1437 918 1633 964 PAPAE
1677 920 1857 965 xxnl
1904 920 2023 967 mn
2070 921 2319 967 strun-

505 1006 694 1051 TURA
727 1006 941 1051 mnu
972 1005 1340 1050 CAPRLLAM
1373 1006 1699 1051 common
1733 1008 2169 1054 oxomlmsls,

1065 1122 1236 1188 [east.
1262 1122 1376 1175 111.
1401 1121 1442 1176 f.
1472 1124 1611 1188 ιω]

273 1240 610 1307 Johannes
663 1240 724 1305 E
769 1240 1040 1324 {scopus
1095 1260 1316 1303 servus
1355 1260 1687 1305 servorum
1736 1237 1887 1317 Dei,
1936 1238 2019 1303 ad
2078 1239 2356 1305 futuram
2404 1242 2493 1307 rei

183 1328 588 1393 memoriam.
761 1326 1058 1391 umilibus
1087 1344 1156 1391 et
1183 1324 1467 1392 honestis
1498 1325 1860 1411 supplicum
1884 1325 2071 1403 votis,
2107 1328 2199 1391 eis
2228 1350 2495 1412 praeser-

187 1414 328 1493 tim,
366 1437 512 1501 quae
550 1412 790 1481 Christi
819 1412 1102 1478 fidelium
1149 1412 1422 1477 salutem
1452 1412 1807 1477 animarum
1838 1413 2257 1497 conspiciunt,
2290 1414 2495 1481 liben-

185 1512 291 1565 ter
339 1501 716 1578 annuimus3
761 1522 988 1587 eaque,
1041 1512 1354 1587 quantum
1407 1522 1555 1565 cum
1600 1500 1751 1565 Deo
1777 1522 2137 1584 possumus,
2168 1500 2491 1568 favoribus

183 1610 384 1672 prose
431 1588 640 1652 uimur
667 1586 1026 1673 oportunis.
1089 1588 1260 1653 Sane
1289 1586 1530 1672 peticio
1554 1608 1673 1671 pro
1703 1599 1885 1671 parte
1916 1584 2296 1651 dilectorum
2328 1590 2495 1653 filio-

184 1697 336 1737 rum
465 1674 701 1739 ustodis
753 1687 822 1739 et
875 1673 1324 1738 nonnullorum
1372 1672 1853 1737 Monachorum
1911 1672 2196 1753 ecclesiae
2244 1674 2497 1741 Dunel-

185 1761 424 1839 mensi,
486 1760 746 1826 Ordinis
819 1760 1022 1825 sancti
1104 1758 1462 1838 Benedicti,
1526 1781 1603 1824 ac
1666 1758 2019 1823 Scolarium
2080 1760 2141 1823 in
2207 1760 2498 1847 Collegio

185 1848 623 1913 Dunelmensi
665 1860 1054 1931 nuncupato,
1086 1858 1276 1911 extra
1316 1868 1535 1911 muros
1571 1843 1833 1922 Oxonii,
1871 1846 2314 1912 Lincolnensis
2356 1850 2497 1914 dio·

185 1956 434 2013 ceseos,
479 1934 836 1999 litterarum
884 1933 1102 1998 studio
1133 1931 1586 2011 insistencium,
1618 1932 1857 2017 peticio
1885 1933 2280 2014 continebat,
2316 1936 2493 2023 quod

185 2020 344 2086 licet
377 2020 442 2084 in
467 2020 648 2087 dicto
681 2019 979 2105 Collegio
1000 2018 1296 2107 quaedam
1327 2018 1623 2083 solemnis
1652 2018 1898 2104 capella
1926 2019 1988 2082 in
2012 2019 2258 2085 honore
2288 2036 2351 2087 et
2373 2024 2495 2089 sub

185 2108 510 2175 vocabulo
555 2106 756 2173 sancti
793 2106 1138 2173 cuthberti
1180 2106 1537 2171 honorifice
1567 2118 1935 2170 constructa
1962 2119 2031 2171 et
2060 2107 2377 2188 dedicata,
2427 2109 2495 2175 in

187 2216 322 2280 qua
371 2194 564 2259 etiam
594 2193 714 2279 ipsi
745 2194 976 2258 Custos
1009 2191 1322 2257 Monachi
1352 2207 1419 2256 et
1454 2191 1741 2257 Scolares
1773 2190 1995 2257 missas
2026 2207 2093 2259 et
2123 2194 2251 2258 alia
2279 2194 2498 2261 divina

187 2281 410 2347 officia
436 2282 786 2357 celebrant,
819 2294 884 2345 et
927 2304 969 2345 a
998 2278 1210 2343 multis
1239 2278 1425 2343 annis
1455 2280 1617 2344 citra
1646 2278 1972 2345 celebrare
2001 2297 2493 2361 consueverunt,

187 2369 336 2433 sore
387 2383 706 2445 noscatur,
740 2381 955 2432 tamen
1000 2366 1064 2429 in
1111 2366 1251 2452 ipsa
1287 2366 1551 2451 capella,
1584 2388 1731 2451 quae
1762 2364 1928 2429 infra
1958 2366 2191 2431 limites
2222 2368 2492 2433 duarum

185 2454 656 2541 parochialium
701 2452 1108 2517 ecclesiarum
1157 2452 1464 2527 consistit,
1513 2474 1632 2537 pro
1672 2452 2135 2518 decedentibus
2168 2454 2229 2515 in
2264 2454 2494 2519 eodem

189 2541 497 2629 Collegio
527 2539 906 2627 sepeliendis
951 2538 1154 2603 libera
1196 2538 1627 2603 ecclesiastica
1669 2538 1998 2623 sepultura
2042 2563 2168 2603 non
2202 2539 2495 2607 habetur.

77 2662 84 2673 ·
189 2628 423 2707 Quare
453 2650 574 2713 pro
605 2641 786 2713 parte
821 2624 1124 2691 Custodis
1155 2624 1634 2691 Monachorum
1667 2639 1732 2689 et
1767 2626 2119 2690 Scolarium
2150 2627 2497 2707 praedicto-

186 2738 340 2779 rum
375 2714 561 2779 nobis
593 2715 712 2778 fuit
738 2712 1066 2777 humiliter
1095 2710 1543 2797 supplicatum,
1578 2725 1648 2775 ut
1694 2712 1862 2797 ipsis,
1896 2725 1961 2777 et
1993 2736 2214 2778 eorum
2248 2737 2497 2779 succes-

189 2802 474 2879 soribus,
512 2799 786 2867 Custodi
835 2796 1180 2863 Monachis
1227 2811 1293 2863 et
1329 2797 1717 2877 ScolaribuS,
1752 2798 1860 2885 qui
1891 2797 1954 2862 in
1988 2800 2164 2864 dicto
2198 2800 2495 2887 Collegio

187 2912 316 2973 pro
365 2900 652 2972 tempore
683 2886 944 2961 fuerint,
993 2907 1186 2969 super
1213 2884 1340 2948 hoc
1369 2898 1691 2969 oportune
1720 2884 2058 2971 providere
2088 2886 2170 2949 de
2197 2887 2494 2973 benigni-

188 2990 332 3041 tate
362 2974 722 3060 apostolica
750 2972 1185 3055 dignaremur.
1305 2970 1444 3035 Nos
1496 2971 1715 3063 igitur,
1762 2971 2130 3055 hujusmodi
2176 2974 2497 3072 supplica-

187 3061 494 3126 cionibus
540 3058 850 3137 inclinati,
902 3072 974 3123 ut
1021 3078 1572 3144 quorumcumque
1616 3059 1728 3143 qui
1771 3070 1907 3122 tum
1939 3058 2023 3121 de
2052 3080 2302 3142 gremio
2333 3059 2493 3125 dicti

194 3148 484 3232 Collegii
511 3145 752 3213 fuerint
793 3167 915 3230 pro
944 3158 1236 3230 tempore
1266 3144 1330 3209 in
1363 3143 1538 3209 dicto
1572 3142 1867 3231 Collegio
1896 3144 2371 3225 decedentium,
2418 3169 2497 3212 ac

188 3258 380 3301 suam
431 3235 822 3321 sepulturam
875 3230 940 3295 in
993 3230 1242 3316 capella
1287 3230 1579 3315 praefata,
1618 3252 1729 3295 seu
1777 3233 1913 3317 ejus
1951 3231 2286 3311 vestibulo,
2319 3234 2497 3319 quod

189 3322 426 3400 eciam,
460 3336 532 3387 ut
574 3320 896 3398 asseritur,
944 3332 1383 3383 consecratum
1413 3317 1655 3395 existit,
1688 3318 2083 3402 eligentium,
2112 3340 2387 3419 corpora
2430 3321 2496 3385 in

190 3410 446 3475 eisdem
474 3408 722 3493 capella
749 3421 816 3471 et
845 3404 1166 3471 vestibulo
1210 3404 1657 3470 ecclesiasticas
1702 3404 2047 3490 sepulturae
2078 3406 2265 3485 tradi,
2301 3407 2500 3473 Ordi-

190 3496 362 3561 narii
385 3496 520 3561 loci
547 3507 614 3559 et
641 3497 1098 3582 cujuscumque
1128 3491 1386 3557 alterius
1429 3490 1701 3557 licencia
1730 3514 1921 3577 super
1950 3492 2074 3558 hoc
2104 3493 2365 3559 minime
2395 3512 2501 3561 rei

189 3584 458 3670 quisita,
505 3582 706 3646 libere
737 3594 804 3645 et
833 3578 1008 3644 licite
1036 3578 1314 3657 valeant,
1355 3578 1627 3644 Custodi
1659 3578 2001 3644 Monachis
2036 3580 2400 3646 Scolaribus
2430 3596 2497 3649 et
2594 3646 2599 3649 .

189 3668 668 3735 successoribus
724 3666 1066 3732 antedictis
1125 3664 1508 3731 auctoritate
1554 3666 1923 3751 apostolica,
1963 3680 2191 3733 tenore
2222 3690 2501 3753 praesen-

192 3758 394 3833 cium,
451 3755 536 3819 de
589 3752 846 3840 speciali
875 3754 1083 3836 gratia
1127 3751 1548 3837 indulgemus.
1640 3753 1795 3819 Jure
1842 3766 2053 3831 tamen
2085 3755 2497 3840 parrochialis

190 3844 515 3920 ecclesioe,
570 3857 638 3906 et
687 3840 1027 3924 cujuslibet
1073 3838 1334 3906 alterius
1379 3839 1558 3918 alias,
1602 3838 1665 3903 in
1696 3840 1989 3906 omnibus
2018 3862 2272 3927 semper
2301 3842 2497 3907 salvo.

194 3930 381 3995 Nulli
411 3952 571 4015 ergo
599 3928 886 4005 omnino,
919 3942 1043 3992 etc.
