3000 5117
800 518 1211 571 APPENmX.
1273 520 1451 571 suu.
1494 519 1876 573 Mccccxx..
2319 498 2502 572 celi-x

190 694 617 749 executor-um
670 704 986 759 meorum,
1038 682 1279 772 aliquid
1334 682 1419 747 de
1468 683 1655 748 bonis
1708 681 1864 746 meis
1911 703 2128 746 emere
2157 680 2527 759 voluerint,-

186 772 364 836 bene
394 772 588 836 liceat
617 793 696 835 ea
720 792 975 847 emere3
1018 770 1113 835 ita
1142 770 1317 857 quod
1347 793 1469 855 pro
1498 772 1592 834 eis
1621 770 1826 834 solvat
1847 782 2096 833 tantum
2122 768 2186 831 in
2211 768 2504 833 manibus

238 873 503 923 uantum
554 858 661 923 alii
713 878 835 942 pro
885 856 1129 923 eisdem
1194 858 1441 922 solvere
1492 856 1836 934 voluerint,
1887 856 2128 943 absque
2181 856 2336 919 dolo
2387 878 2502 919 seu

178 882 463 1023 iii-aude„
532 946 698 1011 Item
730 944 817 1009 do
848 957 913 1009 et
940 943 1088 1029 lego
1118 945 1308 1009 bonae
1328 957 1407 1009 et
1429 941 1864 1008 dilectissimae
1894 941 2234 1007 filiae-meae
2262 942 2500 1006 Alasiae

188 1032 561 1097 Comitissae
628 1034 855 1098 Sarum
919 1053 1113 1095 unum
1166 1030 1429 1118 siphum
1490 1031 1642 1109 auri,
1781 1052 1892 1093 em
1942 1030 2244 1095 ‹Iohanua
2273 1050 2500 1113 -nuper

184 1118 451 1206 Regina
482 1118 737 1207 Angliae
788 1118 946 1182 mibi
994 1118 1198 1184 dedit.
1292 1119 1457 1183 Item
1513 1117 1600 1183 do
1631 1132 1724 1182 et·
1755 1140 1880 1201 ego
1908 1116 2194 1182 Johanni
2233 1115 2499 1180 Arcbie·

176 1207 455 1292 piscopo
518 1204 913 1271 Eboracensi
978 1227 1173 1269 unum
1227 1203 1479 1270 missale
1529 1219 1903 1290 coopertum
1939 1226 2101 1268 cum
2155 1203 2342 1287 nigro
2385 1204 2500 1267 da·

176 1315 428 1357 masco.
518 1293 688 1358 Item
740 1293 831 1358 do
863 1304 931 1357 et
960 1293 1109 1378 lego
1160 1294 1455 1357 Roberto
1517 1292 1840 1379 Episcopo
1873 1290 2321 1369 Dunelmensi,
2355 1290 2496 1355 filio

177 1400 359 1458 meo,
391 1402 589 1444 unum
618 1380 879 1463 ciphum
913 1379 997 1443 de
1026 1402 1187 1444 auro
1216 1402 1362 1444 eum
1388 1380 1598 1465 perles
1628 1378 1693 1443 in
1723 1380 2112 1445 summitate.
2207 1378 2378 1442 Item
2404 1378 2496 1442 do

178 1480 255 1530 et
287 1467 439 1552 lego
466 1467 780 1568 praedicto
810 1466 1151 1530 willielmo
1185 1465 1467 1531 Domino
1498 1466 1580 1530 de
1620 1466 2116 1549 Faucomberge‚
2149 1464 2283 1529 filio
2326 1488 2493 1542 meo,

178 1566 321 1617 tres
346 1576 559 1640 pecias
588 1555 780 1639 panni
811 1552 893 1618 de
925 1576 1163 1630 ari-ace,
1196 1565 1264 1617 et
1296 1576 1495 1617 unum
1525 1553 1698 1617 bolle
1721 1566 2096 1636 argenteum
2127 1567 2195 1616 et
2227 1551 2498 1617 deaura-

178 1653 351 1709 tum.
448 1642 609 1705 Item
642 1640 729 1705 do
758 1653 826 1705 et
856 1641 1003 1726 lego
1032 1640 1345 1725 praedicto
1377 1640 1672 1724 Georgio
1697 1638 1983 1704 Domino
2011 1639 2096 1703 de
2130 1638 2492 1725 Latymere,

174 1727 326 1792 filio
379 1750 523 1793 meo
569 1728 737 1792 duos
784 1728 983 1792 lectos
1039 1748 1185 1791 cum
1229 1725 1493 1793 costeris
1521 1727 1760 1791 eisdem
1809 1726 2297 1812 pertinentibus
2331 1725 2500 1791 exis-

176 1828 401 1881 tentes
430 1817 605 1901 apud
643 1815 1087 1892 Shirefhoton‚
1118 1828 1185 1880 et
1216 1836 1411 1878 unum
1444 1836 1626 1899 cowp
1655 1815 1856 1878 altum
1889 1828 2261 1897 argenteum
2293 1814 2496 1877 deau-

174 1916 398 1966 ratum
469 1918 535 1967 et
589 1918 990 1988 coopertum.
1087 1902 1253 1966 Item
1330 1901 1418 1965 do
1466 1914 1533 1966 et
1584 1902 1736 1986 lego
1782 1901 2094 1986 praedicto
2170 1900 2492 1965 Edwardo

178 1988 479 2053 Domino
519 1990 963 2075 Bergevenny‚
995 1989 1129 2052 filio
1161 2010 1327 2066 meo,
1360 2010 1559 2052 unum
1587 1989 1840 2073 poteler
1867 2008 2244 2072 argenteum
2299 1987 2495 2053 deau-

175 2090 420 2145 ratum.
517 2075 683 2140 Item
715 2077 864 2139 volo
887 2076 1061 2162 quod
1092 2075 1175 2140 de
1204 2076 1391 2140 bonis
1422 2074 1584 2140 meis
1604 2090 1915 2139 trecentae
1939 2075 2496 2159 murcie-sterling-

176 2186 373 2226 orum
435 2164 788 2227 liberentur
850 2161 914 2226 in
970 2184 1197 2227 manus
1249 2179 1316 2227 et
1367 2162 1824 2247 possessionem
1875 2162 2150 2226 filiorum
2205 2183 2496 2227 meorum

180 2249 452 2314 Ricardi
488 2250 757 2315 Comitis
785 2250 1013 2313 Sarum
1046 2262 1111 2315 et
1144 2248 1409 2333 Georgii
1447 2249 1710 2313 Domini
1753 2250 1836 2314 de
1871 2250 2238 2335 Latyiree,
2275 2265 2344 2314 ut
2373 2248 2492 2335 ipsi

174 2336 435 2401 solvant
466 2336 701 2401 Mariae
730 2336 881 2400 filiae
914 2359 1079 2401 meae
1109 2336 1333 2421 viginti
1368 2337 1560 2401 libras
1593 2338 1914 2401 annuatim
1950 2360 2066 2421 pro
2089 2337 2494 2401 exhibicione

175 2446 299 2487 sua
348 2445 685 2510 quousque
740 2423 916 2487 dicta
965 2445 1213 2487 summa
1264 2424 1352 2487 sic
1398 2425 1826 2509 expendatur.
1919 2424 2106 2488 Tunc
2141 2424 2287 2488 volo
2316 2424 2492 2511 quod

177 2510 345 2574 dicti
376 2509 489 2573 filii
518 2512 643 2574 mei
677 2510 760 2575 de
793 2509 1051 2575 residuo
1081 2510 1275 2574 dict-se
1306 2532 1574 2574 summae
1594 2534 1724 2597 pro
1755 2510 1966 2575 anima
1983 2534 2126 2575 mea
2148 2512 2494 2598 disponant

178 2612 245 2662 et
278 2596 667 2661 distribuant
699 2597 761 2660 in
792 2598 1093 2681 operibus
1122 2597 1488 2664 caritatis-is.
1590 2598 1750 2662 Item
1776 2598 1925 2661 volo
1947 2600 2120 2685 quod
2147 2620 2290 2663 cum
2315 2600 2492 2661 omni

176 2682 607 2749 festinacione
654 2697 799 2769 post
847 2684 1175 2747 decessum
1224 2706 1439 2747 meum
1484 2698 1865 2749 executores
1911 2687 2037 2749 mei
2081 2686 2369 2752 vendant
2410 2685 2496 2749 de

176 2771 369 2836 bon-is
398 2770 554 2835 meis
584 2794 681 2849 ea,
714 2792 861 2857 quoe
891 2771 1085 2835 cicius
1106 2786 1171 2835 et
1189 2770 1596 2835 commodius
1615 2772 1804 2835 vendi
1837 2786 2160 2854 poterunt,
2187 2785 2253 2836 et
2278 2772 2362 2836 de
2381 2771 2494 2837 de·

174 2857 377 2923 nat-iis
398 2858 557 2923 inde
585 2858 1108 2943 provenientibus
1138 2859 1361 2923 debita
1388 2880 1536 2922 mea
1565 2872 1630 2923 et
1661 2860 1951 2941 praedicti
1984 2859 2226 2923 domini
2281 2860 2490 2925 mariti

174 2948 313 3009 mei
366 2945 837 3031 persolvantur.
933 2946 1095 3010 Item
1146 2946 1237 3010 do
1288 2958 1355 3009 et
1408 2946 1559 3029 lego
1604 2946 1880 3009 Johanni
1947 2946 2241 3032 Whixley
2277 2969 2491 3013 -unum

172 3032 445 3115 ciphnm
490 3053 563 3105 ar
607 3045 869 3097 entcum
902 3032 1277 3096 deauratum
1310 3045 1374 3096 et
1408 3046 1808 3117 coopertum.
1895 3032 2068 3096 Item
2100 3032 2188 3095 do
2231 3049 2299 3098 et
2343 3035 2494 3118 lego

172 3118 509 3182 Johannoe
606 3118 705 3182 tioe
738 3118 1009 3204 predicti
1052 3118 1369 3183 Willielmi
1404 3119 1670 3183 Domini
1701 3118 1783 3183 de
1815 3119 2488 3204 Faucombergecen-

176 3218 319 3269 tum
365 3226 611 3268 marcas
646 3206 1096 3289 sterlingorum
1128 3205 1210 3269 ad
1243 3206 1668 3290 maritagium,
1701 3205 1752 3269 si
1785 3207 2009 3270 eadem
2061 3204 2362 3272 Johanna
2406 3208 2492 3272 ad

174 3314 389 3355 annos
420 3291 671 3355 nubiles
700 3291 1061 3377 pervenerit
1092 3306 1156 3356 et
1189 3315 1314 3357 una
1346 3292 1649 3357 heredum
1683 3292 2063 3357 matrissuae
2103 3316 2231 3357 non
2280 3294 2492 3360 fuerit.

184 3377 358 3441 Item
374 3377 463 3441 do
492 3378 717 3463 etlego
736 3378 1127 3443 Elizabethae
1156 3379 1495 3465 Stanbopp
1523 3402 1721 3444 unum
1747 3381 2005 3466 ciphum
2027 3382 2276 3465 argenti
2294 3382 2495 3446 deau-

174 3480 418 3529 ratum.
512 3464 678 3530 Item
708 3466 795 3529 do
826 3479 890 3529 et
946 3464 1095 3550 lego
1128 3466 1520 3549 Margaretae
1555 3467 1844 3555 Langley
1873 3489 2070 3531 unum
2105 3468 2360 3552 ciphum
2395 3491 2498 3533 ar-

177 3550 365 3635 genti
411 3552 811 3635 deauratum.
892 3552 1071 3616 'Item
1106 3552 1257 3615 volo
1297 3556 1470 3639 quod
1504 3553 1855 3618 servientes
1881 3554 2002 3618 mei
2037 3556 2318 3619 nondum
2345 3578 2497 3641 pro-

174 3640 347 3701 moti
396 3637 462 3701 in
515 3638 647 3702 vita
695 3661 837 3702 mea
888 3640 1061 3724 quod
1110 3654 1600 3704 remunerentur
1643 3641 1991 3704 secundum
2037 3641 2492 3707 discretionem

174 3737 603 3789 executorutn
658 3746 946 3789 meorum
992 3725 1073 3790 ad
1120 3748 1431 3791 summam
1478 3740 1737 3790 centum
1783 3749 2136 3792 marcarum
2170 3730 2340 3795 inter
2385 3754 2498 3795 eos

176 3810 621 3878 dividendam.
717 3812 881 3876 Item
926 3812 1014 3875 do
1044 3825 1111 3877 et
1140 3812 1288 3900 lego
1318 3813 1397 3876 ad
1431 3813 1940 3877 distribuendum
1971 3837 2086 3899 per
2117 3830 2495 3883 executores

176 3919 385 3976 meos,
428 3896 783 3961 secundum
830 3920 1051 3962 eorum
1106 3899 1588 3977 discrecionem,
1623 3900 1793 3964 inter
1840 3924 2150 3985 pauperes
2192 3918 2492 3966 tenentes

176 4006 385 4061 meOS,
436 3999 695 4050 centum
725 4006 969 4049 marcas
998 3986 1449 4069 sterlingorum
1484 3987 1566 4050 de
1597 3988 1793 4049 firmis
1828 3988 1982 4051 meis
2015 3988 2204 4057 michi
2237 3989 2490 4059 debitis.

185 4070 356 4134 Item
388 4070 477 4134 do
507 4087 575 4135 et
606 4070 755 4154 lego
785 4085 1063 4157 quatuor
1094 4072 1421 4137 ordinibus
1452 4074 1744 4137 Fratrum
1768 4074 2042 4137 civitatis
2074 4074 2494 4139 Eboracensis

172 4157 446 4222 cuilibet
496 4157 868 4223 Conventui
922 4158 1143 4247 viginti
1197 4159 1455 4223 solidos.
1555 4159 1716 4225 Item
1771 4160 1858 4223 do
1907 4172 1976 4224 et
2029 4159 2178 4243 lego
2229 4161 2496 4235 cuilibet

181 4245 557 4309 conventui
590 4244 887 4308 Fratrum
923 4245 983 4307 in
1016 4247 1324 4309 comitatu
1357 4246 1744 4309 Eboracensi
1775 4258 1842 4311 et
1883 4246 2266 4331 Episcopatu
2305 4249 2495 4313 Dun-

176 4330 447 4395 elmensi
503 4330 838 4394 tresdecim
870 4332 1110 4395 solidos
1142 4346 1211 4395 et
1233 4345 1508 4418 quatuor
1527 4332 1843 4396 denarios.
1937 4332 2101 4397 Item
2125 4334 2214 4397 do
2255 4350 2318 4399 et
2344 4336 2492 4420 lego

172 4418 447 4481 cuilibet
498 4417 719 4481 domui
770 4416 1153 4482 Monialium
1209 4418 1624 4503 praefatorum
1651 4418 1992 4493 comitatus
2039 4433 2106 4483 et
2157 4420 2487 4485 dioceseos

176 4503 527 4568 tresdecim
588 4504 829 4567 solidos
875 4518 941 4568 et
989 4521 1269 4592 quatuor
1296 4506 1633 4593 <denarios
1729 4506 1896 4570 Item
1943 4507 2028 4569 do
2074 4506 2223 4591 lego
2271 4508 2490 4597 viginti

1287 4611 1329 4654 s
1363 4598 1405 4654 2
