3000 5117
719 470 1170 529 caueamus
1222 472 1326 527 nn
1381 472 1935 527 commutatam.
2392 466 2487 531 25

629 980 782 1025 car.
811 978 1012 1027 xvm.
1059 978 1151 1022 m:
1197 976 1623 1024 m'rmtnlcro
1656 980 1730 1025 m
1764 980 2043 1031 Anaua,

947 1112 1094 1186 (HS.
1111 1118 1238 1188 Cap.
1261 1132 1434 1183 cxxv,
1452 1118 1544 1172 ibl-
1572 1118 1715 1185 Πα]

265 1263 616 1346 [Quorum
673 1260 972 1327 electioni
1019 1274 1088 1326 et
1117 1258 1494 1348 dispersioni
1526 1258 1825 1327 dominus
1870 1260 2053 1348 Papa
2074 1282 2165 1328 ex
2194 1284 2487 1351 compas-

179 1347 362 1417 sione
415 1349 968 1427 condescendens,
1023 1346 1302 1413 eundem
1363 1348 1638 1433 Regem,
1690 1362 1821 1415 tam
1873 1350 1957 1414 ad
2002 1350 2485 1439 Archiepiscopi

179 1436 686 1524 susceptionem,
736 1454 928 1539 quam
981 1454 1203 1501 eorum
1253 1435 1733 1501 revocationem
1775 1436 2009 1501 crebro
2048 1441 2485 1518 commonuit3

178 1548 352 1591 nunc
384 1524 542 1590 oleo
562 1522 1018 1589 blanditiarum
1047 1520 1434 1601 demulcens,
1459 1542 1633 1587 nuuc
1652 1522 1871 1589 viuum
1918 1526 2487 1594 comminationum

181 1612 712 1677 infundeuS.'Eo
759 1626 975 1676 autem
1027 1608 1112 1675 ad
1141 1610 1478 1676 consilium
1511 1608 1739 1676 medici
1770 1613 1973 1694 magis
2001 1627 2385 1697 aegrotante,
2418 1626 2487 1681 et

181 1701 418 1765 auimoe
465 1720 605 1763 suoe
657 1720 876 1763 curam
921 1696 1313 1783 negligente,
1356 1696 1523 1763 sicut
1567 1698 1635 1763 in
1682 1708 1883 1763 totam
1928 1713 2165 1766 terram
2434 1704 2485 1768 ti

183 1786 460 1873 Moyses
515 1784 816 1851 tenebras
869 1782 1147 1864 induxit,
1201 1784 1336 1870 ipse
1381 1804 1502 1873 per
1544 1798 1745 1851 totam
1798 1784 2101 1872 Angliam
2159 1788 2293 1854 inte
2376 1790 2485 1855 'cti

181 1874 490 1941 nebulam
533 1872 850 1958 aspersit3
899 1874 1197 1961 quatinus
1247 1892 1334 1937 ex
1379 1870 1719 1937 universali
1764 1872 1959 1961 plaga
2003 1874 2258 1961 plagam
2304 1896 2487 1941 suam

183 1960 410 2026 melius
439 1958 852 2046 intelligeret,
884 1974 954 2025 et
981 1980 1064 2025 ex
1093 1980 1354 2024 suorum
1385 1959 1613 2025 dolore
1646 1956 1921 2026 disceret
1948 1961 2313 2028 condolere.
2380 1963 2492 2029 In·

184 2048 624 2149 «iuratumque
651 2066 790 2113 erat
819 2066 935 2112 cor
961 2048 1122 2131 ejus,
1155 2060 1224 2112 et
1252 2046 1480 2131 majori
1511 2046 1579 2111 in
1607 2044 1906 2113 ecclesias
1936 2060 2002 2113 et
2032 2048 2487 2115 ecclesiasticas

183 2158 493 2221 personas
525 2134 774 2200 insania
843 2132 1212 2211 ferebatur3
1274 2148 1348 2199 ut
1395 2135 1534 2219 jam
1592 2134 1783 2200 rebus
1840 2132 2281 2201 ecclesiasticis
2338 2136 2485 2203 laici

185 2234 567 2309 praeessent,
631 2236 700 2287 et
749 2221 904 2307 jura
952 2218 1358 2287 sacerdotum
1409 2221 1474 2285 in
1528 2220 1761 2287 abusus
1812 2242 1959 2287 suos
2017 2236 2483 2292 converterent.

187 2310 452 2377 Uxores
481 2308 1006 2395 presbiterorum,
1031 2306 1428 2386 clericorum,
1453 2330 1896 2395 personarum,
1929 2308 2013 2375 ad
2036 2308 2321 2395 publicas
2352 2326 2489 2377 tur·

184 2398 520 2484 pitudines
563 2396 1052 2484 requirebantur
1067 2422 1089 2472 3
1121 2395 1242 2459 nisi
1273 2416 1382 2460 eas
1411 2394 1727 2462 immensa
1880 2396 2051 2463 unioe
2078 2397 2489 2465 multitudine

185 2484 608 2550 redimerent.
681 2483 984 2569 Agebant
1011 2481 1396 2549 omnimodis
1427 2480 1695 2549 ministri
1820 2482 2033 2549 thanoe
2058 2496 2132 2549 ut
2154 2484 2489 2551 dominum

189 2573 440 2657 Papam
488 2594 574 2636 ex
605 2568 1008 2637 contumeliis
1039 2568 1327 2635 ecclesiae
1356 2566 1438 2635 ad
1467 2568 1753 2636 favorem
1776 2571 1897 2635 sub
1927 2570 2197 2637 obtentu
2228 2571 2489 2657 pietatis

185 2659 603 2736 inclinarent,
648 2668 717 2724 et
766 2657 1106 2722 sententiat
1155 2658 1326 2722 vires
1375 2672 1781 2724 evacuarent.
1878 2658 2025 2745 lpse
2075 2678 2233 2724 vero
2275 2658 2491 2725 animo

187 2747 616 2813 adamantino
657 2742 916 2824 restitit,
965 2742 1186 2810 dicens
1238 2764 1308 2811 se
1352 2744 1598 2810 facilius
1626 2764 1815 2832 posse
1844 2745 2050 2810 occidi
2072 2766 2266 2835 quam
2298 2746 2486 2827 vinci,

184 2856 300 2899 nec
345 2845 657 2920 poterant
701 2854 962 2898 manum
993 2844 1323 2897 extentam
1354 2844 1662 2909 avertere,
1696 2854 1819 2897 nec
1846 2832 2170 2899 stimulum
2199 2854 2491 2921 pungen-

185 2930 317 2985 tem
369 2919 742 2988 retundere.
841 2916 1082 2985 Videre
1137 2924 1286 3005 [ita]
1341 2930 1494 2984 tunc
1548 2918 1803 2984 miseria
1848 2918 2101 2985 sublata
2141 2933 2241 2987 est
2322 2922 2489 2988 loria

187 3007 418 3073 domus
471 3006 741 3072 Domini
765 3018 832 3071 et
875 3004 1210 3071 immutata
1255 3018 1348 3070 est
1391 3002 1637 3091 species
1666 3005 1917 3071 decoris
1946 3006 2131 3072 illius.
2294 3007 2495 3075 udata

185 3094 450 3160 stabant
496 3093 727 3159 altaria
777 3106 846 3159 et
897 3090 1238 3181 lugubrem
1295 3090 1763 3158 desolationem
1959 3092 2296 3171 ferebant3
2356 3116 2491 3161 non

186 3192 592 3247 assuetorum
621 3178 860 3245 devota
885 3192 1190 3245 cantuum
1237 3178 1579 3245 resonabat
1621 3177 1821 3243 modu
1848 3177 2003 3257 atio,
2046 3200 2169 3245 nec
2208 3182 2499 3247 consola—

187 3268 354 3335 toria
379 3290 530 3334 cam
577 3290 844 3333 auarum
875 3264 1097 3332 audita
1117 3276 1217 3331 est
1238 3264 1537 3335 dulcedo.
1610 3263 1810 3331 Nulla
1831 3280 2193 3333 sanctarum
2214 3266 2493 3357 solemp-

185 3356 468 3421 nitatum
547 3356 918 3457 requentia:
951 3354 1230 3419 silebant
1281 3352 1500 3419 omnia
1540 3372 1687 3441 quae
1710 3374 1751 3419 a
1778 3352 2063 3439 pati-ibus
2120 3353 2203 3419 ad
2232 3354 2491 3423 laudem

191 3440 320 3509 Dei
350 3442 622 3507 suerunt
648 3442 973 3507 instituta:
1007 3460 1135 3505 non
1166 3438 1587 3506 morientibus
1615 3438 1937 3525 singulare
1967 3438 2254 3509 salutaris
2280 3442 2491 3509 viatici

189 3529 614 3595 subveniebat
657 3526 1045 3594 remedium:
1091 3548 1224 3593 non
1253 3526 1535 3616 denique
1564 3526 1832 3593 mortuis
1864 3526 2251 3595 Christiane
2278 3528 2491 3617 sepul·

189 3632 352 3683 turae
381 3616 744 3704 impensum
768 3628 864 3682 est
889 3614 1327 3699 beneficium]

255 3796 286 3825 ⁸
305 3786 428 3843 The
471 3788 740 3860 following
761 3798 910 3844 notes
953 3790 1104 3844 stand
1127 3792 1184 3842 ln
1225 3790 1317 3843 the
1355 3792 1557 3861 margin
1597 3788 1660 3843 of
1684 3790 1778 3844 the
1817 3786 1928 3843 MS.
1966 3789 2023 3841 ln
2064 3802 2097 3843 a
2116 3790 2309 3843 cooevul
2332 3791 2487 3844 hand.

193 3860 228 3890 ⁶⁸
251 3858 411 3910 Anno
443 3859 732 3912 Dominicoe
753 3860 1119 3911 incarnacionis
1147 3872 1366 3919 nccvn,
1387 3859 1666 3913 interdicta
1685 3866 1769 3912 est
1786 3864 1897 3912 tots
1912 3864 2055 3910 terra
2070 3856 2294 3926 Angli-2,
2312 3860 2491 3926 vigilia

193 3927 828 4049 ffiffifffi?”ffloe
843 3928 1084 3981 Maria?
1141 3932 1174 3960 “
1195 3927 1247 3979 A
1262 3926 1585 3983 nux-done
1602 3926 1835 3995 ejusdem
1846 3940 1987 3980 anno
2004 3926 2215 3979 Domini
2238 3940 2487 3979 xccnu.
