3000 5117
793 469 1200 522 nom-:arus
1234 471 1336 522 nn
1373 471 1891 526 eausa-Anas.
2342 461 2487 528 103

129 634 158 728 [
197 641 518 696 noctanter
566 631 650 696 ad
682 630 1016 710 orientem,
1059 645 1132 698 et
1159 634 1458 700 homines
1486 648 1553 700 et
1590 635 1912 714 mulieres,
1944 635 2054 722 qui
2084 635 2169 700 de
2204 635 2485 702 ctifland

197 717 436 804 navigio
481 717 840 796 redierant,
893 719 1092 786 nichil
1143 721 1294 786 mali
1344 722 1735 807 suspicantes
1782 737 1851 787 et
1904 723 2159 788 Scottos
2209 722 2487 810 Teysam

200 805 476 868 transisse
529 807 946 884 aestimantes,
1001 823 1314 892 ceperunt
1353 809 1424 872 in
1471 809 1653 873 lectis
1676 833 1697 886 3
1747 823 1815 874 et
1858 809 1971 888 sic,
2036 809 2250 874 multis
2300 808 2483 873 malis

196 891 582 974 perpetratis,
630 892 716 956 ad
747 895 1007 978 propria
1027 893 1383 960 redierunt.
1474 895 1692 961 Tanta
1720 909 1939 962 autem
1971 895 2233 961 karistia
2244 897 2485 960 subse-

197 989 338 1064 quta
377 991 480 1042 est
521 977 712 1043 istam
757 979 1272 1046 devastacionem
1305 981 1366 1044 in
1405 981 1797 1067 Episcopatu
1826 997 1900 1046 ut
1929 983 2319 1069 quarterium
2352 982 2483 1046 fru-

195 1064 378 1128 menti
429 1065 828 1132 venderetur
866 1087 994 1187 ἱππ-ο
1045 1087 1137 1132 xt.
1183 1068 1400 1133 solidis
1447 1068 1513 1132 in
1566 1083 1792 1136 testate
1839 1070 2229 1158 frequenter,
2274 1081 2342 1134 et
2370 1067 2481 1132 vix

197 1149 412 1216 venalis
441 1151 858 1218 inveniretur.
903 1153 934 1240 ]

1139 1517 1294 1562 cn.
1327 1516 1440 1564 xi..
1481 1496 1519 1572 †

905 1657 996 1724 [M
1009 1657 1063 1710 S.
1083 1657 1209 1726 Cap.
1231 1672 1472 1710 cmxxm.
1495 1655 1582 1708 fol.
1605 1657 1753 1724 ²¹33

279 1799 462 1863 Anno
492 1799 764 1864 Domini
797 1819 1078 1863 Mcccxx
1107 1797 1322 1876 tertio,
1348 1797 1575 1884 quinto
1598 1796 1703 1860 die
1728 1793 1975 1873 Martii,
2012 1795 2182 1861 facta
2198 1809 2295 1860 est
2319 1817 2471 1861 con-

201 1885 396 1948 cordia
435 1887 610 1950 inter
645 1887 932 1952 Priorem
981 1901 1048 1951 et
1080 1884 1450 1971 Capitulum
1482 1895 1553 1948 et
1584 1883 1905 1947 Thomam
1940 1884 2024 1948 de
2057 1881 2473 1949 Goldisborw

202 1972 730 2037 Archidiaconum
771 1974 1274 2038 Dunelmensem
1307 1992 1498 2054 super
1529 1971 1960 2034 controversia
1987 1983 2133 2034 orta
2160 1970 2331 2034 inter
2360 1993 2473 2035 eos

199 2077 300 2140 pro
326 2058 776 2142 jurisdictione
835 2057 1349 2126 Archidiaconali
1379 2057 1448 2122 in
1478 2055 1759 2121 ecclesiis
1792 2056 2135 2142 [proesatis]
2172 2056 2379 2121 Priori
2410 2072 2476 2122 et

205 2145 460 2228 capitulo
491 2145 918 2232 appropriatis
948 2147 1116 2212 infra
1149 2146 1404 2232 Tynam
1435 2159 1502 2210 et
1537 2143 1859 2243 Teysam3
1892 2145 1983 2206 ita
2018 2142 2263 2208 scilicet
2340 2143 2472 2208 uod

201 2230 366 2294 Prior
409 2233 648 2299 habeat
693 2247 896 2299 totam
918 2233 1428 2319 jurisdictionem
1465 2229 2061 2296 Archidinconalem
2094 2231 2155 2292 in
2188 2167 2473 2296 ecciesiis

201 2317 270 2382 de
295 2319 502 2383 Jarow
531 2334 602 2386 et
633 2319 1044 2386 Weremouth
1078 2320 1613 2400 [Monachorum‚
1638 2331 1705 2382 et
1728 2316 1984 2402 capellis
2008 2318 2091 2383 ab
2114 2317 2205 2381 eis
2228 2317 2475 2404 depen-

197 2404 507 2494 dentibus]
535 2431 555 2485 3
591 2407 1102 2474 Archidiaconus
1133 2407 1378 2472 veroin
1410 2405 1707 2471 omnibus
1729 2403 2001 2482 coeteris,
2026 2427 2155 2490 pro
2178 2419 2319 2470 tota
2343 2405 2475 2472 vita

196 2491 371 2577 ipsius
428 2495 904 2565 Archidiaconi.
999 2497 1131 2562 Pro
1183 2518 1314 2584 quo
1361 2506 1458 2559 est
1506 2493 1881 2569 notandum,
1929 2491 2103 2580 quod
2140 2491 2477 2558 Archidia-

196 2601 374 2644 conus
415 2582 879 2648 Dunelmensis
922 2605 1178 2670 semper
1206 2597 1358 2647 ante
1382 2579 1673 2645 exercuit
1694 2576 2207 2660 jurisdictionem
2244 2578 2475 2643 Archi-

196 2667 579 2734 diaconalem
641 2671 708 2733 in
764 2670 1044 2734 ecclesiis
1108 2669 1312 2733 Priori
1373 2682 1440 2733 et
1495 2666 1780 2752 capitulo
1827 2665 2251 2750 appropriatis
2302 2667 2472 2731 infra

199 2776 394 2852 aquas,
426 2755 691 2821 nomine
733 2756 996 2835 Prior-is,
1027 2757 1266 2822 virtute
1295 2753 1627 2839 cujusdam
1660 2751 2138 2838 compositionis
2170 2751 2335 2818 inter
2358 2775 2471 2818 eos

198 2841 394 2918 initae3
439 2854 506 2908 et
551 2866 674 2929 pro
717 2843 842 2908 hoc
869 2844 1118 2909 solvere
1146 2841 1474 2908 consuevit
1510 2839 1717 2906 Priori
1747 2840 2067 2926 quandam
2095 2839 2471 2926 pensionem

197 2931 520 2998 annuatim.
623 2930 938 2996 Praefatus
984 2951 1140 2995 vero
1187 2931 1476 2994 Thomas
1506 2945 1573 2993 et
1602 2929 1973 3012 pensionem
2004 2926 2255 2993 solvere
2270 2949 2471 2992 tecu-

195 3013 374 3092 savit3
403 3031 471 3080 et
505 3016 1030 3102 jurisdictionem
1087 3021 1228 3100 [se]
1279 3016 1345 3080 in
1382 3015 1665 3101 praefatis
1696 3013 1975 3079 ecclesiis
2012 3011 2216 3094 [sicut
2237 3013 2301 3077 in
2332 3012 2471 3078 aliis

202 3102 754 3169 Archidiaconatus
785 3103 882 3168 sui
913 3103 1228 3187 ecclesiis]
1273 3103 1537 3168 nomine
1576 3100 1839 3186 proprio
1869 3111 1935 3163 et
1955 3099 2105 3183 jure
2134 3121 2254 3163 suo
2282 3120 2473 3164 exer-

200 3209 325 3252 cere
351 3211 418 3254 se
459 3190 732 3255 asseruit
763 3203 864 3277 [et
895 3213 1024 3255 non
1057 3190 1319 3258 Prioris.
1399 3190 1677 3273 Propter
1704 3185 1881 3273 qnod
1912 3184 2247 3251 Galfridus
2282 3186 2471 3251 Prior

192 3275 680 3358 jurisdictionem
733 3277 1180 3363 apprehendit,
1232 3289 1301 3342 et
1337 3275 1640 3342 ecclesias
1662 3273 1783 3337 sibi
1814 3271 2252 3358 appropriatas
2282 3273 2469 3358 plene

201 3358 466 3442 visitavit,
513 3385 692 3428 anno
737 3363 1002 3430 Domini
1046 3383 1228 3430 mccc
1273 3362 1529 3428 decimo
1570 3383 1784 3438 nono;
1830 3359 2127 3424 officiales
2156 3373 2223 3425 et
2254 3359 2469 3424 minis-

203 3459 314 3511 tros
357 3450 668 3534 praesecit,
719 3464 786 3517 et
838 3465 1040 3516 totam
1078 3451 1593 3536 jurisdictionem
1646 3449 1956 3516 exercuit.
2072 3450 2268 3512 Anno
2315 3470 2469 3513 vero

201 3533 440 3601 Domini
498 3557 808 3604 Mcccxxt
867 3539 1042 3603 nisus
1101 3551 1200 3602 est
1255 3537 1559 3623 praefatus
1618 3533 2149 3611 Archidiaconus‚
2206 3534 2469 3600 easdem

201 3622 472 3690 ecclesias
507 3623 788 3704 visitare,
822 3626 934 3690 sed
967 3648 1088 3690 nec
1117 3624 1321 3689 clerus
1365 3646 1486 3688 nec
1515 3621 1789 3709 populus
1819 3621 1875 3685 ei
1907 3618 2213 3687 obedivit.
2308 3621 2469 3686 Pro-

201 3725 467 3775 vocatum
499 3725 570 3777 et
599 3713 990 3799 appellatum
1021 3724 1250 3777 contra
1279 3733 1425 3776 eum
1456 3709 1599 3787 suit,
1635 3722 1703 3773 et
1726 3707 2063 3776 inhibitum
2084 3731 2203 3793 per
2226 3707 2467 3776 curiam

206 3794 680 3878 Ebmcenseux,
715 3822 798 3865 ne
829 3799 980 3900 quid
1005 3811 1230 3864 contra
1255 3797 1545 3865 Priorem
1566 3809 1631 3862 et
1654 3795 2001 3882 capitulum
2025 3808 2465 3880 attemptaret.

203 3881 416 3949 Videns
467 3909 625 3972 ergo
684 3886 1206 3963 ArchtdiaconuS,
1255 3885 1430 3972 quod
1471 3884 1561 3949 sic
1590 3905 1718 3948 non
1751 3883 2117 3968 proficeret,
2150 3881 2469 3946 conduxit

201 3971 546 4070 magistrum
607 3971 956 4039 Ricardum
1008 3975 1093 4038 de
1145 3972 1386 4050 Eriom‚
1441 3985 1594 4038 tunc
1646 3971 1877 4036 ducem
1930 3980 1999 4032 et
2042 3965 2469 4032 consiliarium

209 4055 503 4146 Episcopi.
594 4061 704 4130 Ad
752 4064 932 4150 cujus
985 4059 1459 4144 instigationem
1522 4056 1877 4144 Episcopus
1929 4077 1997 4119 se
2041 4053 2191 4119 fecit
2218 4067 2467 4138 partem

205 4159 400 4212 eontra
420 4149 770 4232 Priorem,]
789 4149 1338 4234 comminatusque
1358 4157 1454 4212 est
1479 4144 1767 4209 Priorem
1787 4143 2115 4228 deponere
2138 4163 2157 4218 ;
2188 4162 2467 4208 summo·

211 4231 386 4318 [que]
439 4236 738 4302 Pontifici
779 4257 1141 4324 suggerere,
1173 4233 1348 4321 quod
1378 4231 1681 4298 monachi
1710 4229 2177 4295 Dunelmenses
2199 4243 2467 4316 propter

925 4413 952 4442 ⁶
978 4413 1306 4472 Ansxmx,
1339 4407 1444 4460 No.
1465 4423 1588 4459 0111.
1612 4422 1726 4459 civ.

709 4485 750 4545 †
787 4475 916 4530 'rhi-
939 4481 1168 4550 Chapter
1190 4480 1280 4529 ἤιε
1305 4493 1370 4529 no
1391 4475 1613 4544 hesding
1636 4476 1687 4524 in
1713 4473 1803 4524 the
1830 4472 1947 4524 Ms.
