3000 5117
466 432 675 505 xxxiv
898 446 1103 497 msT.
1144 444 1504 495 nuNELM.
1544 444 2016 502 scnn’ronns·
2047 442 2270 499 ‘runs‘

467 616 591 677 fiee
640 621 880 687 teneat,
930 624 999 673 et
1046 606 1300 693 operari
1344 608 1409 671 in
1441 606 1819 685 illa-faciat3
1867 628 1952 671 ne
1980 628 2174 694 super
2204 607 2332 671 hoc
2361 604 2592 694 aliquis
2621 623 2774 673 eum

471 700 573 765 vel
604 722 755 764 suos
786 695 934 761 inde
966 696 1309 763 disturbet.
1390 694 1698 758 Testibus
1735 693 2031 759 Henrico
2055 696 2138 760 de
2168 694 2374 759 Essex
2399 708 2466 759 et
2494 692 2779 759 Ricardo

472 788 556 853 de
590 784 755 851 Luci
786 795 855 849 et
894 782 1231 847 Willielmo
1264 780 1459 846 Mart'
1488 804 1515 857 3
1539 782 1713 867 apud
1747 780 1984 849 Lond'.

645 1098 891 1151 xxviii.
943 1098 1179 1143 nunu
1217 1100 1584 1143 AnAsrAcu
1623 1098 1812 1144 mm:
1853 1100 1964 1144 ιω
2005 1098 2351 1145 coucnsss
2383 1098 2606 1144 omn-

651 1189 783 1233 nus
829 1186 1458 1231 annumeramus
1507 1186 1840 1231 nnn-mm
1887 1186 2236 1231 nccnnsun
2281 1185 2606 1244 nimum,

650 1276 740 1319 nn
799 1276 890 1318 xi,
947 1274 1200 1317 manus
1262 1274 1769 1318 mnnnmmcun
1815 1274 2152 1319 murena
2209 1273 2602 1318 monumen

650 1362 933 1407 rnionis
966 1360 1285 1405 nuntiam.
1319 1364 1385 1406 A.
1417 1362 1481 1405 n.
1516 1340 1814 1409 nontin*

1366 1476 1542 1543 [Cart.
1568 1478 1616 1529 1.
1635 1476 1676 1529 f.
1695 1478 1781 1531 4⁰.
1805 1478 1884 1547 b.]

564 1596 943 1663 Anastasius
994 1593 1373 1681 Episcopus,
1425 1618 1646 1661 servus
1696 1618 2027 1661 servorum
2083 1593 2237 1673 Dei,
2287 1591 2602 1659 universis
2651 1592 2782 1659 Dei

472 1684 776 1749 fidelibus
826 1683 1005 1769 apud.
1045 1684 1378 1748 ecclesiam
1431 1683 1653 1750 Sancti
1689 1683 2033 1749 Cuthberti
2064 1680 2321 1768 pietatis
2351 1681 2590 1746 intuitu
2625 1704 2780 1745 con-

474 1770 839 1860 gregandiS,
872 1772 1141 1835 salutem
1176 1784 1243 1834 et
1273 1771 1693 1855 apostolicam
1721 1770 2257 1835 benedictionem.
2357 1768 2490 1843 Qui
2517 1768 2782 1833 celestis

473 1857 701 1944 patriae
746 1859 924 1923 viam,
961 1855 1247 1921 invenire
1290 1858 1686 1937 desiderant,
1721 1874 1786 1923 et
1810 1879 1930 1944 *per
1957 1879 2100 1923 eam
2129 1854 2450 1941 gradatim
2479 1855 2564 1921 ad
2597 1856 2782 1941 polo-

473 1968 616 2009 num
663 1968 914 2009 summa
955 1944 1409 2021 conscendere,
1458 1958 1715 2029 opor-tet
1760 1944 1943 2031 quod
1965 1943 2156 2009 bonis
2185 1942 2491 2029 operibus
2519 1964 2779 2028 semper

472 2032 790 2109 insistant,
824 2044 896 2095 ut
925 2031 1011 2095 sic
1033 2032 1305 2117 januam
1334 2032 1555 2095 salutis
1585 2032 1974 2117 repperiam,
2007 2052 2160 2118 qnae
2177 2052 2321 2111 RQ}
2333 2030 2558 2097 melius
2583 2052 2781 2116 quam

472 2119 732 2205 pietatis
778 2118 1079 2202 operibus
1127 2117 1433 2205 aperitur.
1523 2119 1633 2183 Ad
1664 2118 1920 2203 pietatis
1952 2118 2170 2205 itaque
2200 2139 2422 2203 opera,
2455 2116 2680 2182 dilecti
2711 2117 2778 2181 in

479 2207 769 2272 Domino
812 2206 958 2284 filii,
996 2228 1118 2291 pro
1150 2206 1377 2293 quibus
1408 2204 1806 2284 exercendis,
1840 2204 2033 2271 sicuti
2055 2228 2142 2269 ex
2171 2204 2396 2268 dilecti
2421 2204 2537 2267 filii
2571 2203 2778 2269 nostri

478 2292 825 2359 Laurencii
889 2292 1130 2358 Prioris
1188 2292 1564 2357 narracione
1613 2292 1994 2378 accepimus,
2043 2292 2127 2357 ad
2169 2289 2519 2357 beatissimi
2567 2290 2778 2355 Cuth-

474 2380 641 2446 berti
696 2380 1057 2459 ecclesiam,
1095 2381 1159 2444 in
1210 2402 1355 2467 qna.
1384 2380 1564 2445 idem
1612 2381 1886 2445 Sanctus
1933 2379 2182 2464 integer
2218 2378 2429 2443 adhuc
2467 2400 2770 2462 corpore,

475 2467 721 2532 divino-
744 2490 1035 2545 munere,
1084 2481 1475 2553 perseverat,
1521 2466 1942 2535 consuevistis
1988 2465 2244 2551 pietatis
2269 2464 2506 2529 intuitu
2539 2486 2782 2531 conve-

474 2558 636 2634 nire,
696 2578 817 2619 vos
863 2554 1177 2621 attencius
1226 2553 1582 2632 incitamuir,
1641 2567 1710 2619 ut
1754 2552 1949 2640 ipsius
2009 2552 2417 2617 sanctissimis
2477 2552 2779 2637 precibus

476 2642 657 2706 illum
704 2641 1076 2707 mereamini
1108 2642 1345 2705 habere
1375 2641 1722 2725 placatum,
1757 2640 1889 2728 qui,
1922 2640 2078 2704 dum
2108 2639 2372 2717 viveret,
2405 2639 2777 2704 itastuduit

474 2728 756 2793 fideliter
802 2728 1140 2806 deservire,
1197 2741 1272 2793 ut
1317 2728 1551 2792 merito
1603 2728 1853 2793 dictum
1894 2727 2137 2791 siteia
2165 2727 2462 2792 Domino
2489 2736 2544 2769 “·
2563 2726 2774 2811 Euge,

474 2837 659 2879 serve
696 2816 889 2893 bone,
923 2816 1093 2880 intra
1121 2818 1189 2879 in
1218 2814 1528 2903 gaudium
1576 2815 1851 2880 Domini
1893 2814 2049 2883 tui.'’
2141 2816 2314 2881 Sane
2344 2813 2616 2877 dubium
2645 2835 2776 2878 non

474 2916 590 2979 est,
639 2901 800 2989 quin
853 2902 1235 2967 Sanctorum
1283 2902 1576 2988 precibus
1629 2902 1791 2967 illud
1838 2899 2695 2985 multociensimpetnemus,
2721 2900 2775 2964 si

472 3012 622 3055 cum
676 2989 1032 3055 devocione
1076 2990 1247 3076 ipsos
1296 2990 1728 3055 studuerimus
1781 3011 2081 3066 exorare,
2129 2988 2305 3075 quod
2353 2986 2590 3052 nostris
2639 3009 2774 3051 non

472 3076 757 3142 valemus
817 3078 1077 3143 meritis·
1116 3078 1520 3179 aliquatenus
1577 3076 1896 3143 obtinere.
2019 3076 2120 3141 Ea
2176 3087 2464 3160 propter,
2527 3074 2647 3138 filii
2706 3073 2772 3138 in

478 3164 742 3230 Christo
787 3164 1111 3243 carissimi,
1146 3166 1618 3231 universitatem
1647 3178 1920 3229 vestram
1951 3184 2286 3251 rog-annm,
2307 3184 2674 3239 monemus,
2707 3175 2774 3225 et

468 3251 888 3316 exhortamur
927 3251 993 3315 in
1040 3252 1349 3330 Domino,
1393 3267 1590 3339 atque
1638 3253 1704 3315 in
1749 3264 2161 3337 peccatorum
2205 3248 2644 3313 remissionem
2679 3247 2774 3313 in-

457 3337 816 3425 jungimuS,
848 3352 923 3402 ut
952 3338 1233 3403 debitam
1266 3337 1477 3403 eidem
1508 3338 1906 3403 sanctissimo
1935 3336 2190 3420 corpori
2217 3334 2655 3401 reverenciam
2687 3334 2774 3399 ad

468 3423 667 3509 ipsius
711 3423 1159 3489 conveniendo
1204 3424 1538 3488 ecclesiam
1571 3425 1896 3489 humiliter
1925 3422 2250 3500 deferatiS,
2284 3437 2352 3487 et
2383 3422 2464 3487 ad
2497 3422 2772 3487 fratrum

470 3510 1031 3588 sustentacionem,
1079 3510 1188 3597 qui
1242 3510 1379 3594 ejus
1432 3526 1584 3575 sunt
1632 3511 1886 3577 assidue
1939 3509 2208 3577 servicio
2260 3508 2629 3596 mancipati,
2685 3510 2773 3573 de

467 3596 653 3661 bonis
698 3595 886 3661 vobis
925 3620 983 3661 a-
1008 3598 1159 3661 Deo
1204 3596 1451 3662 collatis
1480 3611 1707 3682 optata
1747 3598 1982 3663 solacia
2010 3596 2430 3673 ministretis3
2514 3595 2776 3661 uatinus

469 3706 591 3770 per
634 3683 797 3761 haee,
846 3696 929 3749 et·
967 3683 1094 3748 alia
1137 3684 1332 3762 bona,
1382 3706 1552 3771 quae,
1586 3685 1802 3751 divina
1829 3684 2036 3771 gratia
2065 3682 2438 3771 inspirante,
2467 3619 2772 3759 {cer-itis,

469 3771 564 3836 ad:
607 3784 851 3835 eternae
904 3770 1057 3836 vitae
1112 3769 1368 3856 gaudia,
1421 3771 1487 3835 'm
1539 3794 1670 3859 qua
1714 3772 2112 3837 beatissimus
2171 3770 2566 3837 Cuthbertus
2619 3790 2770 3833 cum

476 3858 742 3923 Sanctis
776 3858 914 3925 aliis
960 3872 1326 3945 coronatur,
1380 3859 1657 3944 possitis,
1711 3859 2022 3945 larg-iente
2053 3856 2364 3935 Domino,
2404 3856 2767 3942 pervenire.

470 3945 875 4033 Quicunque·
910 3968 1075 4010 vero.
1112 3945 1195 4009 de
1250 3944 1657 4011 facultatibus
1710 3946 1829 4011 sibi
1877 3969 1920 4010 a
1971 3946 2120 4011 Deo
2166 3945 2417 4009 collatis
2459 3943 2770 4008 fratribus

464 4032 731 4111 eisdem,
792 4056 913 4119 pro
972 4032 1173 4120 i‘psius
1223 4034 1592 4099 reverencia
1639 4034 2061 4111 ConfessoriS,
2109 4030 2497 4110 subvenerit,
2545 4033 2767 4131 eisque

462 4120 785 4186 beneficia
828 4120 1064 4186 intuitu
1110 4120 1478 4185 devocionis
1510 4120 1907 4205 persolverit,
1939 4118 2370 4208 quadraginta
2397 4118 2458 4183 ei
2489 4117 2624 4183 dies
2671 4140 2772 4182 in-

452 4206 705 4291 junctae
751 4207 1175 4293 poenitenciae,
1227 4208 1453 4272 confisi
1506 4209 1588 4273 de
1632 4208 1967 4273 beatorum
2014 4206 2454 4295 apostolorum
2492 4205 2669 4271 Petri
2699 4218 2770 4269 et

463 4292 652 4357 Pauli
701 4308 769 4357 et
812 4295 1101 4378 ejusdem
1195 4293 1600 4361 reciosissimi
1651 4293 1998 4361 Cuthberti
2027 4294 2296 4373 meritis,
2330 4292 2764 4379 indulgemus.

464 4378 643 4448 Data
666 4378 835 4458 Lat',
868 4401 1043 4446 xvxii
1072 4382 1159 4447 ka
1184 4434 1201 4451 .
1234 4382 1384 4449 Jan.

650 4560 677 4587 ⁸
697 4556 964 4627 originale
988 4556 1145 4625 hujus
1183 4558 1357 4613 Bullae
1383 4566 1463 4614 est
1486 4558 1540 4614 in
1565 4560 1798 4616 custodia
1811 4561 2120 4615 feretrarii.
2191 4562 2326 4612 Nota
2351 4560 2403 4609 in
2428 4572 2587 4621 mary-
