3000 5117
491 486 630 538 cxc
987 488 1192 539 ms‘r.
1229 484 1592 561 DURNELM.
1628 476 2103 538 scarr'ToREs
2131 484 2343 538 mins.

497 648 880 713 Sanctorum
923 648 1303 734 praedictum
1333 647 1679 732 proedictus
1719 647 1952 712 Petrus
1996 671 2065 712 se
2095 647 2365 733 obligat,
2398 646 2705 713 haeredes
2736 664 2809 717 et

487 747 872 799 executores
899 758 1072 812 suos,
1105 756 1222 819 per
1251 749 1622 820 praesentes,
1656 734 1971 821 proedicto
2008 734 2217 799 Priori
2248 750 2317 801 et
2346 738 2486 821 ejus
2538 758 2805 803 succes-

488 820 738 885 soribus
789 822 854 886 in
905 836 1166 887 centum
1217 820 1392 885 libris
1437 822 1781 900 solvendis,
1813 821 1867 885 si
1918 821 2226 887 defecerit
2278 822 2342 885 in
2391 822 2805 907 perficiendo

489 928 653 992 opus
707 910 1102 995 praedictum·
1133 908 1294 973 citra
1337 907 1571 973 festum
1610 909 1918 973 Omnium
1956 910 2341 974 Sanctorum
2371 908 2795 997 praedictum.

493 994 572 1058 In
624 996 804 1080 cujus
855 998 949 1060 rei
999 996 1432 1061 testimonium
1465 994 1884 1079 praesentibus
1940 994 2296 1061 indenturis
2328 1008 2461 1059 tam
2494 994 2799 1061 dominns

489 1079 676 1147 Prior
694 1104 885 1169 quam
912 1082 1118 1147 dictus
1141 1082 1373 1147 Petrus
1391 1082 1816 1147 cementarius
1841 1081 2051 1179 sigilla
2071 1104 2190 1146 sua
2210 1081 2574 1147 alternatim
2599 1105 2801 1184 appo-

485 1184 772 1237 suerunt.
863 1170 1044 1235 Data
1079 1170 1409 1245 Dunelmi‚
1442 1167 1512 1231 in
1558 1167 1725 1234 festo
1772 1168 2248 1255 purificaciouis
2281 1168 2494 1234 beatae
2526 1168 2791 1249 Marnae,

485 1278 657 1320 anno
690 1255 954 1321 Domini
983 1266 1306 1320 πωπω
1353 1254 1581 1340 primo.

573 1344 968 1408 Willielmus
1022 1339 1831 1407 Lameton—-Willielmus
1882 1340 2488 1409 Jalkar--Thomas
2524 1344 2795 1411 Forster

481 1430 972 1495 —Willielmus
1001 1429 1288 1496 Melode.
1395 1428 1819 1510 [Apparently
1844 1427 2229 1515 bondsmen}

569 1516 802 1581 Petrus
840 1517 938 1581 Dr
1026 1538 1130 1601 ge,
1163 1516 1591 1581 cementarius
1634 1548 1723 1563 —-
1753 1516 2073 1581 Dominus
2094 1515 2493 1581 .Willielmus
2522 1518 2795 1597 Benett‚

481 1600 752 1669 vicarius
804 1604 885 1668 de
1015 1616 1331 1689 eryngton
1389 1638 1478 1653 --
1538 1599 1863 1665 Robertus
1918 1602 2277 1688 Daynwell‚
2330 1605 2791 1673 cementarius.

482 1726 565 1740 —-
609 1690 978 1756 Willielmus
1013 1690 1290 1765 Laude-S,
1323 1688 1771 1756 cementarius,
1882 1690 2309 1772 [Apparently
2334 1690 2703 1778 bondmenJ.

569 1778 634 1861 iij
665 1778 886 1843 balkes
915 1779 999 1842 de
1029 1778 1116 1863 xij
1149 1798 1304 1863 pees
1334 1789 1398 1839 et
1419 1773 1448 1859 j
1483 1774 1656 1839 firste
1686 1797 1846 1860 pece
1876 1788 1943 1839 et
1956 1776 1985 1859 j
2008 1775 2160 1839 ches
2184 1798 2220 1840 e
2244 1778 2603 1843 covenable
2625 1801 2795 1862 pour

481 1865 724 1930 corbell
754 1864 936 1939 deni)
968 1877 1152 1930 notre
1183 1862 1340 1949 park
1372 1861 1482 1927 del
1518 1862 1870 1948 Haynyng.
1989 1864 2087 1942 [A
2114 1884 2288 1927 mem.
2318 1872 2387 1928 at
2416 1866 2517 1928 2}oe
2540 1868 2701 1948 jae'wt
2726 1869 2811 1949 of

476 1954 576 2017 uae
614 1954 936 2029 contrad).

653 2272 844 2316 cmiv·
896 2266 1245 2311 Rss'rlmclo
1315 2263 1647 2320 MAGISTRJ
1714 2263 2020 2308 ROBERTI
2085 2262 2427 2307 APPILTON
2494 2262 2607 2305 Es·

655 2356 859 2402 suum
923 2356 1013 2399 DE
1070 2352 1394 2398 CONSILIO
1449 2348 1731 2394 Pmoms
1792 2352 1879 2395 ET
1939 2349 2263 2393 CAPITULI
2328 2349 2603 2393 numu.-

653 2444 925 2489 Manem.

1363 2554 1523 2623 [neg.
1547 2550 1772 2607 111.f01.
1804 2552 1907 2621 η]

569 2679 732 2744 Haec
765 2676 1106 2740 indentura
1134 2674 1304 2735 sacta
1333 2670 1498 2735 inter
1532 2668 1896 2757 Religiosos
1928 2665 2095 2732 viros
2124 2668 2185 2734 J.
2224 2666 2515 2733 Priorem
2548 2684 2617 2736 et
2654 2674 2795 2739 Ca-

477 2766 752 2853 pitulum
801 2762 1088 2827 ecclesiae
1125 2757 1580 2823 Dunelmensis
1610 2776 1698 2821 ex
1730 2770 1911 2839 parte
1941 2777 2091 2832 una,
2124 2770 2193 2820 et
2224 2756 2602 2840 magistrum
2644 2759 2791 2824 Ro·-

473 2856 727 2920 bertum
777 2848 1110 2934 Appilton,
1153 2868 1239 2911 ex
1267 2860 1450 2930 parte
1479 2843 1700 2919 altera,
1736 2856 2007 2907 testatur
2036 2842 2211 2929 quod
2241 2844 2594 2928 praedictus
2646 2868 2789 2912 ma·

469 2938 670 3027 gister
727 2938 1050 3003 Robertus
1103 2948 1203 2998 est
1255 2944 1545 2996 retentus
1578 2928 1900 3015 praedictis
1930 2928 2241 3013 religiosis
2271 2929 2423 2993 viris
2462 2930 2681 2997 Priori
2718 2948 2785 2999 et

473 3026 776 3113 Capitulo
831 3020 1084 3089 essendi
1133 3019 1217 3085 de
1263 3018 1528 3083 consilio
1570 3017 1893 3082 dictorum
1950 3016 2190 3079 Prioris
2250 3030 2318 3080 et
2371 3018 2663 3105 Capituli
2716 3040 2791 3085 et

471 3133 907 3180 successorum
951 3128 1232 3184 suorum,
1283 3126 1399 3191 pro
1445 3117 1587 3171 toto
1634 3117 1927 3189 tempore
1973 3103 2125 3166 vitae
2170 3122 2329 3181 suae,
2376 3102 2440 3166 in
2472 3106 2788 3171 omnibus

467 3218 538 3269 et
581 3200 847 3285 singulis
891 3186 1174 3281 negociis
1204 3207 1272 3257 et
1299 3190 1571 3279 querelis
1601 3213 1676 3254 ac
1705 3188 1847 3255 aliis
1877 3188 2003 3253 suis
2036 3187 2544 3276 quibuscumque
2574 3216 2791 3277 agen-

472 3290 594 3367 dis,
627 3289 710 3353 de
741 3285 971 3374 quibus
1002 3282 1196 3367 ipsius
1226 3278 1559 3345 consilium
1592 3276 1899 3341 duxerint
1922 3276 2397 3362 requirendum,
2419 3281 2789 3345 venerabili

477 3374 783 3461 Capitulo
817 3367 1211 3435 Eboracensi
1255 3379 1330 3431 ac
1363 3366 1623 3431 Abbate
1654 3376 1719 3427 et.
1752 3364 2095 3428 Conventu
2134 3362 2518 3429 Mouasterii
2553 3366 2783 3433 beatae

474 3460 708 3528 Mariae
743 3458 1151 3532 Eboracensi,
1187 3452 1510 3539 prioribus
1555 3449 1830 3514 dominis
1875 3451 2023 3527 suia,
2058 3449 2124 3514 in
2168 3451 2465 3515 omnibus
2511 3475 2787 3539 semper

468 3549 678 3625 salvis,
729 3542 1141 3630 ipsorumque
1174 3540 1412 3604 Prioris
1462 3550 1533 3603 et
1584 3535 1871 3622 Capituli
1904 3537 2171 3620 negocia
2214 3539 2574 3603 secundum
2606 3544 2787 3606 vires

469 3658 619 3701 suos
650 3630 992 3699 efficaciter
1021 3626 1446 3713 promovebit.
1528 3626 1615 3690 Et
1646 3624 1730 3689 ad
1754 3622 1893 3688 haec
1917 3624 2231 3702 facienda,
2259 3625 2610 3709 praedictus
2638 3650 2784 3691 ma-

465 3724 664 3809 gister
715 3718 1034 3784 Robertus
1067 3712 1346 3779 fideliter
1374 3710 1663 3798 promisit
1694 3724 1762 3774 et
1792 3733 1859 3774 se
1891 3710 2135 3795 obligat
2165 3708 2442 3775 firmiter
2460 3734 2581 3797 per
2603 3736 2785 3799 prae-

463 3824 676 3876 sentes
694 3810 786 3873 ita
804 3805 980 3893 quod
993 3802 1528 3890 quandocumque
1544 3796 1877 3883 continget
1890 3797 2092 3883 ipsum
2112 3796 2177 3861 in
2196 3799 2477 3885 negociis
2488 3798 2785 3884 ipsorum

471 3898 715 3965 Prioris
745 3909 812 3960 et
848 3889 1133 3977 Capituli
1161 3889 1474 3964 laborare,
1509 3882 1675 3950 infra
1702 3906 1972 3967 regnum
1995 3884 2275 3969 Angliae,
2299 3885 2416 3949 sibi
2449 3908 2785 3973 expensas

462 4009 582 4051 suo
624 3981 856 4070 gradui
899 3999 1215 4063 congruas
1247 3974 1717 4039 ministrabunt.
1816 3970 1903 4035 Et
1946 3994 2065 4057 pro
2104 3971 2373 4035 consilio
2404 3970 2603 4057 ipsius
2636 3997 2789 4040 ma-

463 4074 646 4158 gistri
681 4067 954 4135 Roberti
997 4064 1180 4130 dictis
1217 4060 1422 4127 Priori
1478 4072 1545 4124 et
1582 4056 1887 4143 Capitulo
1932 4073 2000 4123 et
2042 4078 2264 4122 eorum
2296 4060 2783 4126 successoribus

466 4174 542 4227 ut
583 4157 962 4245 praedictum
1010 4166 1126 4230 est,
1161 4148 1442 4215 fideliter
1487 4159 1557 4210 et
1586 4144 1929 4210 efficaciter
1957 4144 2024 4208 in
2058 4144 2296 4233 Anglia
2324 4145 2779 4231 impendendo

460 4246 618 4311 dicti
655 4244 840 4309 Prior
870 4256 936 4307 et
970 4236 1341 4325 Capitulum
1366 4246 1817 4299 concesserunt
1835 4231 2151 4317 proedicto
2178 4233 2483 4316 magistro
2513 4233 2780 4300 Rober-

463 4347 534 4399 to
565 4354 756 4397 unam
789 4350 1064 4395 annuam
1095 4323 1463 4413 pensionem
1495 4340 1587 4386 xl,
1616 4318 1991 4397 solidorum,
2013 4319 2276 4405 singulis
2299 4319 2481 4383 annis
2505 4321 2591 4385 ad
2612 4322 2781 4387 fessa

461 4418 660 4485 sancti
697 4416 962 4482 Martini
995 4414 1060 4479 in
1104 4434 1291 4500 yeme
1323 4422 1392 4473 et
1429 4408 1856 4474 pentecostes·
1876 4429 1991 4495 per
2022 4408 2283 4495 equales
2314 4406 2656 4491 porciones
2688 4411 2778 4474 de

461 4504 846 4573 monasterio
877 4525 992 4567 suo
1025 4496 1599 4586 percipiendorum,
1627 4516 1961 4582 quousque
1994 4517 2109 4581 per
2140 4494 2403 4560 cosdem
2432 4511 2775 4580 promotus
