<?xml version="1.0" encoding="UTF-8"?>
<!DOCTYPE html PUBLIC "-//W3C//DTD XHTML 1.0 Transitional//EN"
    "http://www.w3.org/TR/xhtml1/DTD/xhtml1-transitional.dtd">
<html xmlns="http://www.w3.org/1999/xhtml" xml:lang="en" lang="en">
 <head>
  <title>
</title>
<meta http-equiv="Content-Type" content="text/html;charset=utf-8" />
  <meta name='ocr-system' content='tesseract 3.04.00' />
  <meta name='ocr-capabilities' content='ocr_page ocr_carea ocr_par ocr_line ocrx_word'/>
</head>
<body>
  <div class='ocr_page' id='page_1' title='image "./historiaedunelm00raingoog_0680.png"; bbox 0 0 3000 5117; ppageno 0'>
   <div class='ocr_carea' id='block_1_1' title="bbox 365 473 2197 534">
    <p class='ocr_par' dir='ltr' id='par_1_1' title="bbox 365 473 2197 534">
     <span class='ocr_line' id='line_1_1' title="bbox 365 473 2197 534; baseline -0.002 0"><span class='ocrx_word' id='word_1_1' title='bbox 365 473 684 534; x_wconf 67' lang='lat' dir='ltr'>CCCCXXX</span> <span class='ocrx_word' id='word_1_2' title='bbox 831 479 1034 531; x_wconf 74' lang='lat' dir='ltr'><strong>HIST.</strong></span> <span class='ocrx_word' id='word_1_3' title='bbox 1079 479 1443 530; x_wconf 84' lang='lat' dir='ltr'><strong>DUNELM.</strong></span> <span class='ocrx_word' id='word_1_4' title='bbox 1485 479 1949 531; x_wconf 79' lang='lat' dir='ltr'><strong>SCRIPTORES</strong></span> <span class='ocrx_word' id='word_1_5' title='bbox 1986 481 2197 534; x_wconf 76' lang='lat' dir='ltr'><strong>TREs.</strong></span> 
     </span>
    </p>
   </div>
   <div class='ocr_carea' id='block_1_2' title="bbox 345 641 2675 2038">
    <p class='ocr_par' dir='ltr' id='par_1_2' title="bbox 345 641 2675 2038">
     <span class='ocr_line' id='line_1_2' title="bbox 357 641 2675 732; baseline 0 -21"><span class='ocrx_word' id='word_1_6' title='bbox 357 645 812 728; x_wconf 77' lang='lat' dir='ltr'><strong>tranfiguratus</strong></span> <span class='ocrx_word' id='word_1_7' title='bbox 856 654 955 708; x_wconf 89' lang='lat' dir='ltr'><strong>est</strong></span> <span class='ocrx_word' id='word_1_8' title='bbox 1009 641 1321 719; x_wconf 78' lang='lat' dir='ltr'><strong>christus,</strong></span> <span class='ocrx_word' id='word_1_9' title='bbox 1371 655 1436 707; x_wconf 92' lang='lat' dir='ltr'><strong>et</strong></span> <span class='ocrx_word' id='word_1_10' title='bbox 1471 641 1789 707; x_wconf 84' lang='lat' dir='ltr'>Dominus</span> <span class='ocrx_word' id='word_1_11' title='bbox 1826 665 1971 710; x_wconf 93' lang='lat' dir='ltr'><strong>cum</strong></span> <span class='ocrx_word' id='word_1_12' title='bbox 2004 641 2235 732; x_wconf 83' lang='lat' dir='ltr'>Moyse</span> <span class='ocrx_word' id='word_1_13' title='bbox 2265 643 2518 708; x_wconf 86' lang='lat' dir='ltr'><strong>locutus</strong></span> <span class='ocrx_word' id='word_1_14' title='bbox 2548 659 2675 712; x_wconf 88' lang='lat' dir='ltr'><strong>est.</strong></span> 
     </span>
     <span class='ocr_line' id='line_1_3' title="bbox 360 729 2675 816; baseline 0.001 -20"><span class='ocrx_word' id='word_1_15' title='bbox 360 733 526 796; x_wconf 85' lang='lat' dir='ltr'><strong>Item</strong></span> <span class='ocrx_word' id='word_1_16' title='bbox 569 753 715 816; x_wconf 87' lang='lat' dir='ltr'><strong>pars</strong></span> <span class='ocrx_word' id='word_1_17' title='bbox 768 732 850 795; x_wconf 89' lang='lat' dir='ltr'><strong>de</strong></span> <span class='ocrx_word' id='word_1_18' title='bbox 901 729 1244 814; x_wconf 86' lang='lat' dir='ltr'><strong>sepulchro</strong></span> <span class='ocrx_word' id='word_1_19' title='bbox 1295 729 1579 794; x_wconf 84' lang='lat' dir='ltr'><strong>Domini.</strong></span> <span class='ocrx_word' id='word_1_20' title='bbox 1674 729 1779 793; x_wconf 88' lang='lat' dir='ltr'><strong>De</strong></span> <span class='ocrx_word' id='word_1_21' title='bbox 1810 729 1989 814; x_wconf 85' lang='lat' dir='ltr'><strong>ligno</strong></span> <span class='ocrx_word' id='word_1_22' title='bbox 2018 730 2285 795; x_wconf 84' lang='lat' dir='ltr'><strong>carceris</strong></span> <span class='ocrx_word' id='word_1_23' title='bbox 2316 733 2520 797; x_wconf 83' lang='lat' dir='ltr'><strong>saneti</strong></span> <span class='ocrx_word' id='word_1_24' title='bbox 2550 733 2675 799; x_wconf 86' lang='lat' dir='ltr'><strong>Jo-</strong></span> 
     </span>
     <span class='ocr_line' id='line_1_4' title="bbox 357 815 2675 903; baseline 0 -19"><span class='ocrx_word' id='word_1_25' title='bbox 357 819 584 884; x_wconf 85' lang='lat' dir='ltr'><strong>hannis</strong></span> <span class='ocrx_word' id='word_1_26' title='bbox 625 819 935 903; x_wconf 84' lang='lat' dir='ltr'><strong>Baptistae</strong></span> <span class='ocrx_word' id='word_1_27' title='bbox 966 829 1030 880; x_wconf 87' lang='lat' dir='ltr'><strong>et</strong></span> <span class='ocrx_word' id='word_1_28' title='bbox 1073 815 1279 880; x_wconf 87' lang='lat' dir='ltr'><strong>sancti</strong></span> <span class='ocrx_word' id='word_1_29' title='bbox 1319 816 1625 900; x_wconf 80' lang='lat' dir='ltr'>Stephani</span> <span class='ocrx_word' id='word_1_30' title='bbox 1660 816 2191 901; x_wconf 82' lang='lat' dir='ltr'><strong>prothomartiris.</strong></span> <span class='ocrx_word' id='word_1_31' title='bbox 2284 819 2451 882; x_wconf 89' lang='lat' dir='ltr'><strong>Item</strong></span> <span class='ocrx_word' id='word_1_32' title='bbox 2484 843 2675 884; x_wconf 88' lang='lat' dir='ltr'><strong>sanc-</strong></span> 
     </span>
     <span class='ocr_line' id='line_1_5' title="bbox 357 902 2669 988; baseline 0 -17"><span class='ocrx_word' id='word_1_33' title='bbox 357 922 570 971; x_wconf 89' lang='lat' dir='ltr'><strong>torum</strong></span> <span class='ocrx_word' id='word_1_34' title='bbox 621 905 875 981; x_wconf 86' lang='lat' dir='ltr'><strong>Jacobi‚</strong></span> <span class='ocrx_word' id='word_1_35' title='bbox 939 902 1264 980; x_wconf 85' lang='lat' dir='ltr'><strong>Zacharei,</strong></span> <span class='ocrx_word' id='word_1_36' title='bbox 1329 902 1667 971; x_wconf 78' lang='lat' dir='ltr'><strong>Simeonis,</strong></span> <span class='ocrx_word' id='word_1_37' title='bbox 1796 903 2063 988; x_wconf 78' lang='lat' dir='ltr'><strong>Insuper</strong></span> <span class='ocrx_word' id='word_1_38' title='bbox 2113 904 2197 968; x_wconf 88' lang='lat' dir='ltr'><strong>de</strong></span> <span class='ocrx_word' id='word_1_39' title='bbox 2249 925 2351 968; x_wconf 87' lang='lat' dir='ltr'><strong>x11</strong></span> <span class='ocrx_word' id='word_1_40' title='bbox 2414 906 2669 972; x_wconf 85' lang='lat' dir='ltr'><strong>thronis</strong></span> 
     </span>
     <span class='ocr_line' id='line_1_6' title="bbox 361 989 2673 1079; baseline 0 -21"><span class='ocrx_word' id='word_1_41' title='bbox 361 993 841 1079; x_wconf 85' lang='lat' dir='ltr'><strong>Apostolorum.</strong></span> <span class='ocrx_word' id='word_1_42' title='bbox 935 993 1100 1056; x_wconf 89' lang='lat' dir='ltr'><strong>Item</strong></span> <span class='ocrx_word' id='word_1_43' title='bbox 1135 991 1198 1053; x_wconf 93' lang='lat' dir='ltr'><strong>in</strong></span> <span class='ocrx_word' id='word_1_44' title='bbox 1231 990 1363 1053; x_wconf 86' lang='lat' dir='ltr'><strong>alio</strong></span> <span class='ocrx_word' id='word_1_45' title='bbox 1387 990 1533 1054; x_wconf 91' lang='lat' dir='ltr'><strong>loco</strong></span> <span class='ocrx_word' id='word_1_46' title='bbox 1562 1011 1709 1076; x_wconf 89' lang='lat' dir='ltr'><strong>pars</strong></span> <span class='ocrx_word' id='word_1_47' title='bbox 1754 991 1838 1055; x_wconf 93' lang='lat' dir='ltr'><strong>de</strong></span> <span class='ocrx_word' id='word_1_48' title='bbox 1883 989 2221 1076; x_wconf 84' lang='lat' dir='ltr'><strong>sepulchro</strong></span> <span class='ocrx_word' id='word_1_49' title='bbox 2255 992 2545 1070; x_wconf 82' lang='lat' dir='ltr'><strong>Domini,</strong></span> <span class='ocrx_word' id='word_1_50' title='bbox 2580 995 2673 1059; x_wconf 91' lang='lat' dir='ltr'><strong>de</strong></span> 
     </span>
     <span class='ocr_line' id='line_1_7' title="bbox 355 1076 2671 1167; baseline 0 -22"><span class='ocrx_word' id='word_1_51' title='bbox 355 1081 604 1167; x_wconf 88' lang='lat' dir='ltr'><strong>templo</strong></span> <span class='ocrx_word' id='word_1_52' title='bbox 634 1079 922 1156; x_wconf 87' lang='lat' dir='ltr'><strong>Domini,</strong></span> <span class='ocrx_word' id='word_1_53' title='bbox 955 1079 1038 1142; x_wconf 92' lang='lat' dir='ltr'><strong>de</strong></span> <span class='ocrx_word' id='word_1_54' title='bbox 1071 1076 1340 1163; x_wconf 77' lang='lat' dir='ltr'><strong>spongia</strong></span> <span class='ocrx_word' id='word_1_55' title='bbox 1373 1076 1658 1153; x_wconf 88' lang='lat' dir='ltr'><strong>Domini,</strong></span> <span class='ocrx_word' id='word_1_56' title='bbox 1693 1077 1775 1140; x_wconf 90' lang='lat' dir='ltr'><strong>de</strong></span> <span class='ocrx_word' id='word_1_57' title='bbox 1806 1079 2122 1162; x_wconf 85' lang='lat' dir='ltr'><strong>proesepio</strong></span> <span class='ocrx_word' id='word_1_58' title='bbox 2156 1078 2448 1158; x_wconf 85' lang='lat' dir='ltr'><strong>Domini,</strong></span> <span class='ocrx_word' id='word_1_59' title='bbox 2482 1080 2569 1144; x_wconf 88' lang='lat' dir='ltr'><strong>de</strong></span> <span class='ocrx_word' id='word_1_60' title='bbox 2602 1081 2671 1145; x_wconf 88' lang='lat' dir='ltr'><strong>la.</strong></span> 
     </span>
     <span class='ocr_line' id='line_1_8' title="bbox 355 1164 2669 1256; baseline 0 -24"><span class='ocrx_word' id='word_1_61' title='bbox 355 1167 795 1256; x_wconf 88' lang='lat' dir='ltr'><strong>quarenteine.</strong></span> <span class='ocrx_word' id='word_1_62' title='bbox 888 1167 996 1231; x_wconf 93' lang='lat' dir='ltr'><strong>De</strong></span> <span class='ocrx_word' id='word_1_63' title='bbox 1055 1186 1275 1229; x_wconf 86' lang='lat' dir='ltr'><strong>mensa</strong></span> <span class='ocrx_word' id='word_1_64' title='bbox 1335 1164 1625 1233; x_wconf 88' lang='lat' dir='ltr'><strong>Domini.</strong></span> <span class='ocrx_word' id='word_1_65' title='bbox 1730 1165 1840 1230; x_wconf 90' lang='lat' dir='ltr'><strong>De</strong></span> <span class='ocrx_word' id='word_1_66' title='bbox 1900 1181 2121 1230; x_wconf 90' lang='lat' dir='ltr'><strong>monte</strong></span> <span class='ocrx_word' id='word_1_67' title='bbox 2182 1165 2442 1231; x_wconf 83' lang='lat' dir='ltr'><strong>Oliveti.</strong></span> <span class='ocrx_word' id='word_1_68' title='bbox 2554 1168 2669 1233; x_wconf 90' lang='lat' dir='ltr'><strong>De</strong></span> 
     </span>
     <span class='ocr_line' id='line_1_9' title="bbox 357 1250 2667 1341; baseline -0.001 -19"><span class='ocrx_word' id='word_1_69' title='bbox 357 1255 697 1341; x_wconf 85' lang='lat' dir='ltr'><strong>sepulchro</strong></span> <span class='ocrx_word' id='word_1_70' title='bbox 793 1251 1046 1318; x_wconf 85' lang='lat' dir='ltr'><strong>loriosae</strong></span> <span class='ocrx_word' id='word_1_71' title='bbox 1099 1251 1358 1336; x_wconf 74' lang='lat' dir='ltr'><strong>virginis</strong></span> <span class='ocrx_word' id='word_1_72' title='bbox 1411 1251 1666 1316; x_wconf 86' lang='lat' dir='ltr'><strong>Mariae.</strong></span> <span class='ocrx_word' id='word_1_73' title='bbox 1778 1250 1882 1316; x_wconf 92' lang='lat' dir='ltr'><strong>De</strong></span> <span class='ocrx_word' id='word_1_74' title='bbox 1942 1252 2154 1336; x_wconf 89' lang='lat' dir='ltr'><strong>lapide</strong></span> <span class='ocrx_word' id='word_1_75' title='bbox 2212 1274 2405 1338; x_wconf 85' lang='lat' dir='ltr'><strong>super</strong></span> <span class='ocrx_word' id='word_1_76' title='bbox 2462 1277 2667 1341; x_wconf 87' lang='lat' dir='ltr'><strong>quem</strong></span> 
     </span>
     <span class='ocr_line' id='line_1_10' title="bbox 353 1337 2667 1427; baseline -0.001 -19"><span class='ocrx_word' id='word_1_77' title='bbox 353 1358 541 1409; x_wconf 86' lang='lat' dir='ltr'><strong>natus</strong></span> <span class='ocrx_word' id='word_1_78' title='bbox 595 1357 692 1408; x_wconf 88' lang='lat' dir='ltr'><strong>est</strong></span> <span class='ocrx_word' id='word_1_79' title='bbox 784 1342 1069 1405; x_wconf 86' lang='lat' dir='ltr'><strong>ohannes</strong></span> <span class='ocrx_word' id='word_1_80' title='bbox 1121 1337 1430 1424; x_wconf 79' lang='lat' dir='ltr'><strong>Baptista.</strong></span> <span class='ocrx_word' id='word_1_81' title='bbox 1530 1339 1635 1403; x_wconf 90' lang='lat' dir='ltr'><strong>De</strong></span> <span class='ocrx_word' id='word_1_82' title='bbox 1686 1361 1835 1403; x_wconf 84' lang='lat' dir='ltr'><strong>vase</strong></span> <span class='ocrx_word' id='word_1_83' title='bbox 1884 1339 1993 1404; x_wconf 91' lang='lat' dir='ltr'><strong>ubi</strong></span> <span class='ocrx_word' id='word_1_84' title='bbox 2036 1339 2414 1405; x_wconf 82' lang='lat' dir='ltr'><strong>lavabantur</strong></span> <span class='ocrx_word' id='word_1_85' title='bbox 2458 1342 2667 1427; x_wconf 86' lang='lat' dir='ltr'><strong>pedes</strong></span> 
     </span>
     <span class='ocr_line' id='line_1_11' title="bbox 353 1425 2667 1518; baseline -0 -22"><span class='ocrx_word' id='word_1_86' title='bbox 353 1431 790 1518; x_wconf 87' lang='lat' dir='ltr'><strong>apostolorum</strong></span> <span class='ocrx_word' id='word_1_87' title='bbox 825 1430 890 1491; x_wconf 89' lang='lat' dir='ltr'><strong>in</strong></span> <span class='ocrx_word' id='word_1_88' title='bbox 921 1447 1124 1491; x_wconf 86' lang='lat' dir='ltr'><strong>coena.</strong></span> <span class='ocrx_word' id='word_1_89' title='bbox 1217 1426 1384 1490; x_wconf 88' lang='lat' dir='ltr'><strong>Item</strong></span> <span class='ocrx_word' id='word_1_90' title='bbox 1415 1426 1703 1513; x_wconf 88' lang='lat' dir='ltr'><strong>reliquiae</strong></span> <span class='ocrx_word' id='word_1_91' title='bbox 1733 1425 2003 1490; x_wconf 82' lang='lat' dir='ltr'><strong>diversae</strong></span> <span class='ocrx_word' id='word_1_92' title='bbox 2036 1429 2097 1490; x_wconf 90' lang='lat' dir='ltr'><strong>in</strong></span> <span class='ocrx_word' id='word_1_93' title='bbox 2132 1427 2411 1514; x_wconf 81' lang='lat' dir='ltr'><strong>quodam</strong></span> <span class='ocrx_word' id='word_1_94' title='bbox 2444 1451 2667 1512; x_wconf 86' lang='lat' dir='ltr'><strong>panno</strong></span> 
     </span>
     <span class='ocr_line' id='line_1_12' title="bbox 354 1512 2663 1599; baseline 0 -17"><span class='ocrx_word' id='word_1_95' title='bbox 354 1518 527 1584; x_wconf 89' lang='lat' dir='ltr'><strong>lineo</strong></span> <span class='ocrx_word' id='word_1_96' title='bbox 557 1531 971 1583; x_wconf 84' lang='lat' dir='ltr'><strong>conservatae.</strong></span> <span class='ocrx_word' id='word_1_97' title='bbox 1053 1513 1216 1577; x_wconf 86' lang='lat' dir='ltr'><strong>Item</strong></span> <span class='ocrx_word' id='word_1_98' title='bbox 1247 1513 1329 1576; x_wconf 93' lang='lat' dir='ltr'><strong>de</strong></span> <span class='ocrx_word' id='word_1_99' title='bbox 1352 1515 1606 1578; x_wconf 86' lang='lat' dir='ltr'><strong>cuculla</strong></span> <span class='ocrx_word' id='word_1_100' title='bbox 1631 1512 1833 1578; x_wconf 82' lang='lat' dir='ltr'><strong>sancti</strong></span> <span class='ocrx_word' id='word_1_101' title='bbox 1863 1513 2175 1579; x_wconf 86' lang='lat' dir='ltr'><strong>Johannis</strong></span> <span class='ocrx_word' id='word_1_102' title='bbox 2204 1515 2663 1599; x_wconf 71' lang='lat' dir='ltr'><strong>Evangelistae.</strong></span> 
     </span>
     <span class='ocr_line' id='line_1_13' title="bbox 367 1599 2663 1681; baseline -0.002 -10"><span class='ocrx_word' id='word_1_103' title='bbox 367 1606 464 1671; x_wconf 87' lang='lat' dir='ltr'><strong>De</strong></span> <span class='ocrx_word' id='word_1_104' title='bbox 493 1603 816 1670; x_wconf 88' lang='lat' dir='ltr'><strong>cunabulo</strong></span> <span class='ocrx_word' id='word_1_105' title='bbox 850 1600 1138 1666; x_wconf 87' lang='lat' dir='ltr'><strong>Domini.</strong></span> <span class='ocrx_word' id='word_1_106' title='bbox 1236 1599 1341 1665; x_wconf 93' lang='lat' dir='ltr'><strong>De</strong></span> <span class='ocrx_word' id='word_1_107' title='bbox 1371 1601 1619 1665; x_wconf 89' lang='lat' dir='ltr'><strong>ossibus</strong></span> <span class='ocrx_word' id='word_1_108' title='bbox 1664 1601 1867 1664; x_wconf 89' lang='lat' dir='ltr'><strong>sancti</strong></span> <span class='ocrx_word' id='word_1_109' title='bbox 1906 1600 2227 1665; x_wconf 86' lang='lat' dir='ltr'><strong>Vincentii</strong></span> <span class='ocrx_word' id='word_1_110' title='bbox 2258 1603 2555 1681; x_wconf 76' lang='lat' dir='ltr'><strong>martiri3‚</strong></span> <span class='ocrx_word' id='word_1_111' title='bbox 2592 1605 2663 1668; x_wconf 85' lang='lat' dir='ltr'><strong>in</strong></span> 
     </span>
     <span class='ocr_line' id='line_1_14' title="bbox 352 1686 2665 1776; baseline -0.001 -18"><span class='ocrx_word' id='word_1_112' title='bbox 352 1694 605 1758; x_wconf 87' lang='lat' dir='ltr'><strong>duobus</strong></span> <span class='ocrx_word' id='word_1_113' title='bbox 654 1690 826 1754; x_wconf 84' lang='lat' dir='ltr'><strong>locis.</strong></span> <span class='ocrx_word' id='word_1_114' title='bbox 926 1689 1086 1753; x_wconf 89' lang='lat' dir='ltr'><strong>Item</strong></span> <span class='ocrx_word' id='word_1_115' title='bbox 1147 1686 1388 1772; x_wconf 86' lang='lat' dir='ltr'><strong>lampas</strong></span> <span class='ocrx_word' id='word_1_116' title='bbox 1419 1689 1717 1775; x_wconf 86' lang='lat' dir='ltr'><strong>quaedam</strong></span> <span class='ocrx_word' id='word_1_117' title='bbox 1749 1703 1969 1752; x_wconf 87' lang='lat' dir='ltr'><strong>sancta</strong></span> <span class='ocrx_word' id='word_1_118' title='bbox 2002 1690 2223 1755; x_wconf 80' lang='lat' dir='ltr'><strong>vitrea.</strong></span> <span class='ocrx_word' id='word_1_119' title='bbox 2318 1689 2485 1754; x_wconf 86' lang='lat' dir='ltr'><strong>Item</strong></span> <span class='ocrx_word' id='word_1_120' title='bbox 2516 1692 2665 1776; x_wconf 83' lang='lat' dir='ltr'><strong>pal-</strong></span> 
     </span>
     <span class='ocr_line' id='line_1_15' title="bbox 349 1774 2662 1860; baseline -0.001 -16"><span class='ocrx_word' id='word_1_121' title='bbox 349 1781 505 1844; x_wconf 89' lang='lat' dir='ltr'><strong>lium</strong></span> <span class='ocrx_word' id='word_1_122' title='bbox 551 1779 750 1844; x_wconf 86' lang='lat' dir='ltr'><strong>sancti</strong></span> <span class='ocrx_word' id='word_1_123' title='bbox 795 1775 1122 1841; x_wconf 89' lang='lat' dir='ltr'><strong>Edmundi</strong></span> <span class='ocrx_word' id='word_1_124' title='bbox 1153 1794 1297 1838; x_wconf 89' lang='lat' dir='ltr'><strong>cum</strong></span> <span class='ocrx_word' id='word_1_125' title='bbox 1332 1797 1511 1858; x_wconf 82' lang='lat' dir='ltr'><strong>capa.</strong></span> <span class='ocrx_word' id='word_1_126' title='bbox 1610 1776 1773 1839; x_wconf 86' lang='lat' dir='ltr'><strong>Item</strong></span> <span class='ocrx_word' id='word_1_127' title='bbox 1806 1774 2021 1839; x_wconf 85' lang='lat' dir='ltr'><strong>casula</strong></span> <span class='ocrx_word' id='word_1_128' title='bbox 2050 1775 2251 1839; x_wconf 83' lang='lat' dir='ltr'><strong>sancti</strong></span> <span class='ocrx_word' id='word_1_129' title='bbox 2284 1779 2477 1860; x_wconf 89' lang='lat' dir='ltr'><strong>patris</strong></span> <span class='ocrx_word' id='word_1_130' title='bbox 2509 1801 2662 1842; x_wconf 86' lang='lat' dir='ltr'><strong>nos-</strong></span> 
     </span>
     <span class='ocr_line' id='line_1_16' title="bbox 348 1861 2655 1948; baseline -0.001 -16"><span class='ocrx_word' id='word_1_131' title='bbox 348 1867 430 1932; x_wconf 87' lang='lat' dir='ltr'><strong>tri</strong></span> <span class='ocrx_word' id='word_1_132' title='bbox 465 1863 831 1932; x_wconf 84' lang='lat' dir='ltr'><strong>Cuthberti.</strong></span> <span class='ocrx_word' id='word_1_133' title='bbox 929 1864 1092 1927; x_wconf 89' lang='lat' dir='ltr'><strong>Item</strong></span> <span class='ocrx_word' id='word_1_134' title='bbox 1127 1861 1375 1926; x_wconf 87' lang='lat' dir='ltr'><strong>cuculla</strong></span> <span class='ocrx_word' id='word_1_135' title='bbox 1405 1865 1610 1926; x_wconf 83' lang='lat' dir='ltr'><strong>saneti</strong></span> <span class='ocrx_word' id='word_1_136' title='bbox 1666 1862 1936 1946; x_wconf 87' lang='lat' dir='ltr'><strong>Elphegi</strong></span> <span class='ocrx_word' id='word_1_137' title='bbox 1991 1861 2475 1948; x_wconf 87' lang='lat' dir='ltr'><strong>Archiepiscopi</strong></span> <span class='ocrx_word' id='word_1_138' title='bbox 2505 1887 2655 1929; x_wconf 85' lang='lat' dir='ltr'><strong>san-</strong></span> 
     </span>
     <span class='ocr_line' id='line_1_17' title="bbox 345 1948 2651 2038; baseline 0 -22"><span class='ocrx_word' id='word_1_139' title='bbox 345 1954 540 2038; x_wconf 87' lang='lat' dir='ltr'><strong>gnine</strong></span> <span class='ocrx_word' id='word_1_140' title='bbox 587 1952 842 2019; x_wconf 86' lang='lat' dir='ltr'><strong>infecta.</strong></span> <span class='ocrx_word' id='word_1_141' title='bbox 941 1949 1243 2035; x_wconf 86' lang='lat' dir='ltr'><strong>Quinque</strong></span> <span class='ocrx_word' id='word_1_142' title='bbox 1286 1971 1505 2014; x_wconf 87' lang='lat' dir='ltr'><strong>cruces</strong></span> <span class='ocrx_word' id='word_1_143' title='bbox 1558 1973 1705 2014; x_wconf 90' lang='lat' dir='ltr'><strong>cum</strong></span> <span class='ocrx_word' id='word_1_144' title='bbox 1755 1949 2033 2036; x_wconf 87' lang='lat' dir='ltr'><strong>reliquiis</strong></span> <span class='ocrx_word' id='word_1_145' title='bbox 2082 1951 2149 2013; x_wconf 90' lang='lat' dir='ltr'><strong>in</strong></span> <span class='ocrx_word' id='word_1_146' title='bbox 2198 1948 2459 2015; x_wconf 82' lang='lat' dir='ltr'><strong>diversis</strong></span> <span class='ocrx_word' id='word_1_147' title='bbox 2490 1953 2651 2017; x_wconf 82' lang='lat' dir='ltr'><strong>locis</strong></span> 
     </span>
    </p>
   </div>
   <div class='ocr_carea' id='block_1_3' title="bbox 353 2055 767 2106">
    <p class='ocr_par' dir='ltr' id='par_1_3' title="bbox 353 2055 767 2106">
     <span class='ocr_line' id='line_1_18' title="bbox 353 2055 767 2106; baseline 0 0"><span class='ocrx_word' id='word_1_148' title='bbox 353 2055 767 2106; x_wconf 71' lang='lat' dir='ltr'><strong>conservatae.</strong></span> 
     </span>
    </p>
   </div>
   <div class='ocr_carea' id='block_1_4' title="bbox 718 2441 2261 2574">
    <p class='ocr_par' dir='ltr' id='par_1_4' title="bbox 718 2441 2261 2574">
     <span class='ocr_line' id='line_1_19' title="bbox 718 2441 2261 2488; baseline 0.002 -3"><span class='ocrx_word' id='word_1_149' title='bbox 718 2441 1066 2486; x_wconf 81' lang='lat' dir='ltr'><strong>cccxxxn.</strong></span> <span class='ocrx_word' id='word_1_150' title='bbox 1117 2441 1388 2486; x_wconf 73' lang='lat' dir='ltr'><strong>FESTUM</strong></span> <span class='ocrx_word' id='word_1_151' title='bbox 1437 2442 1684 2487; x_wconf 70' lang='lat' dir='ltr'><strong>SANCTt</strong></span> <span class='ocrx_word' id='word_1_152' title='bbox 1732 2443 2135 2487; x_wconf 75' lang='lat' dir='ltr'><strong>cU&#39;rHBEnTl</strong></span> <span class='ocrx_word' id='word_1_153' title='bbox 2189 2445 2261 2488; x_wconf 77' lang='grc' dir='ltr'><strong>ΙΝ</strong></span> 
     </span>
     <span class='ocr_line' id='line_1_20' title="bbox 1285 2529 1704 2574; baseline 0.002 -2"><span class='ocrx_word' id='word_1_154' title='bbox 1285 2529 1704 2574; x_wconf 73' lang='grc' dir='ltr'><strong>ὃΕΡΤΕΜΒῐὶΙ.</strong></span> 
     </span>
    </p>
   </div>
   <div class='ocr_carea' id='block_1_5' title="bbox 996 2673 2023 2742">
    <p class='ocr_par' dir='ltr' id='par_1_5' title="bbox 996 2673 2023 2742">
     <span class='ocr_line' id='line_1_21' title="bbox 996 2673 2023 2742; baseline -0.001 -18"><span class='ocrx_word' id='word_1_155' title='bbox 996 2673 1124 2737; x_wconf 84' lang='lat' dir='ltr'><strong>[Ex.</strong></span> <span class='ocrx_word' id='word_1_156' title='bbox 1151 2673 1308 2725; x_wconf 82' lang='lat' dir='ltr'><strong>otho.</strong></span> <span class='ocrx_word' id='word_1_157' title='bbox 1331 2673 1398 2725; x_wconf 84' lang='grc' dir='ltr'><strong>Β.</strong></span> <span class='ocrx_word' id='word_1_158' title='bbox 1423 2677 1471 2726; x_wconf 86' lang='grc'><strong>9.</strong></span> <span class='ocrx_word' id='word_1_159' title='bbox 1493 2675 1547 2724; x_wconf 83' lang='lat' dir='ltr'><strong>iu</strong></span> <span class='ocrx_word' id='word_1_160' title='bbox 1572 2673 1710 2725; x_wconf 80' lang='lat' dir='ltr'><strong>Bibl.</strong></span> <span class='ocrx_word' id='word_1_161' title='bbox 1736 2673 1968 2742; x_wconf 70' lang='lat' dir='ltr'><strong>Cottum]</strong></span> <span class='ocrx_word' id='word_1_162' title='bbox 1998 2681 2023 2705; x_wconf 78' lang='lat'>⁸</span> 
     </span>
    </p>
   </div>
   <div class='ocr_carea' id='block_1_6' title="bbox 329 2815 2647 4130">
    <p class='ocr_par' dir='ltr' id='par_1_6' title="bbox 342 2815 2647 3598">
     <span class='ocr_line' id='line_1_22' title="bbox 440 2815 2647 2897; baseline -0 -10"><span class='ocrx_word' id='word_1_163' title='bbox 440 2823 606 2887; x_wconf 88' lang='lat' dir='ltr'><strong>Haec</strong></span> <span class='ocrx_word' id='word_1_164' title='bbox 652 2832 750 2884; x_wconf 86' lang='lat' dir='ltr'><strong>est</strong></span> <span class='ocrx_word' id='word_1_165' title='bbox 802 2815 1203 2881; x_wconf 80' lang='lat' dir='ltr'><strong>consuetudo</strong></span> <span class='ocrx_word' id='word_1_166' title='bbox 1247 2828 1316 2880; x_wconf 92' lang='lat' dir='ltr'><strong>et</strong></span> <span class='ocrx_word' id='word_1_167' title='bbox 1363 2815 1472 2880; x_wconf 84' lang='lat' dir='ltr'><strong>lex</strong></span> <span class='ocrx_word' id='word_1_168' title='bbox 1516 2817 1719 2880; x_wconf 85' lang='lat' dir='ltr'><strong>sancti</strong></span> <span class='ocrx_word' id='word_1_169' title='bbox 1769 2816 1977 2881; x_wconf 87' lang='lat' dir='ltr'><strong>Patris</strong></span> <span class='ocrx_word' id='word_1_170' title='bbox 2030 2817 2392 2897; x_wconf 75' lang='lat' dir='ltr'><strong>cuthberti,</strong></span> <span class='ocrx_word' id='word_1_171' title='bbox 2424 2841 2467 2884; x_wconf 88' lang='lat' dir='ltr'><strong>a</strong></span> <span class='ocrx_word' id='word_1_172' title='bbox 2495 2823 2647 2886; x_wconf 85' lang='lat' dir='ltr'><strong>reli-</strong></span> 
     </span>
     <span class='ocr_line' id='line_1_23' title="bbox 348 2902 2646 2998; baseline 0 -24"><span class='ocrx_word' id='word_1_173' title='bbox 348 2911 546 2998; x_wconf 83' lang='lat' dir='ltr'><strong>giosis</strong></span> <span class='ocrx_word' id='word_1_174' title='bbox 589 2922 659 2971; x_wconf 85' lang='lat' dir='ltr'><strong>et</strong></span> <span class='ocrx_word' id='word_1_175' title='bbox 700 2904 1071 2991; x_wconf 87' lang='lat' dir='ltr'><strong>potentibus</strong></span> <span class='ocrx_word' id='word_1_176' title='bbox 1102 2902 1248 2965; x_wconf 76' lang='lat' dir='ltr'><strong>viris</strong></span> <span class='ocrx_word' id='word_1_177' title='bbox 1294 2903 1646 2989; x_wconf 86' lang='lat' dir='ltr'><strong>antiquitus</strong></span> <span class='ocrx_word' id='word_1_178' title='bbox 1677 2903 2012 2969; x_wconf 84' lang='lat' dir='ltr'><strong>instituta:</strong></span> <span class='ocrx_word' id='word_1_179' title='bbox 2060 2905 2324 2984; x_wconf 78' lang='lat' dir='ltr'><strong>scilicet,</strong></span> <span class='ocrx_word' id='word_1_180' title='bbox 2364 2923 2453 2985; x_wconf 92' lang='lat' dir='ltr'><strong>ut,</strong></span> <span class='ocrx_word' id='word_1_181' title='bbox 2486 2927 2646 2975; x_wconf 74' lang='lat' dir='ltr'><strong>ante</strong></span> 
     </span>
     <span class='ocr_line' id='line_1_24' title="bbox 346 2989 2638 3082; baseline -0.001 -20"><span class='ocrx_word' id='word_1_182' title='bbox 346 2998 540 3082; x_wconf 85' lang='lat' dir='ltr'><strong>ipsius</strong></span> <span class='ocrx_word' id='word_1_183' title='bbox 589 2995 876 3069; x_wconf 84' lang='lat' dir='ltr'><strong>Festum,</strong></span> <span class='ocrx_word' id='word_1_184' title='bbox 925 2990 1096 3079; x_wconf 85' lang='lat' dir='ltr'><strong>quod</strong></span> <span class='ocrx_word' id='word_1_185' title='bbox 1148 3011 1364 3054; x_wconf 88' lang='lat' dir='ltr'><strong>mense</strong></span> <span class='ocrx_word' id='word_1_186' title='bbox 1421 2989 1783 3074; x_wconf 84' lang='lat' dir='ltr'><strong>Septembri</strong></span> <span class='ocrx_word' id='word_1_187' title='bbox 1844 2992 2192 3056; x_wconf 86' lang='lat' dir='ltr'><strong>solenniter</strong></span> <span class='ocrx_word' id='word_1_188' title='bbox 2250 2995 2638 3074; x_wconf 82' lang='lat' dir='ltr'><strong>celebratur,</strong></span> 
     </span>
     <span class='ocr_line' id='line_1_25' title="bbox 342 3076 2639 3168; baseline 0 -18"><span class='ocrx_word' id='word_1_189' title='bbox 342 3106 560 3150; x_wconf 91' lang='lat' dir='ltr'><strong>omnes</strong></span> <span class='ocrx_word' id='word_1_190' title='bbox 633 3080 946 3156; x_wconf 79' lang='lat' dir='ltr'><strong>BaroneS,</strong></span> <span class='ocrx_word' id='word_1_191' title='bbox 1015 3077 1256 3142; x_wconf 87' lang='lat' dir='ltr'><strong>scilicet</strong></span> <span class='ocrx_word' id='word_1_192' title='bbox 1319 3076 1553 3141; x_wconf 88' lang='lat' dir='ltr'><strong>Teines</strong></span> <span class='ocrx_word' id='word_1_193' title='bbox 1612 3092 1681 3141; x_wconf 90' lang='lat' dir='ltr'><strong>et</strong></span> <span class='ocrx_word' id='word_1_194' title='bbox 1744 3077 2085 3163; x_wconf 79' lang='lat' dir='ltr'><strong>DreingeS‚</strong></span> <span class='ocrx_word' id='word_1_195' title='bbox 2157 3081 2391 3168; x_wconf 89' lang='lat' dir='ltr'><strong>aliique</strong></span> <span class='ocrx_word' id='word_1_196' title='bbox 2452 3087 2639 3167; x_wconf 91' lang='lat' dir='ltr'><strong>probi</strong></span> 
     </span>
     <span class='ocr_line' id='line_1_26' title="bbox 345 3163 2640 3250; baseline -0 -14"><span class='ocrx_word' id='word_1_197' title='bbox 345 3171 661 3245; x_wconf 52' lang='lat' dir='ltr'><strong>homine&amp;</strong></span> <span class='ocrx_word' id='word_1_198' title='bbox 693 3167 811 3232; x_wconf 85' lang='lat' dir='ltr'><strong>sub</strong></span> <span class='ocrx_word' id='word_1_199' title='bbox 845 3167 1084 3230; x_wconf 90' lang='lat' dir='ltr'><strong>Sancto</strong></span> <span class='ocrx_word' id='word_1_200' title='bbox 1115 3163 1428 3250; x_wconf 82' lang='lat' dir='ltr'><strong>praedicto</strong></span> <span class='ocrx_word' id='word_1_201' title='bbox 1453 3179 1688 3229; x_wconf 88' lang='lat' dir='ltr'><strong>terram</strong></span> <span class='ocrx_word' id='word_1_202' title='bbox 1724 3179 2032 3244; x_wconf 75' lang='lat' dir='ltr'><strong>tenenteS,</strong></span> <span class='ocrx_word' id='word_1_203' title='bbox 2063 3167 2451 3232; x_wconf 89' lang='lat' dir='ltr'><strong>Dunelmum</strong></span> <span class='ocrx_word' id='word_1_204' title='bbox 2482 3193 2640 3235; x_wconf 88' lang='lat' dir='ltr'><strong>con-</strong></span> 
     </span>
     <span class='ocr_line' id='line_1_27' title="bbox 345 3253 2642 3341; baseline 0.002 -21"><span class='ocrx_word' id='word_1_205' title='bbox 345 3259 624 3335; x_wconf 87' lang='lat' dir='ltr'><strong>veniant,</strong></span> <span class='ocrx_word' id='word_1_206' title='bbox 666 3299 826 3320; x_wconf 89' lang='lat'><strong>......</strong></span> <span class='ocrx_word' id='word_1_207' title='bbox 861 3253 1098 3317; x_wconf 89' lang='lat' dir='ltr'><strong>ibidem</strong></span> <span class='ocrx_word' id='word_1_208' title='bbox 1145 3266 1454 3316; x_wconf 83' lang='lat' dir='ltr'><strong>renovent</strong></span> <span class='ocrx_word' id='word_1_209' title='bbox 1500 3265 1567 3316; x_wconf 92' lang='lat' dir='ltr'><strong>et</strong></span> <span class='ocrx_word' id='word_1_210' title='bbox 1604 3253 1986 3317; x_wconf 83' lang='lat' dir='ltr'><strong>confirment</strong></span> <span class='ocrx_word' id='word_1_211' title='bbox 2016 3254 2225 3341; x_wconf 87' lang='lat' dir='ltr'><strong>legem</strong></span> <span class='ocrx_word' id='word_1_212' title='bbox 2273 3270 2338 3320; x_wconf 90' lang='lat' dir='ltr'><strong>et</strong></span> <span class='ocrx_word' id='word_1_213' title='bbox 2368 3279 2642 3324; x_wconf 85' lang='lat' dir='ltr'><strong>consue-</strong></span> 
     </span>
     <span class='ocr_line' id='line_1_28' title="bbox 344 3338 2637 3427; baseline 0 -15"><span class='ocrx_word' id='word_1_214' title='bbox 344 3346 632 3411; x_wconf 90' lang='lat' dir='ltr'><strong>tudinem</strong></span> <span class='ocrx_word' id='word_1_215' title='bbox 686 3341 872 3406; x_wconf 83' lang='lat' dir='ltr'><strong>Pacis</strong></span> <span class='ocrx_word' id='word_1_216' title='bbox 929 3339 994 3403; x_wconf 92' lang='lat' dir='ltr'><strong>S.</strong></span> <span class='ocrx_word' id='word_1_217' title='bbox 1052 3339 1415 3415; x_wconf 67' lang='lat' dir='ltr'><strong>Cuthbeni,</strong></span> <span class='ocrx_word' id='word_1_218' title='bbox 1461 3338 1605 3415; x_wconf 66' lang='lat' dir='ltr'><strong>viz„</strong></span> <span class='ocrx_word' id='word_1_219' title='bbox 1638 3340 1909 3425; x_wconf 89' lang='lat' dir='ltr'><strong>qualiter</strong></span> <span class='ocrx_word' id='word_1_220' title='bbox 1938 3363 2065 3424; x_wconf 85' lang='lat' dir='ltr'><strong>pax</strong></span> <span class='ocrx_word' id='word_1_221' title='bbox 2108 3341 2277 3405; x_wconf 84' lang='lat' dir='ltr'><strong>Festi</strong></span> <span class='ocrx_word' id='word_1_222' title='bbox 2310 3342 2504 3427; x_wconf 85' lang='lat' dir='ltr'><strong>ipsius</strong></span> <span class='ocrx_word' id='word_1_223' title='bbox 2552 3349 2637 3412; x_wconf 88' lang='lat' dir='ltr'><strong>ab</strong></span> 
     </span>
     <span class='ocr_line' id='line_1_29' title="bbox 343 3425 2637 3517; baseline -0 -18"><span class='ocrx_word' id='word_1_224' title='bbox 343 3433 638 3499; x_wconf 87' lang='lat' dir='ltr'><strong>omnibus</strong></span> <span class='ocrx_word' id='word_1_225' title='bbox 667 3428 751 3492; x_wconf 88' lang='lat' dir='ltr'><strong>sit</strong></span> <span class='ocrx_word' id='word_1_226' title='bbox 793 3426 1190 3491; x_wconf 84' lang='lat' dir='ltr'><strong>observanda</strong></span> <span class='ocrx_word' id='word_1_227' title='bbox 1218 3441 1285 3490; x_wconf 92' lang='lat' dir='ltr'><strong>et</strong></span> <span class='ocrx_word' id='word_1_228' title='bbox 1318 3425 1637 3501; x_wconf 83' lang='lat' dir='ltr'><strong>tenenda3</strong></span> <span class='ocrx_word' id='word_1_229' title='bbox 1685 3427 1774 3491; x_wconf 88' lang='lat' dir='ltr'><strong>ita</strong></span> <span class='ocrx_word' id='word_1_230' title='bbox 1802 3427 2041 3493; x_wconf 86' lang='lat' dir='ltr'><strong>scilicet</strong></span> <span class='ocrx_word' id='word_1_231' title='bbox 2070 3428 2233 3492; x_wconf 89' lang='lat' dir='ltr'><strong>sicut</strong></span> <span class='ocrx_word' id='word_1_232' title='bbox 2266 3429 2328 3492; x_wconf 88' lang='lat' dir='ltr'><strong>in</strong></span> <span class='ocrx_word' id='word_1_233' title='bbox 2362 3455 2637 3517; x_wconf 86' lang='lat' dir='ltr'><strong>sequen·</strong></span> 
     </span>
     <span class='ocr_line' id='line_1_30' title="bbox 344 3513 1184 3598; baseline -0.013 -13"><span class='ocrx_word' id='word_1_234' title='bbox 344 3521 516 3586; x_wconf 78' lang='lat' dir='ltr'><strong>tibus</strong></span> <span class='ocrx_word' id='word_1_235' title='bbox 547 3517 821 3582; x_wconf 86' lang='lat' dir='ltr'><strong>habetur</strong></span> <span class='ocrx_word' id='word_1_236' title='bbox 852 3513 1184 3598; x_wconf 86' lang='lat' dir='ltr'><strong>seriptum.</strong></span> 
     </span>
    </p>

    <p class='ocr_par' dir='ltr' id='par_1_7' title="bbox 329 3598 2633 4130">
     <span class='ocr_line' id='line_1_31' title="bbox 433 3598 2632 3674; baseline 0.002 -4"><span class='ocrx_word' id='word_1_237' title='bbox 433 3605 602 3670; x_wconf 85' lang='lat' dir='ltr'><strong>Haec</strong></span> <span class='ocrx_word' id='word_1_238' title='bbox 650 3615 748 3666; x_wconf 85' lang='lat' dir='ltr'><strong>est</strong></span> <span class='ocrx_word' id='word_1_239' title='bbox 801 3600 904 3664; x_wconf 83' lang='lat' dir='ltr'><strong>lex</strong></span> <span class='ocrx_word' id='word_1_240' title='bbox 957 3601 1244 3663; x_wconf 88' lang='lat' dir='ltr'><strong>omnium</strong></span> <span class='ocrx_word' id='word_1_241' title='bbox 1294 3598 1377 3662; x_wconf 89' lang='lat' dir='ltr'><strong>ad</strong></span> <span class='ocrx_word' id='word_1_242' title='bbox 1427 3599 1657 3663; x_wconf 82' lang='lat' dir='ltr'><strong>festum</strong></span> <span class='ocrx_word' id='word_1_243' title='bbox 1716 3599 1784 3664; x_wconf 90' lang='lat' dir='ltr'><strong>S.</strong></span> <span class='ocrx_word' id='word_1_244' title='bbox 1821 3601 2162 3667; x_wconf 82' lang='lat' dir='ltr'><strong>Cuthberti</strong></span> <span class='ocrx_word' id='word_1_245' title='bbox 2218 3604 2632 3674; x_wconf 81' lang='lat' dir='ltr'><strong>venientium.</strong></span> 
     </span>
     <span class='ocr_line' id='line_1_32' title="bbox 343 3685 2630 3780; baseline -0.001 -19"><span class='ocrx_word' id='word_1_246' title='bbox 343 3695 691 3780; x_wconf 89' lang='lat' dir='ltr'><strong>Postquam</strong></span> <span class='ocrx_word' id='word_1_247' title='bbox 723 3688 999 3753; x_wconf 83' lang='lat' dir='ltr'><strong>exierint</strong></span> <span class='ocrx_word' id='word_1_248' title='bbox 1030 3686 1113 3750; x_wconf 90' lang='lat' dir='ltr'><strong>de</strong></span> <span class='ocrx_word' id='word_1_249' title='bbox 1141 3685 1440 3749; x_wconf 89' lang='lat' dir='ltr'><strong>domibus</strong></span> <span class='ocrx_word' id='word_1_250' title='bbox 1469 3687 1620 3764; x_wconf 86' lang='lat' dir='ltr'><strong>suis,</strong></span> <span class='ocrx_word' id='word_1_251' title='bbox 1654 3702 1899 3770; x_wconf 83' lang='lat' dir='ltr'><strong>septem</strong></span> <span class='ocrx_word' id='word_1_252' title='bbox 1932 3689 2159 3753; x_wconf 77' lang='lat' dir='ltr'><strong>(liebus</strong></span> <span class='ocrx_word' id='word_1_253' title='bbox 2190 3709 2342 3756; x_wconf 82' lang='lat' dir='ltr'><strong>ante</strong></span> <span class='ocrx_word' id='word_1_254' title='bbox 2375 3694 2630 3772; x_wconf 75' lang='lat' dir='ltr'><strong>festum,</strong></span> 
     </span>
     <span class='ocr_line' id='line_1_33' title="bbox 333 3772 2632 3865; baseline 0 -17"><span class='ocrx_word' id='word_1_255' title='bbox 333 3799 400 3848; x_wconf 92' lang='lat' dir='ltr'><strong>et</strong></span> <span class='ocrx_word' id='word_1_256' title='bbox 433 3793 678 3865; x_wconf 87' lang='lat' dir='ltr'><strong>septem</strong></span> <span class='ocrx_word' id='word_1_257' title='bbox 711 3775 940 3841; x_wconf 86' lang='lat' dir='ltr'><strong>diebus</strong></span> <span class='ocrx_word' id='word_1_258' title='bbox 969 3786 1115 3860; x_wconf 87' lang='lat' dir='ltr'><strong>post</strong></span> <span class='ocrx_word' id='word_1_259' title='bbox 1135 3772 1390 3849; x_wconf 81' lang='lat' dir='ltr'><strong>festum,</strong></span> <span class='ocrx_word' id='word_1_260' title='bbox 1417 3795 1638 3838; x_wconf 88' lang='lat' dir='ltr'><strong>omnes</strong></span> <span class='ocrx_word' id='word_1_261' title='bbox 1662 3774 1941 3840; x_wconf 86' lang='lat' dir='ltr'><strong>habeant</strong></span> <span class='ocrx_word' id='word_1_262' title='bbox 1966 3799 2190 3862; x_wconf 81' lang='lat' dir='ltr'><strong>pacem</strong></span> <span class='ocrx_word' id='word_1_263' title='bbox 2220 3779 2279 3843; x_wconf 89' lang='lat' dir='ltr'><strong>in</strong></span> <span class='ocrx_word' id='word_1_264' title='bbox 2308 3783 2632 3849; x_wconf 85' lang='lat' dir='ltr'><strong>veniendo</strong></span> 
     </span>
     <span class='ocr_line' id='line_1_34' title="bbox 336 3865 2633 3951; baseline 0 -16"><span class='ocrx_word' id='word_1_265' title='bbox 336 3885 404 3935; x_wconf 92' lang='lat' dir='ltr'><strong>et</strong></span> <span class='ocrx_word' id='word_1_266' title='bbox 447 3865 817 3939; x_wconf 86' lang='lat' dir='ltr'><strong>redeundo;</strong></span> <span class='ocrx_word' id='word_1_267' title='bbox 865 3877 931 3926; x_wconf 87' lang='lat' dir='ltr'><strong>et</strong></span> <span class='ocrx_word' id='word_1_268' title='bbox 975 3874 1153 3926; x_wconf 83' lang='lat' dir='ltr'><strong>recta</strong></span> <span class='ocrx_word' id='word_1_269' title='bbox 1197 3873 1397 3924; x_wconf 85' lang='lat' dir='ltr'><strong>strata</strong></span> <span class='ocrx_word' id='word_1_270' title='bbox 1439 3876 1733 3946; x_wconf 87' lang='lat' dir='ltr'><strong>pergant,</strong></span> <span class='ocrx_word' id='word_1_271' title='bbox 1769 3884 1884 3927; x_wconf 90' lang='lat' dir='ltr'><strong>nec</strong></span> <span class='ocrx_word' id='word_1_272' title='bbox 1932 3881 2361 3951; x_wconf 78' lang='lat' dir='ltr'><strong>pervagentur</strong></span> <span class='ocrx_word' id='word_1_273' title='bbox 2392 3871 2517 3934; x_wconf 88' lang='lat' dir='ltr'><strong>huc</strong></span> <span class='ocrx_word' id='word_1_274' title='bbox 2564 3888 2633 3936; x_wconf 92' lang='lat' dir='ltr'><strong>et</strong></span> 
     </span>
     <span class='ocr_line' id='line_1_35' title="bbox 335 3947 2628 4100; baseline 0 -79"><span class='ocrx_word' id='word_1_275' title='bbox 335 3957 483 4022; x_wconf 90' lang='lat' dir='ltr'><strong>illuc</strong></span> <span class='ocrx_word' id='word_1_276' title='bbox 532 3977 646 4039; x_wconf 87' lang='lat' dir='ltr'><strong>per</strong></span> <span class='ocrx_word' id='word_1_277' title='bbox 691 3951 919 4026; x_wconf 79' lang='lat' dir='ltr'><strong>villas3</strong></span> <span class='ocrx_word' id='word_1_278' title='bbox 970 3963 1037 4014; x_wconf 89' lang='lat' dir='ltr'><strong>et</strong></span> <span class='ocrx_word' id='word_1_279' title='bbox 1075 3947 1190 4100; x_wconf 55' lang='lat' dir='ltr'><strong>gui</strong></span> <span class='ocrx_word' id='word_1_280' title='bbox 1243 3993 1579 4013; x_wconf 92' lang='grc'><strong>............</strong></span> <span class='ocrx_word' id='word_1_281' title='bbox 1630 3971 1848 4033; x_wconf 86' lang='lat' dir='ltr'><strong>pacem</strong></span> <span class='ocrx_word' id='word_1_282' title='bbox 1896 3951 2179 4035; x_wconf 80' lang='lat' dir='ltr'><strong>fregerit,</strong></span> <span class='ocrx_word' id='word_1_283' title='bbox 2214 3959 2512 4025; x_wconf 85' lang='lat' dir='ltr'><strong>emendet</strong></span> <span class='ocrx_word' id='word_1_284' title='bbox 2545 3960 2628 4037; x_wconf 88' lang='lat' dir='ltr'><strong>ei,</strong></span> 
     </span>
     <span class='ocr_line' id='line_1_36' title="bbox 329 4034 2629 4130; baseline 0 -21"><span class='ocrx_word' id='word_1_285' title='bbox 329 4058 672 4130; x_wconf 86' lang='lat' dir='ltr'><strong>antequam</strong></span> <span class='ocrx_word' id='word_1_286' title='bbox 705 4039 786 4104; x_wconf 86' lang='lat' dir='ltr'><strong>de</strong></span> <span class='ocrx_word' id='word_1_287' title='bbox 817 4059 974 4124; x_wconf 87' lang='lat' dir='ltr'><strong>pace</strong></span> <span class='ocrx_word' id='word_1_288' title='bbox 1005 4059 1072 4100; x_wconf 89' lang='lat' dir='ltr'><strong>re</strong></span> <span class='ocrx_word' id='word_1_289' title='bbox 1121 4035 1298 4100; x_wconf 89' lang='lat' dir='ltr'><strong>dant.</strong></span> <span class='ocrx_word' id='word_1_290' title='bbox 1367 4034 1594 4099; x_wconf 92' lang='lat' dir='ltr'><strong>Nullus</strong></span> <span class='ocrx_word' id='word_1_291' title='bbox 1619 4055 1831 4102; x_wconf 83' lang='lat' dir='ltr'><strong>autem</strong></span> <span class='ocrx_word' id='word_1_292' title='bbox 1864 4039 1944 4103; x_wconf 87' lang='lat' dir='ltr'><strong>ad</strong></span> <span class='ocrx_word' id='word_1_293' title='bbox 1974 4041 2201 4104; x_wconf 87' lang='lat' dir='ltr'><strong>festum</strong></span> <span class='ocrx_word' id='word_1_294' title='bbox 2237 4045 2629 4110; x_wconf 85' lang='lat' dir='ltr'><strong>venientium</strong></span> 
     </span>
    </p>
   </div>
   <div class='ocr_carea' id='block_1_7' title="bbox 330 4210 2640 4550">
    <p class='ocr_par' dir='ltr' id='par_1_8' title="bbox 330 4210 2640 4550">
     <span class='ocr_line' id='line_1_37' title="bbox 405 4210 2629 4272; baseline 0.002 -5"><span class='ocrx_word' id='word_1_295' title='bbox 405 4225 428 4251; x_wconf 77' lang='lat'>⁸</span> <span class='ocrx_word' id='word_1_296' title='bbox 467 4217 599 4268; x_wconf 71' lang='lat' dir='ltr'><strong>This</strong></span> <span class='ocrx_word' id='word_1_297' title='bbox 621 4215 793 4265; x_wconf 77' lang='lat' dir='ltr'><strong>notice</strong></span> <span class='ocrx_word' id='word_1_298' title='bbox 815 4229 918 4263; x_wconf 76' lang='lat' dir='ltr'><strong>was</strong></span> <span class='ocrx_word' id='word_1_299' title='bbox 951 4211 1268 4263; x_wconf 76' lang='lat' dir='ltr'><strong>transcribed</strong></span> <span class='ocrx_word' id='word_1_300' title='bbox 1293 4210 1428 4262; x_wconf 80' lang='lat' dir='ltr'><strong>from</strong></span> <span class='ocrx_word' id='word_1_301' title='bbox 1453 4211 1545 4262; x_wconf 88' lang='lat' dir='ltr'><strong>the</strong></span> <span class='ocrx_word' id='word_1_302' title='bbox 1568 4211 1843 4263; x_wconf 76' lang='lat' dir='ltr'><strong>Cottonian</strong></span> <span class='ocrx_word' id='word_1_303' title='bbox 1870 4213 1933 4264; x_wconf 85' lang='lat' dir='ltr'>M</span> <span class='ocrx_word' id='word_1_304' title='bbox 1940 4215 1990 4265; x_wconf 76' lang='grc' dir='ltr'><strong>Β.</strong></span> <span class='ocrx_word' id='word_1_305' title='bbox 2017 4213 2188 4266; x_wconf 75' lang='lat' dir='ltr'><strong>before</strong></span> <span class='ocrx_word' id='word_1_306' title='bbox 2208 4217 2279 4267; x_wconf 82' lang='lat' dir='ltr'><strong>its</strong></span> <span class='ocrx_word' id='word_1_307' title='bbox 2301 4218 2629 4272; x_wconf 74' lang='lat' dir='ltr'><strong>destruction</strong></span> 
     </span>
     <span class='ocr_line' id='line_1_38' title="bbox 330 4279 2640 4355; baseline 0.001 -18"><span class='ocrx_word' id='word_1_308' title='bbox 330 4290 400 4354; x_wconf 81' lang='lat' dir='ltr'><strong>by</strong></span> <span class='ocrx_word' id='word_1_309' title='bbox 424 4286 522 4338; x_wconf 84' lang='lat' dir='ltr'><strong>flre</strong></span> <span class='ocrx_word' id='word_1_310' title='bbox 543 4287 596 4334; x_wconf 87' lang='lat' dir='ltr'><strong>in</strong></span> <span class='ocrx_word' id='word_1_311' title='bbox 627 4284 772 4340; x_wconf 74' lang='lat'><strong>1734.</strong></span> <span class='ocrx_word' id='word_1_312' title='bbox 796 4281 865 4346; x_wconf 87' lang='lat' dir='ltr'><strong>by</strong></span> <span class='ocrx_word' id='word_1_313' title='bbox 887 4281 1032 4332; x_wconf 80' lang='lat' dir='ltr'><strong>John</strong></span> <span class='ocrx_word' id='word_1_314' title='bbox 1059 4279 1274 4334; x_wconf 83' lang='lat' dir='ltr'><strong>Rowell,</strong></span> <span class='ocrx_word' id='word_1_315' title='bbox 1295 4279 1395 4329; x_wconf 83' lang='lat' dir='ltr'><strong>and</strong></span> <span class='ocrx_word' id='word_1_316' title='bbox 1432 4281 1500 4344; x_wconf 82' lang='lat' dir='ltr'><strong>by</strong></span> <span class='ocrx_word' id='word_1_317' title='bbox 1538 4279 1643 4330; x_wconf 78' lang='lat' dir='ltr'><strong>him</strong></span> <span class='ocrx_word' id='word_1_318' title='bbox 1666 4281 1843 4346; x_wconf 71' lang='lat' dir='ltr'><strong>copied</strong></span> <span class='ocrx_word' id='word_1_319' title='bbox 1878 4283 1989 4333; x_wconf 86' lang='lat' dir='ltr'><strong>into</strong></span> <span class='ocrx_word' id='word_1_320' title='bbox 2010 4282 2101 4336; x_wconf 87' lang='lat' dir='ltr'><strong>the</strong></span> <span class='ocrx_word' id='word_1_321' title='bbox 2138 4285 2183 4334; x_wconf 85' lang='lat' dir='ltr'>F</span> <span class='ocrx_word' id='word_1_322' title='bbox 2188 4285 2281 4336; x_wconf 81' lang='lat' dir='ltr'><strong>irst</strong></span> <span class='ocrx_word' id='word_1_323' title='bbox 2306 4287 2552 4355; x_wconf 78' lang='lat' dir='ltr'><strong>Register</strong></span> <span class='ocrx_word' id='word_1_324' title='bbox 2574 4289 2640 4340; x_wconf 78' lang='lat' dir='ltr'><strong>of</strong></span> 
     </span>
     <span class='ocr_line' id='line_1_39' title="bbox 331 4346 2626 4424; baseline -0 -17"><span class='ocrx_word' id='word_1_325' title='bbox 331 4357 424 4406; x_wconf 87' lang='lat' dir='ltr'><strong>the</strong></span> <span class='ocrx_word' id='word_1_326' title='bbox 448 4357 594 4406; x_wconf 81' lang='lat' dir='ltr'><strong>Dean</strong></span> <span class='ocrx_word' id='word_1_327' title='bbox 620 4350 718 4402; x_wconf 85' lang='lat' dir='ltr'><strong>and</strong></span> <span class='ocrx_word' id='word_1_328' title='bbox 746 4348 987 4414; x_wconf 86' lang='lat' dir='ltr'><strong>Chapter.</strong></span> <span class='ocrx_word' id='word_1_329' title='bbox 1067 4346 1354 4398; x_wconf 78' lang='lat' dir='ltr'><strong>Mickleton</strong></span> <span class='ocrx_word' id='word_1_330' title='bbox 1379 4347 1644 4412; x_wconf 76' lang='lat' dir='ltr'><strong>compared</strong></span> <span class='ocrx_word' id='word_1_331' title='bbox 1684 4347 1923 4400; x_wconf 81' lang='lat' dir='ltr'><strong>Rowell&#39;s</strong></span> <span class='ocrx_word' id='word_1_332' title='bbox 1946 4359 2151 4403; x_wconf 79' lang='lat' dir='ltr'><strong>extract</strong></span> <span class='ocrx_word' id='word_1_333' title='bbox 2178 4355 2301 4403; x_wconf 84' lang='lat' dir='ltr'><strong>with</strong></span> <span class='ocrx_word' id='word_1_334' title='bbox 2326 4356 2417 4405; x_wconf 82' lang='lat' dir='ltr'><strong>the</strong></span> <span class='ocrx_word' id='word_1_335' title='bbox 2440 4359 2564 4424; x_wconf 79' lang='lat' dir='ltr'><strong>orig.</strong></span> <span class='ocrx_word' id='word_1_336' title='bbox 2590 4361 2626 4406; x_wconf 83' lang='grc'><strong>9</strong></span> 
     </span>
     <span class='ocr_line' id='line_1_40' title="bbox 333 4415 2628 4480; baseline 0.001 -9"><span class='ocrx_word' id='word_1_337' title='bbox 333 4425 465 4470; x_wconf 81' lang='lat' dir='ltr'><strong>Nov.</strong></span> <span class='ocrx_word' id='word_1_338' title='bbox 499 4421 643 4476; x_wconf 81' lang='lat'><strong>1715.</strong></span> <span class='ocrx_word' id='word_1_339' title='bbox 717 4417 814 4467; x_wconf 82' lang='lat' dir='ltr'><strong>See</strong></span> <span class='ocrx_word' id='word_1_340' title='bbox 843 4415 1006 4466; x_wconf 78' lang='lat' dir='ltr'><strong>MSS.</strong></span> <span class='ocrx_word' id='word_1_341' title='bbox 1035 4415 1196 4464; x_wconf 81' lang='lat' dir='ltr'><strong>Mick.</strong></span> <span class='ocrx_word' id='word_1_342' title='bbox 1219 4415 1314 4477; x_wconf 75' lang='lat' dir='ltr'><strong>up.</strong></span> <span class='ocrx_word' id='word_1_343' title='bbox 1337 4415 1535 4465; x_wconf 83' lang='lat' dir='ltr'><strong>Cosin&#39;s</strong></span> <span class='ocrx_word' id='word_1_344' title='bbox 1563 4415 1786 4480; x_wconf 80' lang='lat' dir='ltr'><strong>Library.</strong></span> <span class='ocrx_word' id='word_1_345' title='bbox 1814 4417 1911 4467; x_wconf 85' lang='lat' dir='ltr'><strong>No.</strong></span> <span class='ocrx_word' id='word_1_346' title='bbox 1942 4421 2019 4479; x_wconf 83' lang='lat' dir='ltr'><strong>to,</strong></span> <span class='ocrx_word' id='word_1_347' title='bbox 2045 4421 2127 4476; x_wconf 86' lang='grc'><strong>87.</strong></span> <span class='ocrx_word' id='word_1_348' title='bbox 2198 4421 2315 4473; x_wconf 75' lang='lat' dir='ltr'><strong>The</strong></span> <span class='ocrx_word' id='word_1_349' title='bbox 2340 4437 2628 4476; x_wconf 82' lang='lat' dir='ltr'><strong>memoran-</strong></span> 
     </span>
     <span class='ocr_line' id='line_1_41' title="bbox 331 4481 1971 4550; baseline -0.002 -12"><span class='ocrx_word' id='word_1_350' title='bbox 331 4489 456 4538; x_wconf 81' lang='lat' dir='ltr'><strong>dum</strong></span> <span class='ocrx_word' id='word_1_351' title='bbox 481 4485 623 4537; x_wconf 75' lang='lat' dir='ltr'><strong>stood</strong></span> <span class='ocrx_word' id='word_1_352' title='bbox 647 4487 702 4535; x_wconf 88' lang='lat' dir='ltr'><strong>in</strong></span> <span class='ocrx_word' id='word_1_353' title='bbox 726 4483 818 4534; x_wconf 86' lang='lat' dir='ltr'><strong>the</strong></span> <span class='ocrx_word' id='word_1_354' title='bbox 846 4481 970 4533; x_wconf 78' lang='lat' dir='ltr'><strong>MS.</strong></span> <span class='ocrx_word' id='word_1_355' title='bbox 993 4489 1048 4532; x_wconf 83' lang='lat' dir='ltr'><strong>at</strong></span> <span class='ocrx_word' id='word_1_356' title='bbox 1072 4482 1162 4532; x_wconf 81' lang='lat' dir='ltr'><strong>the</strong></span> <span class='ocrx_word' id='word_1_357' title='bbox 1187 4481 1318 4532; x_wconf 81' lang='lat' dir='ltr'><strong>head</strong></span> <span class='ocrx_word' id='word_1_358' title='bbox 1347 4483 1407 4532; x_wconf 82' lang='lat' dir='ltr'><strong>of</strong></span> <span class='ocrx_word' id='word_1_359' title='bbox 1435 4483 1515 4533; x_wconf 93' lang='lat' dir='ltr'><strong>St.</strong></span> <span class='ocrx_word' id='word_1_360' title='bbox 1542 4483 1734 4533; x_wconf 76' lang='lat' dir='ltr'><strong>Luke&#39;s</strong></span> <span class='ocrx_word' id='word_1_361' title='bbox 1758 4485 1971 4550; x_wconf 69' lang='lat' dir='ltr'><strong>Guspel.</strong></span> 
     </span>
    </p>
   </div>
   <div class='ocr_carea' id='block_1_8' title="bbox 2967 4327 2978 5035">
    <p class='ocr_par' dir='ltr' id='par_1_9' title="bbox 2967 4327 2978 5035">
     <span class='ocr_line' id='line_1_42' title="bbox 2967 4327 2978 5035; baseline 0 0"><span class='ocrx_word' id='word_1_362' title='bbox 2967 4327 2978 5035; x_wconf 95' lang='lat' dir='ltr'><strong> </strong></span> 
     </span>
    </p>
   </div>
  </div>
 </body>
</html>
