3000 5117
1006 505 1418 567 Arranmx.
1457 509 1639 568 Am«.
1681 519 1910 580 umx.
2374 515 2619 590 ccccxi

314 665 758 748 perprudenti,
791 667 1058 734 salutem
1093 671 1155 735 in
1189 672 1478 741 Domino
1507 679 1980 764 sempiternam.
2076 688 2319 758 Mentis
2350 697 2619 768 devocio

313 768 386 816 et
425 753 653 817 sinceri
686 757 894 821 cordis
939 758 1228 837 affeccio,
1261 784 1420 847 quas
1451 786 1605 848 erga
1632 769 2153 854 gloriosissimum
2185 783 2618 853 confessorem

313 853 608 903 sanctum
657 842 1106 923 cuthbertum,
1155 861 1494 932 patronum
1542 867 1854 936 nostrum,
1888 881 2022 939 nos,
2054 887 2131 929 ac
2160 871 2617 940 monasterium

316 925 766 994 Dunelmense
811 931 1082 1010 habetiS,
1134 948 1325 1018 prout
1375 957 1460 1000 ex
1514 937 1715 1006 literis
1747 946 1995 1026 vestris,
2027 950 2425 1044 aliorumque
2454 961 2615 1027 fide-

311 1012 514 1096 digna
541 1015 881 1095 relacione,
903 1016 1076 1083 clare
1103 1021 1587 1112 gaudenterque
1618 1030 2000 1116 accepimus,
2030 1039 2263 1106 merito
2294 1065 2407 1108 nos
2438 1049 2617 1112 exci-

313 1112 456 1163 tant
506 1115 578 1165 et
629 1103 944 1168 inducunt
1003 1120 1076 1170 ut
1133 1107 1332 1187 vobis,
1385 1109 1472 1188 id,
1525 1113 1701 1198 quod
1752 1119 1837 1181 de
1888 1123 2123 1187 nostris
2152 1141 2251 1192 est
2278 1131 2615 1215 optimum,

310 1199 648 1270 gratanter
701 1192 1207 1263 contribuamus.
1325 1196 1523 1263 Unde
1578 1221 1689 1263 vos
1741 1216 1811 1268 et
1864 1221 2137 1274 vestram
2182 1234 2515 1297 personam
2546 1221 2616 1288 in

313 1272 902 1346 confraternitatem
927 1278 1320 1364 spiritualem
1355 1283 1638 1369 Capituli
1670 1290 1869 1354 nostri
1903 1292 2355 1366 Dunelmensis
2386 1305 2617 1376 admit-

313 1361 508 1426 timus
562 1387 680 1450 per
735 1378 1126 1452 praesentes3
1171 1382 1243 1433 et
1292 1385 1605 1457 quantum
1652 1372 1719 1436 in
1769 1379 1954 1443 nobis
2006 1396 2122 1461 est,
2173 1400 2240 1451 et
2271 1390 2609 1462 Altissimo

311 1447 652 1533 placuerit,
674 1453 956 1518 omnium
983 1455 1340 1533 missarum,
1367 1456 1426 1520 vi
1477 1457 1746 1539 iliarum,
1768 1463 2189 1549 jejuniorum,
2210 1476 2606 1563 oracionum,

311 1536 880 1618 proedicacionum,
931 1538 1292 1606 divinorum
1354 1565 1394 1606 o
1463 1543 1731 1626 ciorum,
1779 1565 2291 1644 caeterorumque
2338 1585 2613 1652 operum

310 1623 596 1708 pietatis,
640 1639 789 1712 ‘quae
831 1643 948 1711 per
989 1647 1106 1689 nos
1150 1642 1216 1692 et
1246 1651 1649 1696 successores
1678 1648 1950 1715 nostros,
1984 1654 2117 1706 tam
2161 1645 2224 1708 in
2269 1648 2444 1716 dicto
2474 1676 2613 1720 mo-

313 1711 600 1775 nasterio
629 1727 849 1778 nostro
885 1713 1332 1792 Dunelmensi,
1365 1738 1557 1802 quam
1604 1717 1670 1782 in
1724 1721 1920 1787 cellis
1964 1727 2047 1790 ab
2092 1732 2324 1798 eodem
2367 1737 2617 1825 depen-

312 1796 636 1874 dentibuS,
663 1799 827 1862 fiunt
852 1813 964 1864 aut
987 1799 1145 1864 fient
1162 1800 1657 1888 imperpetuum,
1687 1806 1970 1874 Domino
1994 1814 2322 1900 largiente,
2354 1827 2615 1910 partici-

313 1883 650 1968 pacionem
704 1886 884 1950 vobis
937 1887 1349 1953 concedimus
1395 1891 1759 1975 specialem.
1884 1898 2178 1987 Cumque
2206 1905 2290 1970 ab
2319 1908 2439 1977 hac
2470 1913 2612 1983 luce

315 1991 430 2054 per
473 1984 742 2035 mortem
796 1971 978 2036 Deus
1005 1992 1116 2037 vos
1163 1979 1551 2055 evocaverit,
1584 1992 1653 2042 et
1701 1979 1825 2045 hoc
1855 1985 2039 2048 nobis
2078 1993 2612 2068 certitudinaliter

313 2055 684 2122 intimatum
727 2058 945 2135 fuerit,
979 2079 1098 2143 pro
1129 2061 1329 2138 vobis,
1363 2063 1525 2128 sicut
1570 2087 1693 2150 pro
1740 2066 1879 2132 aliis
1924 2072 2345 2145 confratribus
2376 2089 2610 2153 nostris

257 2218 262 2222 .
313 2143 748 2227 spiritualibus
807 2145 1142 2222 defunctiS,
1203 2163 1514 2214 consueta
1571 2151 1941 2219 oracionum
1999 2162 2301 2250 suffragia
2344 2170 2607 2257 singulis

313 2229 496 2294 annis
550 2229 781 2294 futuris
837 2232 1157 2316 perpetuis
1207 2235 1603 2319 temporibus
1651 2241 2107 2322 persolvemus.
2201 2251 2275 2315 In
2305 2256 2482 2342 cnjus
2513 2263 2609 2328 rei

312 2318 752 2382 testimonium
803 2317 1076 2404 sigillum
1121 2340 1462 2386 commune
1493 2323 1777 2407 Capituli
1809 2331 2010 2394 nostri
2038 2342 2467 2418 praesentibus
2510 2363 2613 2416 est

313 2425 693 2488 appensum.
791 2404 966 2468 Data
1013 2405 1343 2483 Dunelmi,
1377 2407 1442 2471 in
1473 2408 1671 2474 domo
1701 2432 1923 2480 nostra
1950 2420 2307 2504 capitulari,
2355 2430 2607 2503 decimo

312 2489 422 2554 die
455 2491 686 2555 mensis
735 2491 1086 2571 Februarii,
1114 2515 1286 2558 anno
1315 2494 1587 2560 Domini
1618 2505 1704 2560 ΜΟ
1728 2499 2239 2588 quingentesimo
2268 2529 2517 2585 octavo.

552 2912 815 2959 cccxm.
867 2909 1120 2956 LtvERA
1165 2911 1701 2961 TESTIMONIALIS
1750 2917 1963 2963 FACTA
2012 2920 2338 2972 noBmt'ro

757 2998 1038 3044 LoMLssY
1086 2999 1172 3043 ΕΤ
1218 2998 1642 3048 cuTann'ro
1688 3004 2160 3060 almanorum.

1056 3139 1213 3208 [neg.
1236 3140 1351 3192 111.
1375 3141 1525 3192 rm.
1543 3141 1634 3193 fol.
1658 3143 1755 3200 170
1778 3145 1855 3208 a]

406 3278 742 3346 Universis
797 3293 1034 3342 sanctoe
1081 3280 1304 3344 matris
1351 3282 1637 3347 ecclesiae
1696 3283 1863 3363 filiis,
1925 3287 2011 3352 ad
2053 3311 2217 3374 quos
2268 3308 2613 3377 praesentes

313 3367 521 3431 literae
565 3368 997 3450 pervenerint,
1034 3364 1347 3445 Thomas,
1393 3369 1805 3452 permissione
1846 3371 2066 3439 divina
2096 3377 2284 3441 Prior
2325 3382 2612 3449 ecclesiae

317 3452 702 3517 cathedralis
737 3451 1208 3528 Dunelmensis,
1240 3475 1318 3517 ac
1361 3475 1561 3518 sacrae
1594 3457 1938 3542 theologiae
1970 3463 2307 3560 professor,
2340 3469 2611 3535 salutem

317 3538 380 3602 in
424 3538 709 3602 omnium
739 3538 1076 3603 salvatore.
1168 3539 1334 3603 Cum
1367 3543 1799 3631 unusquisque
1832 3546 2229 3615 Christianus
2268 3556 2611 3622 ortodoxoe

317 3625 466 3688 fidei
515 3635 810 3688 teneatur
853 3624 920 3687 id
978 3645 1300 3702 exercere,
1356 3647 1487 3712 qno
1533 3632 1829 3696 meritum
1875 3633 1979 3698 hic
2023 3637 2265 3704 habere
2294 3643 2495 3724 possit
2537 3657 2608 3710 et

317 3713 650 3795 proemium
696 3713 764 3774 in
811 3710 1121 3787 futurum,
1155 3711 1304 3777 hinc
1348 3727 1466 3790 est,
1501 3716 1697 3800 quod,
1730 3717 2130 3786 universitati
2162 3738 2391 3790 vestrae
2420 3728 2607 3796 inno-

319 3797 618 3862 tescimus
671 3819 788 3881 per
833 3811 1204 3881 praesentes,
1253 3799 1428 3884 quod
1483 3799 1803 3867 Robertus
1856 3805 2133 3893 Lomley
2177 3809 2495 3878 heremita
2536 3829 2606 3881 et

319 3883 716 3949 Cuthbertus
745 3883 1130 3966 Billingham
1149 3905 1518 3967 generosus,
1540 3887 1984 3954 Dunelmensis
2002 3893 2349 3974 dioceseoS,
2374 3898 2609 3966 latores

313 3969 758 4054 praesencium,
792 3969 1010 4032 divina
1056 3969 1306 4035 favente
1348 3973 1584 4055 gracia,
1622 3975 2001 4040 Sanctorum
2046 3977 2190 4043 loca
2232 3979 2296 4042 in
2342 3981 2606 4052 diversis

312 4056 536 4120 mnndi
566 4056 854 4142 partibus
883 4054 1138 4120 visitare
1169 4055 1517 4124 intendunt
1564 4071 1635 4123 et
1684 4061 2093 4145 peregrinari.
2186 4065 2437 4134 Idcirco
2469 4095 2609 4138 ves.

315 4156 481 4206 tram
535 4141 1014 4207 universitatem
1073 4155 1319 4208 attente
1348 4165 1647 4231 rogamus
1692 4158 1755 4210 et
1803 4147 2138 4214 hortamur
2196 4153 2261 4216 in
2318 4153 2605 4227 Domino

312 4228 490 4315 quod
521 4250 666 4292 cum
691 4227 848 4293 dicti
889 4227 1212 4294 Robertus
1242 4243 1309 4295 et
1355 4231 1773 4310 Cuthbertus,
1809 4232 1927 4297 viri
1974 4234 2141 4328 vitae,
2167 4238 2380 4320 bonae,
2415 4242 2604 4313 famoe

311 4337 388 4380 ac
462 4313 752 4379 honestae
798 4315 1326 4393 conversacionis,
1403 4317 1488 4381 ad
1554 4339 1665 4382 vos
1724 4331 1789 4384 et
1832 4320 1975 4386 loca
2047 4337 2259 4389 vestra
2296 4335 2611 4416 peregri..

311 4400 529 4466 nando
600 4400 1080 4478 declinaverint,
1155 4404 1346 4488 ipsos,
1416 4418 1485 4467 et
1558 4425 1782 4469 eorum
1858 4421 2218 4497 utrumque,
2296 4427 2603 4502 tanquam

313 4487 520 4552 bonos
551 4486 944 4564 ethonestos
979 4487 1396 4568 ChristianOS,
1428 4489 1863 4560 favorabiliter
1893 4507 1958 4561 et·
1985 4495 2265 4584 benigne
2300 4515 2597 4586 tractare,
