3000 5117
733 480 1140 548 aonam-us
1191 493 1296 546 ns
1352 491 1867 548 omrsrsuas.
2352 475 2459 548 88⁶

127 657 496 721 Antonium
547 656 1060 723 Dunelmensem
1113 656 1505 743 Episcopum
1562 655 1625 718 in
1686 653 2119 721 Patriarcham
2174 656 2439 722 Jeroso-

121 743 533 820 lumitanum,
589 757 825 831 quarto
869 766 1020 810 non.
1056 743 1297 812 marcii.
1396 732 1479 808 Et
1512 743 1595 806 ad
1624 741 1933 827 Episcopi·
1952 745 2439 828 suggestionem

121 831 464 914 suspendit
503 831 792 896 Priorem
825 831 912 895 ab
940 829 1484 895 administratione
1516 843 1646 894 tam
1677 829 1743 893 in
1774 829 2202 915 spiritualibus
2232 849 2426 918 quam

119 915 178 978 in
207 917 686 1002 temporalibus
711 923 812 997 [et
835 915 1150 982 commisit
1177 916 1521 1003 Episcopo,
1548 917 1837 1003 quamvis
1864 917 2148 1001 Capituli
2172 917 2427 982 inimico

119 1003 211 1066 vel
257 1003 666 1081 adversario,
694 1023 916 1069 curam
961 1005 1190 1069 domus
1223 1018 1352 1068 tam
1383 1003 1445 1066 in
1493 1004 1953 1087 temporalibus
1984 1025 2173 1089 quam
2207 1005 2271 1068 in
2297 1004 2425 1090 spi-

116 1088 510 1172 ritualibus}
604 1090 1052 1157 Transtulerat
1097 1105 1166 1154 se
1213 1101 1370 1156 vero
1427 1089 1613 1154 Prior
1644 1111 1859 1154 versus
1895 1090 2155 1154 Curiam
2188 1091 2424 1156 eodem

115 1195 276 1240 anno
297 1195 330 1253 ς·
377 1177 501 1242 sed
533 1178 858 1264 hyemavit
892 1179 1100 1263 juxta‘
1117 1175 1553 1253 Cautum-iam,
1588 1177 1752 1242 duos
1784 1176 2131 1241 monachos
2164 1176 2423 1242 mittens

115 1263 286 1350 [ibi].
391 1265 708 1329 Morante
749 1265 948 1350 igitur
991 1263 1218 1331 Priore
1265 1264 1376 1341 ibi,
1427 1259 1745 1328 commisit
1794 1261 2157 1348 Episcopus
2200 1283 2418 1328 curam

116 1349 340 1414 domus
381 1349 476 1418 H.
511 1352 597 1416 de
631 1351 928 1438 Luceby,
987 1363 1134 1414 uem
1167 1349 1342 1436 prius
1371 1349 1751 1436 proefecerat
1782 1347 1846 1412 in
1883 1349 2193 1416 Priorem.
2245 1349 2421 1416 Exe-

113 1450 292 1500 cutus
355 1439 588 1526 [vero]
646 1453 748 1502 est
799 1375 1170 1502 mandatum
1217 1437 1668 1524 Apostolicum
1734 1435 1952 1500 Abbas
2014 1435 2415 1514 Lesacensis,

112 1523 248 1609 [qui
275 1524 612 1588 commisit
634 1523 802 1589 vices
832 1547 976 1589 suas
1015 1523 1344 1610 Stephano
1377 1523 1460 1587 de
1495 1520 1678 1588 Malo
1711 1521 1911 1602 Lacu,
1942 1521 2419 1588 Archidiacono

112 1611 188 1674 de
223 1609 539 1688 Clifland,
559 1623 629 1674 et
661 1612 969 1698 magistro
997 1611 1078 1674 R.
1105 1611 1188 1674 de
1225 1609 1561 1696 Morpatb,
1633 1612 1695 1673 ui
1728 1610 1891 1686 duo]
1927 1623 2236 1674 venerunt
2266 1633 2415 1675 cum

111 1697 387 1780 proefato
424 1698 521 1761 H.
554 1698 977 1775 Dunelmum,
1014 1697 1080 1761 in
1129 1697 1237 1761 die
1274 1698 1522 1775 Coenae,
1557 1633 1639 1761 aa
1672 1695 2109 1760 inducendum
2152 1719 2302 1761 eum
2350 1697 2417 1761 in

111 1784 514 1868 corporalem
569 1787 1034 1869 possessionem
1087 1805 1264 1848 curae
1314 1783 1543 1848 domus
1567 1807 1585 1859 3
1632 1784 1741 1847 sed
1792 1783 2019 1848 clausis
2063 1783 2279 1869 januis
2311 1789 2415 1864 [et

109 1869 351 1948 hostiis,
389 1873 458 1934 in
505 1872 726 1935 medio
773 1871 1090 1953 ecclesioe]
1146 1893 1272 1934 non
1317 1884 1468 1936 sunt
1493 1869 1786 1956 permissi
1816 1871 2076 1934 intrare.
2171 1872 2413 1935 Provo-

109 1971 314 2020 catum
371 1957 500 2020 suit
553 1980 639 2022 ex
691 1971 876 2042 parte
936 1957 1172 2021 Prioris
1219 1969 1288 2021 et
1335 1957 1597 2057 capituli
1648 1967 1744 2042 [et
1794 1957 2205 2042 appellatum,
2257 1958 2411 2044 quia

109 2041 296 2106 buuae
342 2046 718 2129 impetratae
757 2057 940 2109 eraut
970 2065 1188 2109 verum
1222 2043 1679 2129 supprimendo
1710 2057 1774 2107 et
1804 2043 2031 2108 falsum
2063 2061 2417 2132 suggeren-

109 2128 260 2210 do];
309 2131 969 2196 excommunicabant
1011 2131 1120 2195 alii
1172 2131 1460 2196 Priorem
1491 2143 1557 2194 et
1590 2131 1862 2216 majores
1892 2131 2154 2215 capituli
2186 2144 2251 2195 et
2284 2131 2409 2195 sin-

109 2216 284 2298 gulos
329 2219 712 2283 resistentes
756 2221 870 2284 eis.
965 2218 1093 2284 Sed
1125 2218 1200 2280 in·
1235 2217 1354 2280 hiis
1383 2218 1679 2282 omnibus
1702 2230 1842 2282 erat
1874 2239 2095 2282 manus
2126 2217 2401 2302 [Regis]

6 2335 8 2346 ·
109 2323 243 2366 cum
281 2305 539 2372 Priore.
639 2305 820 2370 Fecit
849 2303 1015 2368 enim
1047 2304 1396 2368 attachiare
1425 2304 1727 2389 praefatos
1762 2305 1830 2372 Sa
1866 2318 1933 2369 et
1968 2305 2092 2382 R.;
2124 2327 2203 2370 eo
2234 2305 2411 2391 quod

109 2392 488 2455 mandatum
513 2392 880 2477 hujusmodi
910 2391 1166 2456 executi
1196 2405 1346 2454 sunt
1377 2393 1444 2454 in
1475 2391 1918 2476 pra-judicium
1962 2389 2174 2479 Regis.
2262 2392 2413 2466 Qua

109 2479 272 2540 enim
329 2479 590 2542 ratione
637 2479 878 2563 poterit
929 2479 1108 2563 Papa
1153 2477 1335 2542 alteri
1366 2480 1653 2542 conferre
1684 2499 1903 2542 curam
1936 2477 2405 2565 temporalium,

111 2577 318 2645 posset
345 2567 488 2650 ipse
519 2565 637 2628 sibi
668 2566 966 2631 retinere.
1038 2565 1236 2631 Unde
1267 2579 1333 2629 et
1363 2587 1555 2650 poena
1585 2563 1951 2649 pecuniaria
1978 2579 2128 2628 sunt
2156 2566 2409 2629 multati

6 2641 8 2662 '
109 2665 374 2737 uterque
436 2673 666 2716 eorum
719 2652 782 2715 in
837 2664 1096 2716 centum
1151 2652 1345 2716 libris.
1437 2652 1517 2716 111
1567 2652 1673 2716 die
1726 2673 1883 2717 vero
1936 2651 2203 2717 Paschae
2256 2675 2403 2717 cum

107 2759 264 2824 aqua
295 2739 722 2822 [benedicta]
733 2753 1231 2816 consecraretur,
1259 2741 1460 2802 crevit
1485 2739 1700 2804 oleum
1726 2739 1791 2802 in
1818 2753 2005 2823 petra
2024 2740 2145 2802 sub
2168 2740 2411 2803 feretro

109 2822 164 2885 ‘m
193 2826 469 2888 modum
501 2825 719 2889 circuli
751 2825 835 2890 ad
866 2825 1270 2890 latitudinem
1303 2838 1370 2890 et
1398 2825 1894 2912 grossitudinem
1929 2824 2115 2889 unius
2146 2828 2359 2890 annuli
2385 2851 2403 2902 3

5 2931 10 2944 ⁸
107 2911 186 2974 ita
227 2913 415 2998 quod
461 2912 844 2976 sensibiliter
886 2911 1160 2976 vidimus
1185 2925 1251 2976 et
1280 2911 1686 2998 percepimus
1717 2910 2215 2992 [incrementum
2248 2917 2401 2994 ejuS,

109 3001 272 3081 quod
321 2997 604 3062 invisum
647 3011 785 3063 erat
815 3009 1007 3063 antea
1036 2999 1434 3084 temporibus
1487 2999 1741 3065 nostris.
1849 2999 2405 3063 Consortabantur

109 3085 400 3148 monachi
449 3085 870 3150 vehementer
913 3109 996 3149 ex
1026 3083 1171 3163 hoc,
1203 3099 1531 3171 sperantes
1563 3109 1681 3172 per
1711 3086 1941 3150 merita
1968 3085 2177 3150 sancti
2204 3085 2404 3168 patris

109 3171 458 3236 cuthberti
507 3173 982 3238 tribulationem
1025 3172 1116 3236 eis
1163 3171 1599 3237 imminentem
1630 3171 2017 3240 leniendam.
2120 3171 2401 3246 Quidam

105 3275 249 3322 vero
299 3259 863 3344 conjecturabant,
911 3273 1183 3344 propter
1228 3260 1502 3347 figuram
1559 3260 1697 3325 olei·
1733 3258 2129 3337 circularem,
2186 3259 2401 3323 oleum

101 3365 210 3426 per
265 3365 520 3409 annum
578 3361 948 3433 sequentem
1001 3360 1470 3424 emanaturum,
1529 3368 1645 3431 per
1697 3345 1866 3411 vices
1918 3358 2157 3423 tamen,
2210 3361 2277 3410 et
2308 3347 2399 3410 sic

103 3432 330 3497 evenit.
425 3433 506 3497 In
569 3447 800 3498 testate
857 3446 1186 3518 sequente,
1251 3435 1549 3498 veniente
1601 3436 1785 3518 Rege
1831 3455 2045 3498 versus
2080 3433 2395 3510 Scociam,

5 3531 14 3554 '
105 3532 324 3582 eontra
390 3519 760 3584 Robertum
823 3520 1007 3596 Brus,
1068 3521 1178 3605 qui
1236 3519 1598 3584 Johannem
1655 3520 1891 3586 Cumin
1950 3519 2269 3585 occiderat
2332 3522 2401 3585 in

106 3606 388 3684 ecclesia,
449 3619 514 3670 et
561 3629 832 3692 regnum
883 3607 1120 3672 Scotioe
1167 3620 1590 3692 usurpaverat
1632 3607 1751 3670 sibi
1773 3615 1822 3689 3]
1870 3608 2063 3672 rediit
2098 3607 2284 3671 Prior
2314 3609 2406 3671 de·

6 3723 8 3726 >
105 3693 387 3774 partibus
439 3694 845 3771 australibuS,
893 3707 958 3758 et
1003 3693 1284 3758 occurrit
1338 3693 1505 3778 Regi
1537 3695 1709 3778 apud
1746 3694 2181 3770 Dunelmum3
2232 3709 2301 3758 et
2332 3694 2399 3756 in

105 3778 202 3842 die
255 3779 464 3844 sancti
525 3779 810 3846 oswaldi
870 3781 1070 3864 Regis
1114 3781 1368 3844 missam
1420 3781 1771 3845 celebravit
1816 3782 2083 3845 domino
2119 3781 2291 3867 Regi
2314 3782 2403 3844 ad

105 3865 297 3930 altare
349 3868 558 3932 sancti
616 3867 902 3932 Oswaldi
952 3868 1016 3930 in
1071 3867 1284 3932 fronte
1325 3867 1640 3932 ecclesiae.
1733 3867 1822 3933 Et
1852 3868 1941 3933 ibi
1972 3866 2330 3931 licentiatus
2362 3891 2401 3930 a

113 3951 307 4036 Rege,
355 3969 426 4020 et
469 3955 692 4018 literas
737 3954 1288 4019 commendatitias
1331 3954 1533 4040 Papae
1562 3976 1681 4041 pro
1712 3979 1793 4020 eo
1823 3953 2159 4039 acci-piens,
2195 3969 2400 4018 trans-

109 4041 246 4105 tulit
289 4063 362 4105 se
417 4063 640 4106 versus
684 4043 948 4121 curiam,
996 4043 1062 4105 in
1093 4039 1230 4105 vita
1257 4041 1378 4106 ista
1409 4042 1671 4106 minime
1699 4061 2085 4107 reversurus.
2175 4039 2404 4122 [Prior

5 4127 10 4148 '
109 4144 252 4191 vero
295 4127 418 4192 etsi
468 4129 758 4214 legitime
806 4143 1218 4214 provocasset
1269 4139 1336 4192 et
1387 4129 1791 4214 appellasset,
1836 4143 2051 4193 tamen
2112 4126 2197 4191 de
2246 4150 2402 4193 cura

107 4211 321 4278 domus
366 4213 498 4280 non
530 4215 876 4280 intromisit
922 4217 1039 4279 nisi
1085 4216 1547 4298 consulend0.]
1636 4215 1906 4282 Interim
1940 4214 2193 4300 scripsit
2226 4215 2405 4301 Papa

117 4299 290 4386 Regi,
337 4324 572 4388 rogans
612 4326 766 4369 eum
799 4321 870 4367 ut
901 4303 1311 4368 collationem
1345 4303 1575 4368 domus
1603 4303 1687 4368 de
1722 4301 2173 4386 Coldingham,
2206 4325 2401 4391 quam

113 4383 230 4470 ipse
275 4389 486 4455 facere
539 4392 972 4477 disposuerat,
1027 4393 1249 4476 nepoti
1304 4414 1422 4454 suo
1460 4405 1853 4475 acceptaret.
1948 4391 2205 4455 Habuit
2236 4391 2405 4455 enim

113 4489 389 4560 nepotem
441 4479 798 4565 quendam,
857 4477 1316 4567 Raymundum-
1360 4480 1441 4543 de
1504 4478 1569 4542 la
1622 4478 1805 4544 Goth
1865 4477 2149 4555 nomine,
2212 4499 2405 4566 quem

1208 4587 1246 4630 r
1279 4573 1320 4630 2
