3000 5117
796 469 1303 523 wau-armus
1340 470 1442 521 nn
1480 468 1886 523 casusne.
2349 456 2492 538 137

200 636 444 703 scilicet
494 632 844 720 Radulpho
894 632 983 697 de
1032 630 1272 700 Nevill.
1370 630 1556 697 Obiit
1583 632 1914 697 Johannes
1943 630 2028 695 de
2061 630 2280 696 Nes-in
2323 656 2496 701 anno

204 723 469 789 Domini
502 740 969 785 ucccnxxxvl.
1014 733 1080 783 et
1133 718 1423 805 sepultus
1455 721 1632 805 jacet
1661 719 1728 783 in
1757 718 2026 785 ecclesia
2071 718 2494 786 Dunelmensi

196 833 339 876 cum
371 831 581 874 uxore
608 830 727 873 sna
756 810 823 871 in
854 808 1046 894 plaga
1076 805 1338 871 australi
1368 806 1545 869 navis
1573 807 1881 873 ecclesiae.
1953 806 2278 871 Robertus
2313 808 2500 875 Prior

194 898 357 963 obiit
408 918 581 961 anno
626 895 897 960 Domini
937 913 1265 959 mcccxcl.
1304 908 1371 957 et
1414 892 1596 957 stetit
1645 894 1832 959 annis
1861 914 2052 972 xvn„
2081 895 2498 995 sepultusque

186 986 363 1069 jacet
392 984 459 1047 in
490 982 739 1047 boreali
767 981 963 1067 plaga
980 979 1287 1057 ecclesiae,
1310 980 1433 1042 sub
1462 1002 1780 1047 marmore
1809 1002 1956 1047 cum
1986 982 2186 1067 ipsius
2215 986 2496 1071 imagine

198 1072 257 1134 in
285 1093 443 1149 aere,
474 1092 693 1135 coram
724 1070 909 1135 altari
932 1068 1134 1133 sancti
1168 1065 1573 1136 Benedicti?

362 1532 527 1577 CAP.
560 1531 667 1579 111.
706 1529 797 1573 DE
834 1528 1085 1573 ἸἿ-ῘΟΜᾸ
1119 1528 1209 1573 ΒΕ
1244 1528 1608 1575 RATFELDB
1641 1530 1972 1576 tmscovo
2004 1530 2325 1579 numum.

285 1700 485 1762 Auno
518 1696 784 1762 Domini
812 1715 1225 1773 mcccxmm,
1260 1697 1499 1785 (1345)
1532 1702 1725 1779 [xlm
1755 1698 1862 1764 die
1897 1699 2152 1785 Aprilis,
2183 1700 2346 1765 obiit
2385 1700 2500 1765 Ri-

194 1788 425 1849 cardus
471 1786 557 1849 de
594 1786 769 1867 Bury
794 1783 1129 1869 episcopus
1164 1784 1641 1861 1)uuelmensiS‚
1673 1786 1844 1870 apud
1880 1786 2242 1865 Aukiande,
2273 1802 2340 1853 et
2375 1808 2496 1854 xx!
2519 1800 2554 1817 ‘

194 1874 299 1935 die
345 1874 583 1937 mensis
634 1872 923 1955 ejusdem
984 1874 1049 1934 in
1095 1872 1363 1935 ecclesia
1424 1872 1846 1937 Dunelmensi
1893 1894 2108 1943 coram
2168 1874 2354 1940 altari
2417 1876 2496 1941 B.

198 1960 433 2023 Maria·
488 1959 771 2043 Virginis
818 1962 995 2045 (sic)
1046 1958 1477 2042 Magdalenoe,
1527 1961 1590 2023 in
1637 1960 1896 2025 australi
1941 1960 2180 2049 angulo
2209 1962 2494 2048 ejusdem

191 2046 507 2123 ecclesias,
554 2060 654 2109 est
696 2044 1041 2129 sepultus,]
1076 2061 1487 2132 statutusque
1531 2058 1627 2111 est
1655 2046 1794 2111 dies
1833 2048 1917 2112 ad
1947 2048 2336 2133 eligendum,
2373 2050 2498 2115 viz.

188 2146 463 2197 octavus
489 2134 669 2217 (sic)
688 2133 823 2195 dies
851 2132 1083 2195 mensis
1122 2132 1302 2211 Maii,
1327 2132 1566 2197 seilicet
1589 2135 1788 2198 sancti
1813 2134 2122 2200 Johannis
2149 2136 2234 2201 de
2261 2138 2501 2202 Bever-

190 2220 359 2297 laco,
396 2244 531 2307 quo
560 2220 667 2284 die
684 2220 929 2283 electus
952 2232 1049 2283 est
1066 2220 1365 2283 dominns
1397 2218 1686 2285 Thomas
1705 2220 1786 2285 de
1817 2222 2152 2301 Hatselde,
2175 2236 2330 2289 tunc
2359 2246 2504 2289 cus-

190 2322 293 2372 tos
324 2308 569 2393 privati
594 2306 779 2391 sigilli
810 2305 1053 2369 domini
1092 2307 1311 2395 Regis),
1342 2306 1405 2371 in
1436 2306 1806 2392 episcopum
1837 2306 2362 2389 Dunelmensem,
2385 2333 2504 2397 per

192 2396 361 2458 viam
388 2393 857 2478 compromissi,
882 2392 1483 2480 consecratus[que]
1515 2396 1576 2457 in
1605 2394 1770 2459 festo
1795 2395 2264 2463 Translationis
2294 2398 2500 2463 sancti

200 2482 539 2547 Benedicti
574 2482 866 2566 proxime
884 2494 1214 2567 sequente,
1242 2482 1389 2545 etin
1408 2481 1520 2545 die
1545 2480 1761 2547 Natali
1792 2481 2051 2547 Domini
2075 2486 2276 2570 [post]
2301 2507 2498 2571 prox-

194 2570 319 2633 ime
345 2583 665 2655 sequente
682 2567 1097 2631 intronizatus
1114 2582 1275 2632 erat.
1366 2569 1526 2633 Erat
1546 2580 1760 2634 autem
1783 2568 1902 2633 iste
1933 2569 2222 2635 Thomas
2241 2571 2500 2657 dapsilis

194 2657 410 2732 valde,
460 2656 573 2719 sed
619 2662 705 2718 ad
752 2654 1117 2718 habendum
1164 2653 1526 2742 aliqualiter
1567 2654 1860 2741 cupiduS,
1894 2670 2140 2723 statura
2167 2673 2234 2725 et
2261 2659 2498 2725 canitie

196 2742 607 2818 venerabilia,
656 2740 1109 2825 hospitalitatis
1154 2740 1463 2828 obsequio
1507 2742 1789 2819 deditus,
1837 2756 1906 2809 et
1951 2744 2336 2845 quotidianis
2365 2748 2502 2812 ele-

193 2830 542 2915 emosyniS,
600 2842 669 2893 ut
740 2850 1094 2914 pauperum
1170 2828 1653 2894 necessitatibus
1725 2830 2113 2913 subveniret,
2189 2834 2496 2904 intentus.

201 2916 547 2981 Monacbis
578 2928 687 2979 ant
720 2915 1361 3001 comprovincialibus
1392 2915 1748 2981 molestiam
1771 2917 2006 2983 nullam
2033 2919 2266 2999 intulit,
2291 2942 2332 2983 n
2419 2944 2500 2987 ue

194 3004 493 3068 ecelesioe
521 3004 951 3088 pos-sessiones
982 3003 1215 3087 injuste
1246 3002 1506 3068 abstulit
1532 3026 1550 3079 3
1585 3002 1914 3068 venientes
1943 3006 2024 3071 ad
2055 3028 2126 3071 se
2155 3028 2382 3071 monac
2431 3031 2502 3072 os

199 3091 563 3155 honorifice
590 3112 845 3175 semper
872 3089 1259 3174 excipiebat,
1290 3103 1357 3154 et
1403 3088 1800 3155 familiariter
1825 3114 1984 3177 erga
2012 3114 2124 3157 eos
2153 3114 2222 3155 se
2251 3094 2498 3173 habuit,

200 3179 388 3243 laetus
419 3178 509 3241 de
556 3176 809 3241 illorum
842 3178 1220 3261 praesentia3
1266 3191 1405 3241 erat
1448 3177 1720 3241 ecclesia
1763 3176 1830 3241 in
1869 3179 2086 3266 quiete
2127 3192 2194 3244 et
2221 3178 2500 3245 familia:

200 3265 596 3330 honorificos
628 3263 797 3327 viros
827 3264 1097 3351 diligens
1130 3263 1387 3343 habere,
1420 3278 1488 3329 et
1535 3286 1662 3328 non
1693 3285 1946 3349 pue-roz,
1977 3288 2180 3353 equos
2211 3288 2328 3353 pro
2359 3290 2508 3333 vec.

200 3368 349 3418 tura
376 3374 510 3416 non
542 3350 831 3439 equulos.
910 3351 1057 3415 Fuit
1100 3350 1271 3414 enim
1304 3353 1368 3414 in
1400 3351 1602 3415 oculis
1647 3353 2092 3437 spectantium,
2125 3354 2190 3418 in
2219 3369 2404 3443 gestu
2436 3369 2504 3421 et

198 3440 475 3517 incessu,
522 3437 811 3503 sublimis
842 3451 907 3503 et
952 3438 1265 3515 excelsus,
1300 3440 1365 3501 in
1414 3436 1784 3503 infirmitate
1827 3440 2117 3527 quamvis
2147 3440 2391 3527 fragilis
2437 3442 2505 3509 in

196 3542 381 3613 parte
410 3540 483 3590 et
526 3525 830 3590 lubricus.
920 3526 1248 3589 Caeterum
1282 3524 1489 3590 iuerat
1519 3525 1579 3590 ei
1611 3526 2119 3610 magnanimitas,
2156 3540 2228 3593 ut
2259 3530 2322 3593 in
2351 3552 2508 3595 con-

200 3632 395 3679 ventu
420 3635 765 3700 procerum
788 3624 855 3677 et
876 3626 1267 3697 magnatum,
1292 3611 1387 3677 vel
1415 3612 1676 3697 primus,
1705 3614 1804 3677 vel
1824 3636 1972 3679 cum
1992 3615 2228 3701 primia,
2255 3638 2508 3703 semper

197 3700 603 3768 contenderit
634 3722 809 3775 esse3
855 3714 923 3764 et
954 3700 1123 3764 inter
1152 3698 1540 3763 honorificos
1565 3698 1822 3765 lionoris
1855 3701 2064 3775 locum
2090 3704 2506 3788 magnificen-

200 3792 323 3855 tius
355 3788 709 3865 obtineret,
740 3788 1001 3851 vastiori
1034 3786 1268 3871 saepius
1299 3785 1580 3851 clamore
1624 3802 1688 3853 et
1721 3788 1896 3853 vultu
1926 3789 2158 3855 minaci
2190 3790 2394 3877 magis
2425 3791 2509 3855 si-

201 3878 449 3941 mulare
470 3875 981 3959 indignationem
1002 3896 1193 3961 quam
1214 3873 1546 3939 exhibere.
1603 3872 1784 3940 luter
1803 3877 1944 3941 haec
1970 3876 2308 3961 plurimum
2339 3878 2511 3942 circa

207 3988 353 4029 suos
410 3962 741 4028 eminebat
784 3961 909 4047 [in]
962 3962 1331 4035 beneficiis3
1378 3976 1443 4025 et
1495 3961 1648 4045 jura
1699 3963 2013 4028 libertatis
2073 3965 2506 4048 episcopatus,

204 4052 554 4117 secundum
588 4050 778 4125 vires,
803 4062 1027 4113 contra
1049 4062 1395 4114 extraneos
1424 4049 1837 4113 defendebat.
1934 4049 2330 4133 Pauperibus
2355 4073 2510 4117 vero

128 4150 141 4163 ‘
206 4142 398 4204 modo
445 4154 741 4223 rogatus,
802 4136 995 4199 modo
1052 4136 1403 4214 ultraneus,
1453 4136 1638 4217 larga
1681 4158 1874 4201 manu
1914 4136 2034 4200 fuit
2066 4136 2400 4202 munificus
2444 4153 2511 4203 et

206 4228 530 4292 beneficus
652 4222 935 4299 Novum,
971 4246 1143 4302 vem,
1176 4223 1258 4288 ad
1312 4224 1656 4287 australem
1713 4238 1958 4308 partem
2008 4222 2188 4288 chori
2219 4224 2508 4308 ejusdem

208 4315 515 4391 ecclesiae,
538 4312 741 4397 juxta
785 4311 1005 4376 stallos
1052 4308 1534 4390 monachorum,
1566 4310 1888 4375 curiosum
1918 4332 2078 4397 opus
2110 4314 2509 4390 construxi13

570 4491 597 4520 ⁸
638 4488 965 4538 Arrtnmtx.
1014 4500 1300 4537 cxxxvut.
1348 4500 1538 4538 cxuv.
1587 4500 1749 4541 cxlx.
1783 4502 1906 4539 CLV·
1945 4500 2134 4540 cccxl.-
