3000 5117
519 411 624 479 80
999 417 1204 477 ms‘r.
1245 415 1607 476 nouam,
1649 411 2113 476 sciuri-cnm
2152 403 2384 476 raas}-

520 587 758 672 copalis
789 587 1142 672 dignitatis,
1179 588 1244 652 in
1282 588 1579 651 Romana
1607 584 1786 650 curia
1813 599 2233 671 compareret.
2330 589 2853 667 [Procuratores

519 697 675 740 vero
729 674 1059 760 Episcopi,
1109 677 1220 762 qui
1269 673 1711 740 excusandum
1761 695 1909 738 eum
1959 673 2043 738 ad
2086 675 2333 738 curiam
2368 692 2697 756 venerant,
2734 679 2859 744 iu·-

508 763 732 850 junxit
767 763 945 847 Papa
973 764 1092 827 sub
1123 784 1317 847 poena
1344 761 2058 838 excommunicationis,
2091 783 2283 911 guam
2315 777 2560 828 extunc
2590 779 2718 832 etc.
2766 781 2855 832 ut

517 849 689 914 infra
733 848 1004 913 biduum
1053 873 1096 914 a
1133 849 1312 914 curia
1347 847 1741 924 recederent,
1774 847 1913 912 haec
1954 869 2075 912 suo
2150 848 2369 913 omino
2398 851 2845 942 nunciaturi,]

526 935 814 1001 Vocatus
843 957 1004 1023 ergo
1039 935 1344 1014 secundo,
1371 934 1747 1020 Episcopus,
1780 935 1865 1000 ad
1888 935 2129 1000 curiam
2154 936 2357 1014 venit,
2390 938 2502 1002 sed
2534 961 2683 1004 cum
2716 942 2867 1006 tali*

519 1037 830 1109 apparatu
883 1045 960 1088 ac
1007 1038 1213 1108 gestu,
1267 1038 1340 1087 ut
1387 1043 1610 1086 omnes
1664 1019 2052 1088 mirarentur
2102 1021 2241 1107 ejus
2284 1036 2352 1088 et
2397 1025 2702 1091 familiam
2766 1043 2851 1093 et

517 1123 893 1194 sumptuum
937 1110 1326 1198 largitatem.
1424 1109 1596 1174 Cum
1640 1109 1841 1172 semel
1887 1110 2209 1195 equitaret
2241 1131 2457 1174 versus
2488 1114 2729 1178 curiam
2768 1116 2851 1180 in

519 1195 782 1262 civitate
821 1196 1132 1274 Romana,
1181 1218 1396 1261 comes
1428 1194 1687 1282 quidam
1720 1195 1805 1260 de
1838 1195 2127 1280 partibus
2157 1196 2301 1274 illis,
2336 1200 2717 1265 transiturus
2744 1223 2851 1268 ex

519 1285 790 1350 adverso
835 1297 902 1348 et
944 1305 1058 1368 per
1103 1283 1404 1348 familiam
1436 1283 1600 1366 ejus,
1635 1281 1875 1347 diutius
1906 1282 2259 1348 admiratus
2287 1284 2547 1350 familiae
2576 1290 2849 1374 magni-

519 1369 833 1446 tudinem,
853 1370 1150 1456 quaesivit
1167 1370 1250 1436 ab
1272 1392 1404 1436 uno
1415 1369 1677 1446 civium,
1710 1379 1755 1411 ‘⁶
1775 1370 1960 1448 Quis,
1983 1383 2081 1434 est
2098 1367 2236 1448 iste,
2259 1371 2369 1456 qui
2388 1373 2494 1438 hic
2514 1379 2745 1440 transit
2756 1379 2845 1442 ?'’

519 1458 610 1523 Et
629 1457 962 1544 respondit
979 1457 1154 1536 civis,
1185 1466 1230 1500 ‘⁸
1249 1455 1550 1522 Pecuniae
1571 1456 1925 1526 inimicus.’'
1975 1455 2251 1522 Cuidam
2278 1457 2607 1526 Cardinali
2632 1461 2847 1528 affec..

521 1547 685 1610 tanti
731 1565 925 1608 unum
981 1543 1064 1608 de
1109 1541 1434 1630 palefridis
1467 1540 1618 1621 suis,
1665 1561 1827 1630 quos
1873 1543 2331 1628 pulcherrimos
2365 1546 2613 1626 habuit,
2648 1550 2844 1616 misit

520 1631 705 1708 daea,
739 1644 812 1694 ut
842 1652 928 1693 ex
959 1629 1078 1694 illis
1101 1631 1372 1716 eligeret
1402 1653 1597 1718 quem
1626 1631 1910 1716 placeret
1936 1653 1954 1705 ;
2000 1643 2069 1695 et
2098 1630 2475 1710 Cardinalis,
2508 1649 2861 1720 εφιοιιῑειῢὶζ

516 1717 992 1804 pulchritudine
1034 1717 1306 1794 illectuS,
1344 1735 1685 1804 utrumque
1713 1718 1995 1784 retinuit.
2088 1717 2285 1793 Quod
2318 1742 2461 1784 cum
2498 1721 2859 1811 Episcopo

519 1804 964 1870 renunciatum
1025 1817 1210 1882 esset,
1261 1803 1450 1881 dixit,
1506 1804 1681 1869 “Sic
1736 1805 1919 1868 Deus
1972 1825 2075 1867 me
2124 1805 2349 1883 salvet,
2400 1829 2535 1872 non
2583 1809 2843 1876 defecit

519 1891 812 1978 accipere
860 1891 1250 1960 meliorem.’'
1345 1889 1581 1955 Tantae
1623 1890 2163 1979 magnanimitatis
2206 1907 2365 1970 erat,
2422 1895 2598 1980 quod
2648 1889 2841 1964 vi'de-

519 1979 710 2045 batur
741 1977 862 2043 sibi
891 1978 1069 2065 quod
1098 1978 1235 2043 sine
1265 1976 1763 2063 reprehensione
1782 1978 1995 2044 facere
2020 1991 2237 2064 posset
2260 1979 2563 2067 quicquid
2589 1984 2785 2050 vellet
2808 2013 2833 2063 3

515 2079 782 2153 propter
826 2065 1230 2151 praesentiam
1282 2063 1723 2130 cardinalium
1766 2087 1901 2130 non
1930 2063 2233 2131 omittens
2260 2066 2666 2149 benedicere,
2700 2095 2839 2137 nec

516 2166 784 2239 propter
832 2152 1240 2237 praesentiam
1295 2153 1492 2236 Papae
1540 2173 1687 2216 cum
1737 2153 1961 2216 avibus
2006 2152 2253 2222 ludere.
2352 2155 2519 2220 Cum
2560 2160 2857 2224 veniens·

519 2263 740 2305 versus
793 2239 1033 2305 curiam
1090 2239 1186 2324 [in
1235 2238 1513 2326 quadam
1563 2240 1865 2323 civitate]
1888 2239 2335 2323 hospitaretur,
2380 2258 2522 2308 orta
2565 2259 2663 2309 est
2692 2247 2837 2310 dis-

517 2327 732 2394 sentio
777 2325 946 2392 inter
988 2347 1135 2390 suos
1173 2338 1241 2391 et
1269 2326 1414 2390 illos
1441 2325 1527 2391 de
1554 2324 1836 2391 civitate.
1930 2325 2234 2405 Demum,
2264 2329 2635 2417 insurgente
2665 2355 2842 2398 oon-e

521 2427 624 2482 tra
666 2437 812 2480 eum
859 2426 1002 2478 tota
1043 2414 1322 2492 civitate,
1365 2426 1432 2478 et
1461 2412 1592 2478 suis
1619 2411 1965 2497 hospitium
2002 2412 2265 2479 ulterius
2310 2415 2655 2483 defendere
2686 2443 2833 2485 non

519 2500 895 2579 valentibus,
944 2501 1160 2566 fractis
1207 2499 1429 2564 hostiis
1459 2519 1733 2564 cameroe
1778 2499 1842 2563 in
1888 2522 2015 2587 qua
2043 2499 2396 2600 Episcopus
2426 2519 2584 2582 erat,
2619 2508 2831 2572 irrue—

519 2602 672 2653 runt
724 2607 915 2674 super
952 2609 1097 2653 eum
1155 2594 1539 2674 [potestates
1569 2593 1668 2667 et]
1702 2587 1969 2671 majores
2001 2585 2273 2654 civitatis
2302 2611 2447 2654 cum
2478 2592 2707 2676 gladiis
2756 2608 2832 2659 et

517 2675 814 2752 fustibus,
861 2687 1168 2761 tanquam
1212 2675 1296 2739 ad
1339 2673 1685 2751 latronem,
1738 2672 2003 2738 “redde
2033 2687 2120 2752 te,
2154 2675 2415 2753 redde,”
2446 2679 2829 2746 clamantes.

527 2762 781 2837 Quibus
821 2761 957 2846 ipse
1001 2783 1130 2825 non
1167 2783 1524 2845 assurgens,
1570 2783 1690 2825 nec
1730 2761 1797 2824 in
1838 2761 2053 2847 aliquo
2082 2762 2381 2826 deferens
2410 2765 2603 2845 dix-it,
2646 2769 2833 2834 “Sic

518 2850 702 2917 Deus
733 2871 836 2912 me
867 2849 1088 2926 salvet,
1121 2847 1444 2913 defecistis
1470 2870 1691 2912 verum
1722 2847 1939 2912 dicere
1969 2847 2072 2912 cui
2108 2852 2270 2932 [me]
2306 2852 2612 2930 reddam3
2660 2855 2843 2918 nulli-

516 2937 864 3002 vestrum.”
956 2935 1283 3000 Putabant
1313 2957 1537 2999 omnes
1578 2934 1674 2997 sui
1706 2935 1955 2998 nullum
1988 2932 2081 2998 eis
2112 2937 2231 3000 nisi
2266 2939 2486 3002 mortis
2516 2941 2768 3006 exitum
2806 2966 2827 3018 ;

517 3038 586 3088 et
616 3037 834 3088 tamen
865 3022 958 3088 ita
985 3021 1291 3086 audacter
1320 3021 1653 3104 respondit
1678 3021 1832 3105 ipse,
1866 3044 1941 3086 ac
1971 3021 2024 3085 si
2056 3022 2300 3087 nullum
2322 3024 2540 3092 fuisset
2568 3026 2832 3114 pericu-

517 3110 676 3177 lum.
767 3108 1022 3175 Fuisset
1053 3121 1266 3174 tamen
1297 3109 1454 3195 [ibi]
1481 3108 1746 3185 occisus,
1780 3107 1900 3172 nisi
1924 3109 2403 3194 superveniens,
2434 3118 2612 3196 [sic-J.
2702 3116 2829 3196 [In

517 3198 748 3262 eodem
779 3197 1030 3274 itinere,
1063 3209 1392 3280 quaerente
1425 3195 1705 3283 quodam
1738 3195 1825 3259 de
1854 3195 1982 3258 suis
2027 3195 2112 3260 de
2140 3198 2361 3281 precio
2408 3199 2591 3264 unius
2620 3202 2829 3287 panni

511 3285 680 3350 bene
699 3284 990 3369 preciosi,
1011 3281 1341 3368 respondit
1359 3301 1680 3346 mercator
1696 3305 1763 3347 se
1782 3281 2067 3359 credere,
2090 3285 2268 3368 quod
2285 3285 2643 3372 Episcopus
2660 3311 2831 3373 pau-

515 3393 674 3435 num
700 3369 862 3434 tanti
884 3369 1080 3455 precii
1101 3391 1228 3433 non
1249 3381 1495 3433 emeret
1518 3393 1534 3432 ε
1568 3369 1741 3454 quod
1762 3390 1905 3432 cum
1926 3368 2245 3456 Episcopo
2264 3370 2643 3440 innotuisset
2663 3397 2831 3458 pan-

517 3478 675 3520 num
729 3455 903 3532 emit,
937 3467 1024 3532 et,
1059 3456 1315 3520 vidente
1361 3471 1741 3527 mercatore.
1789 3454 1988 3520 huces
2018 3479 2141 3542 pro
2188 3457 2315 3522 suis
2364 3460 2541 3546 equis
2586 3461 2669 3526 de
2703 3460 2827 3527 illo

515 3543 725 3619 fecit.]
821 3542 1098 3625 Propter
1145 3539 1340 3628 igitur
1385 3541 1980 3626 magnanimitatem
2022 3555 2088 3608 et
2134 3544 2500 3628 largitatem
2550 3549 2751 3632 [ejus]
2786 3573 2829 3614 a

521 3629 706 3714 Papa
733 3640 800 3692 et
821 3626 1270 3692 Cardinalibus
1290 3640 1389 3693 est
1419 3628 1799 3707 honoratus,
1822 3643 1908 3707 et,
1936 3629 2295 3718 [rejiciente
2314 3655 2566 3698 summo
2592 3635 2827 3700 Ponti-

515 3717 664 3794 fice,
723 3727 1030 3801 tanquam
1081 3713 1612 3793 irracionabilem,
1646 3716 1819 3780 illam
1872 3717 2335 3801 excepcionem
2385 3720 2627 3786 Prioris
2688 3743 2828 3809 qua

515 3803 686 3868 dixit
737 3801 1130 3888 Episcopum
1179 3823 1308 3866 non
1357 3802 1595 3868 debere
1644 3801 1900 3867 visitare
1950 3826 2135 3867 suum
2190 3807 2542 3892 capitulum
2596 3809 2720 3872 nisi
2752 3832 2829 3874 se

515 3890 656 3955 solo
707 3901 778 3955 et
833 3889 972 3953 sine
1023 3887 1280 3966 clerico,
1332 3902 1402 3954 et
1461 3889 1667 3969 edita]
1716 3889 1827 3954 illa
1873 3891 2329 3958 constitutione
2378 3894 2827 3962 Bonefaciana

515 3979 856 4052 Debentur,
929 3974 994 4040 in
1053 3998 1178 4062 qua
1237 3975 1591 4054 ordinatur,
1654 3977 1829 4063 quod
1928 3975 2281 4064 Episcopus
2354 4002 2500 4044 cum
2562 3982 2823 4048 duobus

516 4063 782 4139 clericis,
834 4085 962 4128 uno
1014 4062 1284 4141 notarie,
1341 4081 1409 4128 et
1462 4085 1593 4128 uno
1644 4064 1943 4148 religioso
1996 4065 2285 4150 ejusdem
2338 4067 2583 4133 ordinis
2632 4091 2821 4134 suum

515 4149 751 4214 debeat
797 4149 1054 4215 visitare
1099 4151 1472 4236 capitulum,
1526 4173 1671 4215 cum
1724 4151 1971 4217 honore
2020 4152 2384 4222 licentiatus
2436 4177 2477 4222 a
2526 4157 2706 4242 Papa
2754 4171 2823 4223 et

521 4235 967 4301 Cardinalibus
991 4237 1058 4302 in
1093 4237 1388 4324 Angliam
1425 4252 1522 4304 est
1553 4261 1863 4306 reversus·
