3000 5117
717 496 1129 549 Arrenmx.
1187 495 1368 547 Ani-1.
1408 455 1868 548 mccxxxffu.
2258 469 2464 546 lxxiii

272 664 422 730 Item
453 683 594 728 cum
634 659 986 746 Episcopus
1022 656 1472 723 Dunelmensis
1504 658 1741 723 habeat
1770 669 1980 722 castra
2008 654 2371 733 fortissima,
2394 668 2463 720 et

199 751 580 828 municiones,
631 747 698 812 in
751 747 1036 812 confinio
1089 746 1342 830 Angliae
1394 759 1460 810 et
1514 745 1773 822 Scotiae,
1806 756 1953 808 cum
1996 766 2181 831 reges
2221 743 2461 809 Scotioe

198 859 416 924 semper
463 847 928 902 consueverunt
979 834 1235 919 regibus
1290 831 1543 917 Angliae
1589 831 1929 909 adversari,
1962 844 2029 895 et
2081 853 2240 916 gens
2285 831 2466 917 genti

199 927 458 990 similiter
485 923 678 989 fuerit
707 921 986 998 inimica,
1020 921 1446 1006 periculosum
1477 933 1648 984 esset
1684 919 1852 1007 Regi
1883 933 1950 983 et
1981 940 2182 1004 regno
2214 935 2285 984 ut
2314 941 2464 984 suus

198 1012 460 1078 inimicus
490 1026 554 1076 et
584 1009 826 1076 amicus
865 1008 1058 1092 Regis
1092 1010 1330 1075 Scotiae
1362 1009 1803 1093 praeficeretur
1845 1005 2087 1071 ibidem
2117 1028 2136 1082 ;
2182 1007 2465 1072 maxime

198 1121 323 1164 cum
343 1121 654 1164 summum
683 1097 920 1161 debeat
943 1119 1081 1160 esse
1104 1094 1502 1182 propositum
1526 1093 1721 1180 Regis
1751 1093 1893 1178 paci
1924 1109 1991 1160 et
2021 1095 2469 1182 tranquillitati

197 1187 528 1272 prospicere
557 1185 1012 1269 subjectorum.

275 1274 426 1338 Item
455 1273 810 1358 periculum
841 1286 1009 1335 esset
1043 1269 1210 1353 Regi
1245 1281 1312 1332 et
1343 1289 1563 1353 regno,
1597 1267 1649 1330 si
1680 1267 1848 1333 idem
1880 1269 2238 1355 praeficeret
2249 1294 2321 1335 ur
2350 1271 2472 1336 ibi-

198 1360 347 1439 dem,
379 1359 658 1426 maxime
687 1359 838 1446 quia
857 1358 1126 1423 haberet
1165 1372 1366 1422 terras
1397 1378 1542 1420 suas
1573 1356 1726 1420 sitas
1757 1356 1824 1420 in
1851 1357 2205 1437 maritimis,
2240 1375 2306 1424 et
2326 1381 2473 1444 pos-

197 1462 281 1513 oet
307 1469 420 1534 pro
447 1447 778 1512 voluntate
809 1446 944 1523 sue,
977 1460 1044 1512 et
1079 1444 1262 1528 Rege
1285 1445 1510 1520 invite,
1541 1442 1821 1508 Francos
1853 1459 1919 1509 et
1949 1443 2001 1508 F
2002 1445 2373 1512 landrenses
2403 1461 2470 1512 et

197 1536 336 1601 alios
370 1537 564 1621 Regis
596 1549 662 1599 et
691 1535 874 1618 regni
897 1531 1188 1616 inimicos
1219 1530 1653 1595 introducere.
1694 1541 1715 1555 ”

275 1624 450 1702 Item,
497 1622 680 1711 quod
725 1634 1030 1708 tanquam
1075 1617 1397 1684 homicida
1443 1617 1640 1682 debet
1679 1617 1947 1703 repelli3
1993 1641 2074 1683 eo
2114 1621 2289 1707 quod
2322 1643 2471 1691 cum

198 1710 430 1798 quidam
479 1709 661 1775 istrio
703 1707 771 1772 in
814 1707 1126 1772 cimiterio
1155 1727 1275 1770 suo
1305 1705 1571 1769 cordam
1602 1727 1643 1768 a
1670 1705 1829 1770 turri
1862 1705 1946 1771 ad
1976 1719 2212 1772 turrem
2245 1707 2473 1775 exten-

197 1819 314 1861 sam
340 1797 737 1874 ascenderet,
769 1795 852 1860 de
884 1795 1214 1859 voluntate
1241 1791 1398 1857 dicti
1433 1791 1695 1870 Prioris,
1731 1792 1902 1858 idem
1936 1796 2179 1860 corruit
2206 1811 2273 1861 et
2301 1819 2475 1862 mor-

201 1898 334 1948 tuus
361 1897 486 1961 est;
517 1884 632 1972 qui
655 1883 842 1949 Prior
869 1903 988 1947 nec
1019 1881 1254 1946 talibus
1282 1878 1519 1944 illicitis
1550 1879 1777 1944 debuit
1806 1879 2140 1960 interesse,
2176 1904 2292 1948 nec
2323 1905 2477 1951 con-

117 1999 123 2005 ·
197 1971 406 2035 sentire
433 1995 452 2047 ς
495 1973 702 2036 immo
729 1969 956 2036 debuit
985 1990 1289 2053 expresse
1321 1967 1493 2046 talia,
1528 1988 1612 2031 ne
1644 1969 1898 2045 fierent,
1924 1969 2297 2037 inhibuisse.

273 2059 428 2123 Item
445 2058 852 2145 impugnavit
873 2057 1200 2122 libertates
1231 2054 1644 2139 Episcopales
1671 2054 2481 2134 EcclesiaeDunelmensis;

197 2159 256 2209 et
279 2158 409 2210 tota
445 2147 786 2211 contentio
837 2157 1018 2209 mota
1063 2143 1230 2208 inter
1262 2141 1656 2228 Episcopum
1694 2141 2043 2208 Ricardum
2074 2145 2157 2209 de
2194 2145 2478 2212 Matisco

197 2244 256 2296 et
286 2233 693 2298 Conventum
722 2255 841 2319 per
870 2231 1075 2318 ipsum
1107 2243 1284 2296 mota
1311 2229 1454 2296 suit.

276 2319 437 2386 Item
487 2320 649 2385 dicit
696 2320 822 2385 alia
849 2319 1096 2383 ratione
1127 2317 1302 2405 quod
1333 2340 1462 2380 non
1493 2316 1691 2384 debet
1720 2317 1965 2402 praefici
1998 2317 2233 2384 ibidem
2260 2345 2279 2397 ;
2324 2325 2479 2410 quia

197 2405 316 2489 ipse
337 2407 668 2494 usurpavit
699 2408 1022 2472 libertates
1061 2405 1368 2469 Ecclesiae
1401 2404 1877 2482 Dunelmensis,
1914 2419 1985 2469 ut
2013 2419 2167 2492 pote
2180 2409 2483 2494 jurisdic-

196 2493 417 2559 tionem
451 2495 878 2559 Ecclesiarum
911 2515 1170 2558 suarum
1188 2492 1272 2556 de
1297 2492 1717 2570 Alvertonsir,
1750 2514 1906 2579 quas
1936 2493 2266 2560 libertates
2295 2496 2482 2583 Epis-

195 2581 324 2665 copi
362 2580 812 2646 Dunelmensis
841 2581 1190 2658 habebant,
1216 2592 1282 2644 et
1306 2579 1398 2644 eis
1440 2580 1809 2657 utebantur,
1844 2603 2045 2668 usque
2074 2582 2157 2646 ad
2191 2597 2485 2670 tempora

199 2667 484 2756 Episcopi
523 2669 788 2733 Ricardi
817 2671 926 2756 qui
953 2668 1186 2732 ultimo
1217 2667 1512 2731 decessit.
1610 2667 1809 2733 Unde
1841 2690 1990 2733 cum
2021 2666 2142 2733 hiis
2174 2670 2485 2738 libertati-

197 2755 320 2834 bus,
367 2770 432 2820 et
480 2756 644 2833 aliis,
678 2756 945 2820 eandem
1001 2755 1356 2820 Ecclesiam
1407 2753 1815 2841 spoliaverit3
1862 2777 1991 2819 non
2043 2756 2238 2823 debet
2269 2760 2486 2829 eidem

199 2843 464 2928 ejusdem
499 2843 814 2908 Ecclesiae
842 2865 998 2907 cura
1024 2842 1363 2907 committi.

280 2931 439 2995 Item
468 2930 632 2996 dicit
674 2931 850 3018 quod
898 2931 1232 2995 morbosus
1261 2945 1378 3006 est,
1411 2940 1643 3015 utpote
1673 2928 2047 2998 calculosus.
2140 2931 2337 2998 Unde
2366 2956 2485 3020 po-

202 3017 332 3095 tius,
381 3016 432 3081 si
469 3019 612 3103 jam
661 3018 1004 3103 praefectus
1050 3032 1240 3096 esset,
1297 3017 1564 3082 deberet
1615 3029 1839 3102 petere
1886 3017 2261 3098 cessionem,
2294 3043 2489 3108 quam

201 3106 376 3170 modo
408 3120 634 3191 petere
666 3104 1248 3174 confirmacionem.

280 3192 440 3258 Item
482 3193 664 3271 dicit,
698 3193 873 3280 quod
909 3207 1336 3277 transgressor
1366 3206 1462 3257 est
1489 3190 1950 3277 multipliciter,
2000 3207 2133 3259 tum
2166 3193 2317 3282 quia
2345 3219 2494 3282 per-

205 3281 491 3345 sonaliter
520 3280 806 3345 comedit
836 3303 1058 3346 carnes
1085 3295 1227 3365 post
1253 3277 1761 3365 prohibicionem
1785 3301 2040 3360 novam,
2069 3301 2135 3346 et
2157 3301 2330 3362 ante,
2353 3297 2492 3349 tum

204 3366 337 3453 quia
367 3367 696 3433 licentiam
727 3368 910 3432 dedit
938 3368 1280 3432 Monachis
1309 3367 1437 3431 suis
1469 3389 1573 3431 eas
1605 3367 2008 3432 comedendi.

280 3455 444 3521 Item
477 3455 638 3520 dicit
666 3455 842 3542 quod
865 3454 1245 3519 simoniacus
1267 3467 1388 3530 est,
1421 3476 1504 3518 eo
1534 3454 1709 3553 quod
1745 3454 2094 3521 Ricardum
2125 3456 2209 3521 de
2242 3457 2497 3526 Schire-

203 3540 398 3606 burun
449 3543 699 3626 recepit
733 3541 815 3604 'in
869 3541 1293 3618 Monachum,
1336 3542 1609 3626 pecunia
1658 3542 2023 3619 mediante3
2068 3559 2137 3608 et
2167 3546 2493 3632 quendam

206 3627 404 3709 alium,
437 3629 700 3694 nomine
735 3628 1167 3704 willielmum,
1215 3629 1370 3693 data
1410 3643 1581 3693 terra
1617 3651 1733 3693 sua
1761 3630 2191 3696 Dunelmensi
2224 3633 2493 3714 Domui,

208 3737 278 3780 eo
345 3731 495 3781 acto
525 3715 772 3800 recepit
798 3716 866 3780 ia
897 3715 1303 3781 monachum.

319 3818 446 3869 tem
479 3802 641 3868 dicit
670 3825 819 3869 eum
851 3826 988 3868 esse
1020 3802 1436 3867 simoniacum
1467 3802 1595 3867 alia
1622 3803 1889 3882 ratione,
1916 3805 2093 3892 quod
2123 3828 2270 3870 cum
2300 3820 2497 3872 motae

209 3905 408 3956 essent
435 3890 892 3955 contenciones
920 3891 1006 3956 de
1033 3892 1325 3976 pluribus
1354 3889 1778 3968 libertatibus,
1812 3905 1877 3955 et
1906 3894 2093 3956 rebus
2124 3892 2282 3972 aliis,
2330 3893 2502 3959 inter

211 3975 592 4063 Episcopum
643 3977 992 4043 Ricardum
1044 3978 1128 4042 de
1177 3976 1482 4054 Marisco,
1519 3991 1586 4041 et
1636 3979 1928 4044 Priorem
1972 3993 2042 4043 et
2087 3980 2498 4045 conventum

213 4063 728 4142 Dunelmensem,
783 4064 878 4130 ita
926 4065 1171 4129 sedatae
1223 4063 1485 4128 fuerunt
1537 4078 1826 4149 tempore
1883 4065 2182 4152 Episcopi
2233 4066 2500 4134 Ricardi

211 4151 484 4230 secundi,
516 4151 694 4240 quod
723 4153 1037 4216 concessit
1082 4151 1170 4217 eis
1215 4151 1701 4216 advocationem
1737 4152 2030 4216 omnium
2070 4153 2501 4220 Ecclesiarum

211 4259 452 4304 suarum
483 4239 550 4303 in
598 4240 888 4317 Eborsir,
916 4262 1063 4304 cum
1107 4238 1321 4302 multis
1351 4236 1488 4302 aliis
1520 4237 1944 4316 libertatibuS,
1978 4264 2057 4304 eo
2088 4256 2279 4326 pacto
2323 4244 2501 4328 quod

211 4346 332 4390 non
379 4339 646 4412 possent
693 4327 984 4392 conferre
1036 4325 1224 4391 alicui
1275 4325 1556 4412 aliquam
1604 4325 1976 4405 Ecclesiam,
2010 4327 2371 4416 irrequisito
2401 4353 2503 4396 as-

211 4435 386 4477 sensu
419 4427 490 4478 et
517 4429 827 4479 consensu
857 4437 998 4478 suc.

297 4501 460 4568 Item
492 4500 847 4590 dicitquod
875 4501 1257 4567 simoniacus
1283 4512 1380 4566 est
1411 4521 1488 4564 eo
1521 4497 1697 4586 quod
1728 4500 2001 4570 contulit
2032 4501 2389 4570 Ecclesiam
2421 4505 2503 4570 de
