3000 5117
882 442 1298 500 Arrsnmx.
1351 444 1539 496 Anu.
1578 442 1899 496 uccxm.
2374 422 2533 496 lxxv

409 897 545 942 Lvt.
593 897 829 942 BULLA
873 895 1218 943 ennoean
1265 897 1342 942 lx
1385 897 1941 944 Aacmlzl’lscol’o
1974 893 2361 941 carmulam-

407 985 566 1029 3881
616 986 702 1029 ΒΤ
749 985 1080 1029 131’18001’0
1141 984 1613 1030 LlNcomesI
1660 986 1749 1030 AD
1812 983 2359 1029 RBSTITUBNDUM

407 1072 658 1118 rmum
707 1072 793 1116 ΒΤ
840 1071 1183 1118 CAPITULO
1231 1072 1690 1117 DUNRLMnNsr
1724 1071 2065 1116 EXPENSAS
2111 1069 2364 1115 NECES-

407 1159 645 1204 SARIAS
691 1159 943 1205 FACTAS
1005 1159 1214 1204 cmca
1274 1153 1726 1205 BancmNssM
1770 1157 2035 1204 'rnoMAE
2080 1155 2361 1202 Pmolus

407 1247 504 1291 DE
572 1247 784 1292 Boms
847 1247 1152 1293 Bmscol’l
1217 1247 1587 1298 POSTQUAM
1650 1246 1911 1291 runnu*
1979 1244 2365 1291 CONSECRA-

404 1333 560 1378 Tus,

1092 1450 1262 1518 [Cart.
1283 1451 1400 1505 111.
1422 1451 1461 1504 f.
1485 1454 1578 1505 161
1608 1454 1681 1522 b.]

197 1673 208 1684 ι
327 1592 688 1684 Gregorius
721 1593 1102 1680 Episcopus,
1126 1618 1342 1662 servus
1371 1617 1703 1662 servorum
1732 1595 1889 1675 Dei,
1920 1596 2393 1662 venerabilibus
2416 1595 2544 1662 fra-

239 1681 436 1746 tribus
469 1681 985 1768 Archiepiscopo
1012 1683 1458 1748 Cantuariensi
1487 1696 1555 1748 et
1580 1683 1907 1770 Episcopo
1938 1683 2347 1749 Liucolnensi
2374 1684 2543 1748 salu-

239 1781 364 1833 tem
423 1783 491 1834 et
553 1769 971 1854 apostolicam
1027 1769 1571 1837 benediccionem.
1697 1771 1889 1850 Cum,
1948 1770 2113 1837 sicut
2168 1769 2382 1837 dilecti
2426 1769 2542 1834 filii

241 1855 614 1941 Capitulum
667 1856 974 1922 Ecclesiae
1016 1857 1478 1923 Dunelmensis
1508 1881 1625 1924 sua
1665 1856 1850 1922 nobis
1879 1859 2201 1943 peticione
2230 1872 2543 1923 monstra-

235 1956 405 2023 runt,
437 1943 568 2030 ipsi
597 1943 662 2007 in
693 1945 1146 2032 prosequendo
1175 1944 1507 2010 electionis
1550 1948 1911 2030 negocium,
1945 1967 2137 2033 quam
2168 1946 2251 2011 de
2281 1944 2543 2011 Thomu

240 2029 458 2096 Priore
486 2030 696 2118 ipsius
725 2030 1014 2097 ecclesiae
1041 2033 1473 2111 celebrarunt,
1506 2031 1745 2118 gravia,
1780 2045 1853 2098 ut
1882 2047 2195 2112 asserunt,
2227 2031 2543 2098 subierint

235 2139 426 2183 onera
483 2139 940 2204 expensarum,
999 2119 1386 2185 fraternitati
1443 2134 1673 2186 vestroe
1729 2141 1849 2206 per
1906 2121 2265 2206 apostolica
2303 2119 2543 2205 scripta

233 2206 638 2284 mandamus,
671 2206 990 2294 quatinus,
1038 2228 1353 2292 expensas
1396 2209 1808 2286 necessarias,
1855 2230 2013 2295 quas
2052 2206 2243 2274 iidem
2273 2223 2541 2296 propter

234 2292 356 2357 hoc
406 2293 703 2378 legitime
752 2316 821 2358 se
874 2292 1096 2359 fecisse
1123 2295 1566 2379 probaverint,
1601 2295 1693 2361 eis
1740 2295 1823 2360 de
1873 2295 2061 2360 bonis
2109 2294 2537 2382 Episcopatus

236 2378 709 2458 Dunelmensis,
741 2393 1082 2467 postquam
1131 2380 1252 2467 ipsi
1299 2382 1587 2448 ecclesiae
1639 2383 1832 2449 fuerit
1872 2382 1957 2448 de
2016 2397 2275 2468 pastore
2322 2383 2535 2469 provi-

234 2489 390 2546 sum,
422 2467 681 2532 restitui
704 2466 988 2544 saciatis3
1019 2469 1519 2535 contradictores
1537 2492 1655 2556 per
1685 2491 2015 2535 censuram
2046 2471 2538 2538 ecclesiasticam
2613 2491 2626 2506 ·

233 2554 671 2639 appellacione
725 2555 1086 2641 postposita
1131 2559 1627 2642 compescendo,
1720 2558 1921 2634 Quod
1952 2557 2003 2622 si
2034 2579 2161 2622 non
2192 2561 2383 2624 ambo
2414 2559 2537 2624 hiis

233 2641 627 2729 exequendis
678 2642 1018 2727 potueritis
1067 2643 1388 2722 interesse,
1421 2645 1587 2710 alter
1631 2659 1913 2709 vestrum
1964 2669 2045 2710 ea
2090 2646 2533 2713 nichilominus

234 2743 612 2816 exequatur.
742 2730 922 2796 Data
975 2731 1302 2809 Laterani,
1363 2730 1655 2796 kalendis
1715 2732 2067 2811 Februarii,
2126 2733 2535 2821 pontificatus

233 2817 428 2881 nostri
459 2839 638 2882 anno
668 2819 870 2883 tercio
899 2817 1153 2884 decimo
1188 2820 1288 2909 [et
1317 2841 1492 2884 anno
1526 2819 1768 2885 Christi
1804 2819 2075 2908 1237*].

719 3237 884 3283 nvn.
931 3234 1451 3287 acommumcu
1495 3234 1633 3278 PRO
1680 3231 2022 3278 sunslmo.

1161 3351 1478 3421 [015ng
1506 3351 1615 3415 ia]

320 3471 646 3539 Omnibus
675 3491 958 3557 proesens
989 3467 1296 3554 scriptum
1328 3465 1553 3531 visuris
1600 3467 1702 3534 vel
1748 3466 2079 3546 audituriS,
2112 3469 2176 3536 J.
2216 3469 2403 3538 Prior
2447 3474 2532 3540 de

237 3559 613 3635 Gisburnia,
667 3559 939 3622 salutem
992 3556 1062 3620 in
1115 3554 1424 3622 Domino,
1522 3551 1851 3619 Noveritis
1892 3577 2027 3634 nos»,
2060 3579 2232 3622 anno
2264 3559 2530 3625 Domini

229 3665 368 3712 nce
415 3645 909 3736 quadragesimo
955 3643 1184 3728 primo,
1219 3641 1283 3704 in
1337 3640 1615 3706 crastino
1655 3640 2091 3706 translacionis
2122 3644 2291 3711 beati
2330 3647 2533 3713 Swid-

229 3733 437 3812 thuni,
473 3731 789 3816 recepisse
826 3753 867 3795 a
913 3729 1138 3795 Priore
1167 3742 1235 3793 et
1269 3727 1609 3794 Conventa
1645 3727 1951 3795 Dunelm.
1983 3751 2097 3815 per
2127 3755 2385 3798 manum
2417 3735 2534 3800 do-

227 3821 380 3884 mini
418 3821 496 3886 B.
517 3819 866 3904 supprioris
896 3816 1182 3881 e'usdem
1209 3815 1482 3894 Domus,
1505 3815 1677 3879 mille
1700 3838 1941 3880 marcas
1964 3819 2237 3902 argenti,
2261 3821 2342 3884 ad
2368 3845 2530 3906 opus

229 3905 474 3971 domini
499 3906 720 3991 Papae,
745 3906 830 3969 de
860 3843 1146 3969 su'bsidio
1163 3903 1374 3968 eidem
1399 3901 1663 3971 domino
1690 3904 1886 3988 Papae
1908 3903 1990 3968 de
2025 3905 2245 3971 Scotia
2273 3907 2532 3990 collato,

228 3992 616 4079 computatis
644 4015 765 4080 pro
794 3991 1082 4080 qualibet
1110 4013 1326 4056 marca
1353 3989 1464 4074 xiij
1512 3989 1731 4056 solidis
1762 4003 1829 4054 et
1859 3990 1999 4075 iiijd.
2122 3992 2198 4055 Iu
2228 3995 2407 4078 cujus
2438 3998 2533 4060 rei

229 4081 665 4147 testimonium
695 4079 1002 4164 praesenti
1031 4079 1270 4165 scripto
1287 4077 1565 4162 sigillum
1589 4090 1878 4142 nostrum
1899 4077 2329 4163 apposuimus·
2382 4081 2533 4146 Hiis

229 4166 518 4246 testibuS,
551 4167 660 4254 qui
691 4165 1152 4232 deliberacioni
1181 4165 1375 4229 dietae
1403 4163 1697 4250 pecuniae
1728 4165 1913 4228 nobis
1988 4187 2059 4229 er
2088 4187 2344 4230 manum
2375 4166 2533 4234 dicti

238 4253 604 4344 Supprioris
633 4252 918 4340 plenarie
935 4253 1106 4319 sacta
1131 4251 1584 4331 interfuerunt,
1619 4252 1923 4340 magistro
1941 4188 2045 4317 ἓν.
2070 4252 2153 4317 de
2181 4253 2529 4346 Kilkenny,

401 4432 430 4458 ·
468 4429 534 4481 In
558 4446 588 4482 a
609 4429 742 4486 later
763 4429 916 4492 hand,
943 4429 1040 4485 but
1063 4430 1212 4485 there
1235 4431 1279 4484 is
1301 4445 1331 4482 a
1354 4427 1571 4482 mistake
1594 4426 1657 4481 of
1668 4427 1813 4481 three
1834 4443 1985 4496 years
2006 4428 2061 4482 iu
2084 4427 2176 4482 the
2198 4427 2333 4482 date.
