<?xml version="1.0" encoding="UTF-8"?>
<!DOCTYPE html PUBLIC "-//W3C//DTD XHTML 1.0 Transitional//EN"
    "http://www.w3.org/TR/xhtml1/DTD/xhtml1-transitional.dtd">
<html xmlns="http://www.w3.org/1999/xhtml" xml:lang="en" lang="en">
 <head>
  <title>
</title>
<meta http-equiv="Content-Type" content="text/html;charset=utf-8" />
  <meta name='ocr-system' content='tesseract 3.04.00' />
  <meta name='ocr-capabilities' content='ocr_page ocr_carea ocr_par ocr_line ocrx_word'/>
</head>
<body>
  <div class='ocr_page' id='page_1' title='image "./historiaedunelm00raingoog_0228.png"; bbox 0 0 3000 5117; ppageno 0'>
   <div class='ocr_carea' id='block_1_1' title="bbox 434 508 2270 581">
    <p class='ocr_par' dir='ltr' id='par_1_1' title="bbox 434 508 2270 581">
     <span class='ocr_line' id='line_1_1' title="bbox 434 508 2270 581; baseline -0.001 -10"><span class='ocrx_word' id='word_1_1' title='bbox 434 508 504 581; x_wconf 78' lang='lat' dir='ltr'>vi</span> <span class='ocrx_word' id='word_1_2' title='bbox 896 516 1103 569; x_wconf 76' lang='lat' dir='ltr'>ms&#39;r.</span> <span class='ocrx_word' id='word_1_3' title='bbox 1146 512 1510 567; x_wconf 65' lang='lat' dir='ltr'>num-:Lm</span> <span class='ocrx_word' id='word_1_4' title='bbox 1551 514 2016 567; x_wconf 77' lang='lat' dir='ltr'>SCRIPTORES</span> <span class='ocrx_word' id='word_1_5' title='bbox 2055 519 2270 569; x_wconf 73' lang='lat' dir='ltr'>rans.</span> 
     </span>
    </p>
   </div>
   <div class='ocr_carea' id='block_1_2' title="bbox 444 675 2820 3649">
    <p class='ocr_par' dir='ltr' id='par_1_2' title="bbox 444 675 2820 3649">
     <span class='ocr_line' id='line_1_2' title="bbox 444 675 2758 781; baseline -0.006 -26"><span class='ocrx_word' id='word_1_6' title='bbox 444 700 598 781; x_wconf 85' lang='lat' dir='ltr'>post</span> <span class='ocrx_word' id='word_1_7' title='bbox 630 682 1047 773; x_wconf 78' lang='lat' dir='ltr'><strong>Episcopum,</strong></span> <span class='ocrx_word' id='word_1_8' title='bbox 1102 693 1169 745; x_wconf 85' lang='lat' dir='ltr'>et</span> <span class='ocrx_word' id='word_1_9' title='bbox 1216 679 1283 743; x_wconf 91' lang='lat' dir='ltr'>in</span> <span class='ocrx_word' id='word_1_10' title='bbox 1313 675 1615 765; x_wconf 85' lang='lat' dir='ltr'>Episcopi</span> <span class='ocrx_word' id='word_1_11' title='bbox 1649 678 1746 743; x_wconf 92' lang='lat' dir='ltr'>sui</span> <span class='ocrx_word' id='word_1_12' title='bbox 1793 678 2110 743; x_wconf 80' lang='lat' dir='ltr'>electione</span> <span class='ocrx_word' id='word_1_13' title='bbox 2139 702 2284 743; x_wconf 91' lang='lat' dir='ltr'>cum</span> <span class='ocrx_word' id='word_1_14' title='bbox 2317 678 2604 763; x_wconf 86' lang='lat' dir='ltr'>capitulo</span> <span class='ocrx_word' id='word_1_15' title='bbox 2633 700 2758 742; x_wconf 89' lang='lat' dir='ltr'>suo</span> 
     </span>
     <span class='ocr_line' id='line_1_3' title="bbox 448 765 2758 856; baseline -0.006 -12"><span class='ocrx_word' id='word_1_16' title='bbox 448 787 729 844; x_wconf 80' lang='lat' dir='ltr'>teneant.</span> <span class='ocrx_word' id='word_1_17' title='bbox 825 770 915 834; x_wconf 87' lang='lat' dir='ltr'>Et</span> <span class='ocrx_word' id='word_1_18' title='bbox 945 788 1381 856; x_wconf 88' lang='lat' dir='ltr'>quascumque</span> <span class='ocrx_word' id='word_1_19' title='bbox 1410 768 1760 851; x_wconf 79' lang='lat' dir='ltr'>dignitates</span> <span class='ocrx_word' id='word_1_20' title='bbox 1783 788 1897 831; x_wconf 92' lang='lat' dir='ltr'>seu</span> <span class='ocrx_word' id='word_1_21' title='bbox 1916 765 2194 831; x_wconf 87' lang='lat' dir='ltr'>honores</span> <span class='ocrx_word' id='word_1_22' title='bbox 2221 766 2476 831; x_wconf 87' lang='lat' dir='ltr'>Decani</span> <span class='ocrx_word' id='word_1_23' title='bbox 2503 766 2758 830; x_wconf 87' lang='lat' dir='ltr'>Ebora-</span> 
     </span>
     <span class='ocr_line' id='line_1_4' title="bbox 448 852 2762 941; baseline -0.005 -13"><span class='ocrx_word' id='word_1_24' title='bbox 448 883 695 937; x_wconf 88' lang='lat' dir='ltr'>censes,</span> <span class='ocrx_word' id='word_1_25' title='bbox 750 856 870 921; x_wconf 87' lang='lat' dir='ltr'>sub</span> <span class='ocrx_word' id='word_1_26' title='bbox 924 852 1437 941; x_wconf 85' lang='lat' dir='ltr'>Archiepiscopis</span> <span class='ocrx_word' id='word_1_27' title='bbox 1484 852 2016 931; x_wconf 86' lang='lat' dir='ltr'>Eboracensibus,</span> <span class='ocrx_word' id='word_1_28' title='bbox 2065 868 2133 919; x_wconf 91' lang='lat' dir='ltr'>et</span> <span class='ocrx_word' id='word_1_29' title='bbox 2178 876 2370 939; x_wconf 90' lang='lat' dir='ltr'>super</span> <span class='ocrx_word' id='word_1_30' title='bbox 2414 852 2762 919; x_wconf 82' lang='lat' dir='ltr'>Archidia-</span> 
     </span>
     <span class='ocr_line' id='line_1_5' title="bbox 458 940 2763 1027; baseline -0.005 -10"><span class='ocrx_word' id='word_1_31' title='bbox 458 970 656 1018; x_wconf 87' lang='lat' dir='ltr'>conos</span> <span class='ocrx_word' id='word_1_32' title='bbox 706 945 873 1010; x_wconf 86' lang='lat' dir='ltr'>illius</span> <span class='ocrx_word' id='word_1_33' title='bbox 928 941 1241 1017; x_wconf 84' lang='lat' dir='ltr'>ecclesiae,</span> <span class='ocrx_word' id='word_1_34' title='bbox 1296 940 1728 1027; x_wconf 89' lang='lat' dir='ltr'>possederint,</span> <span class='ocrx_word' id='word_1_35' title='bbox 1799 940 2053 1006; x_wconf 80' lang='lat' dir='ltr'>Priores</span> <span class='ocrx_word' id='word_1_36' title='bbox 2103 940 2576 1006; x_wconf 80' lang='lat' dir='ltr'>Dunelmenses</span> <span class='ocrx_word' id='word_1_37' title='bbox 2635 941 2763 1005; x_wconf 90' lang='lat' dir='ltr'>sub</span> 
     </span>
     <span class='ocr_line' id='line_1_6' title="bbox 460 1027 2766 1122; baseline -0.004 -21"><span class='ocrx_word' id='word_1_38' title='bbox 460 1039 787 1122; x_wconf 85' lang='lat' dir='ltr'>Episcopo</span> <span class='ocrx_word' id='word_1_39' title='bbox 814 1043 882 1097; x_wconf 91' lang='lat' dir='ltr'>et</span> <span class='ocrx_word' id='word_1_40' title='bbox 913 1042 1105 1116; x_wconf 83' lang='lat' dir='ltr'>&#39;super</span> <span class='ocrx_word' id='word_1_41' title='bbox 1140 1027 1644 1094; x_wconf 87' lang='lat' dir='ltr'>Archidiaconos</span> <span class='ocrx_word' id='word_1_42' title='bbox 1679 1028 1871 1113; x_wconf 85' lang='lat' dir='ltr'>ipsius</span> <span class='ocrx_word' id='word_1_43' title='bbox 1901 1028 2190 1095; x_wconf 82' lang='lat' dir='ltr'>ecclesiae</span> <span class='ocrx_word' id='word_1_44' title='bbox 2218 1028 2417 1094; x_wconf 89' lang='lat' dir='ltr'>libere</span> <span class='ocrx_word' id='word_1_45' title='bbox 2449 1040 2518 1092; x_wconf 87' lang='lat' dir='ltr'>et</span> <span class='ocrx_word' id='word_1_46' title='bbox 2541 1027 2766 1115; x_wconf 90' lang='lat' dir='ltr'>quiete</span> 
     </span>
     <span class='ocr_line' id='line_1_7' title="bbox 460 1115 2770 1217; baseline -0.005 -27"><span class='ocrx_word' id='word_1_47' title='bbox 460 1127 932 1211; x_wconf 85' lang='lat' dir='ltr'>imperpetuum</span> <span class='ocrx_word' id='word_1_48' title='bbox 960 1119 1262 1183; x_wconf 87' lang='lat' dir='ltr'>habeant.</span> <span class='ocrx_word' id='word_1_49' title='bbox 1320 1115 1632 1181; x_wconf 84' lang='lat' dir='ltr'>Concedo</span> <span class='ocrx_word' id='word_1_50' title='bbox 1653 1116 1861 1181; x_wconf 85' lang='lat' dir='ltr'>eciam</span> <span class='ocrx_word' id='word_1_51' title='bbox 1891 1116 1980 1181; x_wconf 89' lang='lat' dir='ltr'>eis</span> <span class='ocrx_word' id='word_1_52' title='bbox 2009 1130 2078 1180; x_wconf 91' lang='lat' dir='ltr'>et</span> <span class='ocrx_word' id='word_1_53' title='bbox 2105 1118 2426 1181; x_wconf 89' lang='lat' dir='ltr'>confirmo</span> <span class='ocrx_word' id='word_1_54' title='bbox 2453 1115 2770 1217; x_wconf 76' lang='lat' dir='ltr'>quicquid</span> 
     </span>
     <span class='ocr_line' id='line_1_8' title="bbox 464 1202 2770 1298; baseline -0.004 -22"><span class='ocrx_word' id='word_1_55' title='bbox 464 1214 829 1298; x_wconf 80' lang='lat' dir='ltr'>Episcopus</span> <span class='ocrx_word' id='word_1_56' title='bbox 883 1205 1258 1271; x_wconf 81' lang='lat' dir='ltr'>willielmus</span> <span class='ocrx_word' id='word_1_57' title='bbox 1310 1202 1394 1269; x_wconf 89' lang='lat' dir='ltr'>de</span> <span class='ocrx_word' id='word_1_58' title='bbox 1436 1204 1808 1290; x_wconf 84' lang='lat' dir='ltr'>episcopatu</span> <span class='ocrx_word' id='word_1_59' title='bbox 1863 1224 1981 1267; x_wconf 87' lang='lat' dir='ltr'>suo</span> <span class='ocrx_word' id='word_1_60' title='bbox 2029 1203 2151 1268; x_wconf 90' lang='lat' dir='ltr'>illis</span> <span class='ocrx_word' id='word_1_61' title='bbox 2203 1203 2408 1282; x_wconf 86' lang='lat' dir='ltr'>dedit,</span> <span class='ocrx_word' id='word_1_62' title='bbox 2457 1203 2770 1267; x_wconf 79' lang='lat' dir='ltr'>videlicet</span> 
     </span>
     <span class='ocr_line' id='line_1_9' title="bbox 468 1290 2772 1388; baseline -0.003 -23"><span class='ocrx_word' id='word_1_63' title='bbox 468 1298 645 1388; x_wconf 91' lang='lat' dir='ltr'>quod</span> <span class='ocrx_word' id='word_1_64' title='bbox 675 1296 954 1361; x_wconf 85' lang='lat' dir='ltr'>habeant</span> <span class='ocrx_word' id='word_1_65' title='bbox 999 1314 1221 1357; x_wconf 90' lang='lat' dir='ltr'>omnes</span> <span class='ocrx_word' id='word_1_66' title='bbox 1270 1305 1469 1356; x_wconf 88' lang='lat' dir='ltr'>terras</span> <span class='ocrx_word' id='word_1_67' title='bbox 1523 1307 1589 1355; x_wconf 92' lang='lat' dir='ltr'>et</span> <span class='ocrx_word' id='word_1_68' title='bbox 1639 1290 1939 1355; x_wconf 90' lang='lat' dir='ltr'>ecclesias</span> <span class='ocrx_word' id='word_1_69' title='bbox 1970 1291 2032 1354; x_wconf 92' lang='lat' dir='ltr'>in</span> <span class='ocrx_word' id='word_1_70' title='bbox 2079 1290 2283 1356; x_wconf 86' lang='lat' dir='ltr'>libera</span> <span class='ocrx_word' id='word_1_71' title='bbox 2326 1290 2772 1378; x_wconf 75' lang='lat' dir='ltr'>disposicione</span> 
     </span>
     <span class='ocr_line' id='line_1_10' title="bbox 466 1377 2773 1465; baseline -0.004 -12"><span class='ocrx_word' id='word_1_72' title='bbox 466 1410 603 1465; x_wconf 81' lang='lat' dir='ltr'>sua,</span> <span class='ocrx_word' id='word_1_73' title='bbox 652 1386 743 1450; x_wconf 89' lang='lat' dir='ltr'>ita</span> <span class='ocrx_word' id='word_1_74' title='bbox 786 1396 859 1447; x_wconf 89' lang='lat' dir='ltr'>ut</span> <span class='ocrx_word' id='word_1_75' title='bbox 904 1380 1117 1445; x_wconf 89' lang='lat' dir='ltr'>nullus</span> <span class='ocrx_word' id='word_1_76' title='bbox 1146 1402 1214 1444; x_wconf 92' lang='lat' dir='ltr'>se</span> <span class='ocrx_word' id='word_1_77' title='bbox 1244 1379 1327 1443; x_wconf 88' lang='lat' dir='ltr'>de</span> <span class='ocrx_word' id='word_1_78' title='bbox 1374 1378 1522 1464; x_wconf 87' lang='lat' dir='ltr'>ipsis</span> <span class='ocrx_word' id='word_1_79' title='bbox 1552 1378 1958 1456; x_wconf 87' lang='lat' dir='ltr'>intromittat,</span> <span class='ocrx_word' id='word_1_80' title='bbox 1991 1377 2110 1442; x_wconf 90' lang='lat' dir='ltr'>nisi</span> <span class='ocrx_word' id='word_1_81' title='bbox 2141 1400 2258 1464; x_wconf 88' lang='lat' dir='ltr'>per</span> <span class='ocrx_word' id='word_1_82' title='bbox 2286 1400 2666 1445; x_wconf 89' lang='lat' dir='ltr'>consensum</span> <span class='ocrx_word' id='word_1_83' title='bbox 2700 1392 2773 1444; x_wconf 86' lang='lat' dir='ltr'>et</span> 
     </span>
     <span class='ocr_line' id='line_1_11' title="bbox 468 1464 2778 1543; baseline -0.004 -2"><span class='ocrx_word' id='word_1_84' title='bbox 468 1471 801 1543; x_wconf 76' lang='lat' dir='ltr'>licenciam</span> <span class='ocrx_word' id='word_1_85' title='bbox 868 1490 1114 1533; x_wconf 87' lang='lat' dir='ltr'>eorum.</span> <span class='ocrx_word' id='word_1_86' title='bbox 1252 1466 1341 1531; x_wconf 91' lang='lat' dir='ltr'>Et</span> <span class='ocrx_word' id='word_1_87' title='bbox 1403 1488 1628 1531; x_wconf 86' lang='lat' dir='ltr'>omnes</span> <span class='ocrx_word' id='word_1_88' title='bbox 1699 1464 2000 1531; x_wconf 87' lang='lat' dir='ltr'>ecclesias</span> <span class='ocrx_word' id='word_1_89' title='bbox 2071 1488 2218 1531; x_wconf 83' lang='lat' dir='ltr'>suas</span> <span class='ocrx_word' id='word_1_90' title='bbox 2269 1467 2334 1529; x_wconf 91' lang='lat' dir='ltr'>in</span> <span class='ocrx_word' id='word_1_91' title='bbox 2393 1489 2590 1532; x_wconf 87' lang='lat' dir='ltr'>manu</span> <span class='ocrx_word' id='word_1_92' title='bbox 2652 1488 2778 1532; x_wconf 84' lang='lat' dir='ltr'>sua</span> 
     </span>
     <span class='ocr_line' id='line_1_12' title="bbox 474 1553 2776 1641; baseline -0.004 -14"><span class='ocrx_word' id='word_1_93' title='bbox 474 1558 651 1629; x_wconf 90' lang='lat' dir='ltr'>omni</span> <span class='ocrx_word' id='word_1_94' title='bbox 701 1570 995 1641; x_wconf 88' lang='lat' dir='ltr'>tempore</span> <span class='ocrx_word' id='word_1_95' title='bbox 1042 1554 1346 1630; x_wconf 87' lang='lat' dir='ltr'>habeant,</span> <span class='ocrx_word' id='word_1_96' title='bbox 1402 1567 1475 1619; x_wconf 88' lang='lat' dir='ltr'>ut</span> <span class='ocrx_word' id='word_1_97' title='bbox 1527 1554 1610 1617; x_wconf 89' lang='lat' dir='ltr'>de</span> <span class='ocrx_word' id='word_1_98' title='bbox 1654 1553 1770 1631; x_wconf 88' lang='lat' dir='ltr'>eis,</span> <span class='ocrx_word' id='word_1_99' title='bbox 1803 1566 2114 1639; x_wconf 88' lang='lat' dir='ltr'>quantum</span> <span class='ocrx_word' id='word_1_100' title='bbox 2139 1554 2444 1639; x_wconf 79' lang='lat' dir='ltr'>poterint,</span> <span class='ocrx_word' id='word_1_101' title='bbox 2478 1554 2776 1620; x_wconf 88' lang='lat' dir='ltr'>redditus</span> 
     </span>
     <span class='ocr_line' id='line_1_13' title="bbox 474 1640 2778 1729; baseline -0.003 -14"><span class='ocrx_word' id='word_1_102' title='bbox 474 1669 625 1715; x_wconf 81' lang='lat' dir='ltr'>suos</span> <span class='ocrx_word' id='word_1_103' title='bbox 674 1665 928 1729; x_wconf 82' lang='lat' dir='ltr'>semper</span> <span class='ocrx_word' id='word_1_104' title='bbox 972 1655 1383 1717; x_wconf 76' lang='lat' dir='ltr'>accrescant3</span> <span class='ocrx_word' id='word_1_105' title='bbox 1430 1653 1497 1705; x_wconf 89' lang='lat' dir='ltr'>et</span> <span class='ocrx_word' id='word_1_106' title='bbox 1542 1640 1803 1725; x_wconf 80' lang='lat' dir='ltr'>insuper</span> <span class='ocrx_word' id='word_1_107' title='bbox 1854 1662 2081 1706; x_wconf 86' lang='lat' dir='ltr'>omnes</span> <span class='ocrx_word' id='word_1_108' title='bbox 2127 1641 2281 1706; x_wconf 84' lang='lat' dir='ltr'>alias</span> <span class='ocrx_word' id='word_1_109' title='bbox 2325 1641 2674 1727; x_wconf 80' lang='lat' dir='ltr'>dignitates</span> <span class='ocrx_word' id='word_1_110' title='bbox 2703 1654 2778 1709; x_wconf 86' lang='lat' dir='ltr'>et</span> 
     </span>
     <span class='ocr_line' id='line_1_14' title="bbox 472 1728 2782 1816; baseline -0.003 -14"><span class='ocrx_word' id='word_1_111' title='bbox 472 1736 829 1810; x_wconf 85' lang='lat' dir='ltr'>libertates,</span> <span class='ocrx_word' id='word_1_112' title='bbox 878 1752 1033 1816; x_wconf 85' lang='lat' dir='ltr'>quas</span> <span class='ocrx_word' id='word_1_113' title='bbox 1082 1728 1438 1813; x_wconf 85' lang='lat' dir='ltr'>Episcopus</span> <span class='ocrx_word' id='word_1_114' title='bbox 1488 1728 1884 1795; x_wconf 85' lang='lat' dir='ltr'>Willielmus</span> <span class='ocrx_word' id='word_1_115' title='bbox 1931 1728 2021 1793; x_wconf 86' lang='lat' dir='ltr'>eis</span> <span class='ocrx_word' id='word_1_116' title='bbox 2079 1729 2418 1798; x_wconf 82' lang='lat' dir='ltr'>concessit.</span> <span class='ocrx_word' id='word_1_117' title='bbox 2519 1730 2600 1794; x_wconf 81' lang='lat' dir='ltr'>Et</span> <span class='ocrx_word' id='word_1_118' title='bbox 2637 1752 2782 1795; x_wconf 85' lang='lat' dir='ltr'>sns-</span> 
     </span>
     <span class='ocr_line' id='line_1_15' title="bbox 478 1814 2784 1908; baseline -0.003 -20"><span class='ocrx_word' id='word_1_119' title='bbox 478 1820 648 1908; x_wconf 89' lang='lat' dir='ltr'>cipio</span> <span class='ocrx_word' id='word_1_120' title='bbox 679 1840 787 1885; x_wconf 79' lang='lat' dir='ltr'>eos</span> <span class='ocrx_word' id='word_1_121' title='bbox 819 1832 881 1883; x_wconf 85' lang='lat' dir='ltr'>et</span> <span class='ocrx_word' id='word_1_122' title='bbox 914 1838 1135 1883; x_wconf 88' lang='lat' dir='ltr'>omnes</span> <span class='ocrx_word' id='word_1_123' title='bbox 1167 1814 1590 1900; x_wconf 85' lang='lat' dir='ltr'>possessiones</span> <span class='ocrx_word' id='word_1_124' title='bbox 1621 1828 1688 1880; x_wconf 87' lang='lat' dir='ltr'>et</span> <span class='ocrx_word' id='word_1_125' title='bbox 1718 1836 1817 1879; x_wconf 89' lang='lat' dir='ltr'>res</span> <span class='ocrx_word' id='word_1_126' title='bbox 1848 1838 2071 1880; x_wconf 87' lang='lat' dir='ltr'>eorum</span> <span class='ocrx_word' id='word_1_127' title='bbox 2103 1815 2166 1879; x_wconf 89' lang='lat' dir='ltr'>in</span> <span class='ocrx_word' id='word_1_128' title='bbox 2191 1816 2604 1903; x_wconf 86' lang='lat' dir='ltr'>proteccione</span> <span class='ocrx_word' id='word_1_129' title='bbox 2629 1840 2784 1882; x_wconf 81' lang='lat' dir='ltr'>mea</span> 
     </span>
     <span class='ocr_line' id='line_1_16' title="bbox 480 1900 2782 1992; baseline -0.002 -19"><span class='ocrx_word' id='word_1_130' title='bbox 480 1925 549 1976; x_wconf 89' lang='lat' dir='ltr'>et</span> <span class='ocrx_word' id='word_1_131' title='bbox 600 1905 913 1973; x_wconf 86' lang='lat' dir='ltr'>custodia.</span> <span class='ocrx_word' id='word_1_132' title='bbox 1012 1901 1266 1969; x_wconf 79' lang='lat' dir='ltr'>Priores</span> <span class='ocrx_word' id='word_1_133' title='bbox 1315 1902 1517 1967; x_wconf 89' lang='lat' dir='ltr'>libera</span> <span class='ocrx_word' id='word_1_134' title='bbox 1559 1900 1828 1968; x_wconf 85' lang='lat' dir='ltr'>fratrum</span> <span class='ocrx_word' id='word_1_135' title='bbox 1881 1906 2215 1968; x_wconf 75' lang='lat' dir='ltr'>voluntate</span> <span class='ocrx_word' id='word_1_136' title='bbox 2261 1904 2603 1989; x_wconf 76' lang='lat' dir='ltr'>eligantur,</span> <span class='ocrx_word' id='word_1_137' title='bbox 2663 1908 2782 1992; x_wconf 88' lang='lat' dir='ltr'>qui</span> 
     </span>
     <span class='ocr_line' id='line_1_17' title="bbox 484 1990 2781 2079; baseline -0.002 -16"><span class='ocrx_word' id='word_1_138' title='bbox 484 1996 729 2063; x_wconf 88' lang='lat' dir='ltr'>cunctis</span> <span class='ocrx_word' id='word_1_139' title='bbox 782 1992 1010 2059; x_wconf 88' lang='lat' dir='ltr'>diebus</span> <span class='ocrx_word' id='word_1_140' title='bbox 1063 1991 1195 2054; x_wconf 89' lang='lat' dir='ltr'>suis</span> <span class='ocrx_word' id='word_1_141' title='bbox 1247 2012 1365 2057; x_wconf 85' lang='lat' dir='ltr'>sua</span> <span class='ocrx_word' id='word_1_142' title='bbox 1392 1990 1712 2079; x_wconf 84' lang='lat' dir='ltr'>dignitate</span> <span class='ocrx_word' id='word_1_143' title='bbox 1757 1990 1956 2055; x_wconf 87' lang='lat' dir='ltr'>libere</span> <span class='ocrx_word' id='word_1_144' title='bbox 2000 2004 2066 2055; x_wconf 90' lang='lat' dir='ltr'>et</span> <span class='ocrx_word' id='word_1_145' title='bbox 2093 1990 2312 2078; x_wconf 87' lang='lat' dir='ltr'>quiete</span> <span class='ocrx_word' id='word_1_146' title='bbox 2341 1992 2781 2077; x_wconf 82' lang='lat' dir='ltr'>perfruantur.</span> 
     </span>
     <span class='ocr_line' id='line_1_18' title="bbox 488 2076 2788 2165; baseline -0.003 -14"><span class='ocrx_word' id='word_1_147' title='bbox 488 2084 654 2151; x_wconf 85' lang='lat' dir='ltr'>Haec</span> <span class='ocrx_word' id='word_1_148' title='bbox 686 2094 751 2149; x_wconf 88' lang='lat' dir='ltr'>et</span> <span class='ocrx_word' id='word_1_149' title='bbox 780 2078 999 2145; x_wconf 89' lang='lat' dir='ltr'>omnia</span> <span class='ocrx_word' id='word_1_150' title='bbox 1048 2078 1195 2155; x_wconf 88' lang='lat' dir='ltr'>alia,</span> <span class='ocrx_word' id='word_1_151' title='bbox 1244 2099 1390 2165; x_wconf 83' lang='lat' dir='ltr'>quae</span> <span class='ocrx_word' id='word_1_152' title='bbox 1432 2076 1495 2143; x_wconf 88' lang='lat' dir='ltr'>in</span> <span class='ocrx_word' id='word_1_153' title='bbox 1529 2079 1828 2161; x_wconf 86' lang='lat' dir='ltr'>praesenti</span> <span class='ocrx_word' id='word_1_154' title='bbox 1859 2077 2190 2163; x_wconf 88' lang='lat' dir='ltr'>possident</span> <span class='ocrx_word' id='word_1_155' title='bbox 2221 2081 2318 2143; x_wconf 86' lang='lat' dir='ltr'>vel</span> <span class='ocrx_word' id='word_1_156' title='bbox 2353 2080 2416 2143; x_wconf 91' lang='lat' dir='ltr'>in</span> <span class='ocrx_word' id='word_1_157' title='bbox 2450 2094 2788 2165; x_wconf 85' lang='lat' dir='ltr'>posterum</span> 
     </span>
     <span class='ocr_line' id='line_1_19' title="bbox 486 2165 2794 2258; baseline -0.003 -19"><span class='ocrx_word' id='word_1_158' title='bbox 486 2169 823 2258; x_wconf 79' lang='lat' dir='ltr'>adquirere</span> <span class='ocrx_word' id='word_1_159' title='bbox 860 2168 1032 2252; x_wconf 87' lang='lat' dir='ltr'>juste</span> <span class='ocrx_word' id='word_1_160' title='bbox 1078 2166 1383 2250; x_wconf 87' lang='lat' dir='ltr'>poterint,</span> <span class='ocrx_word' id='word_1_161' title='bbox 1417 2167 1551 2229; x_wconf 86' lang='lat' dir='ltr'>sive</span> <span class='ocrx_word' id='word_1_162' title='bbox 1583 2165 1666 2229; x_wconf 91' lang='lat' dir='ltr'>de</span> <span class='ocrx_word' id='word_1_163' title='bbox 1695 2165 1971 2251; x_wconf 86' lang='lat' dir='ltr'>pecnnia</span> <span class='ocrx_word' id='word_1_164' title='bbox 1999 2168 2202 2231; x_wconf 89' lang='lat' dir='ltr'>sancti</span> <span class='ocrx_word' id='word_1_165' title='bbox 2237 2166 2580 2231; x_wconf 87' lang='lat' dir='ltr'>Cuthberti</span> <span class='ocrx_word' id='word_1_166' title='bbox 2611 2190 2794 2232; x_wconf 88' lang='lat' dir='ltr'>eme-</span> 
     </span>
     <span class='ocr_line' id='line_1_20' title="bbox 486 2252 2790 2338; baseline -0.003 -14"><span class='ocrx_word' id='word_1_167' title='bbox 486 2258 637 2335; x_wconf 88' lang='lat' dir='ltr'>rint,</span> <span class='ocrx_word' id='word_1_168' title='bbox 672 2256 755 2323; x_wconf 88' lang='lat' dir='ltr'>ad</span> <span class='ocrx_word' id='word_1_169' title='bbox 809 2255 1122 2319; x_wconf 87' lang='lat' dir='ltr'>honorem</span> <span class='ocrx_word' id='word_1_170' title='bbox 1176 2266 1241 2317; x_wconf 92' lang='lat' dir='ltr'>et</span> <span class='ocrx_word' id='word_1_171' title='bbox 1294 2255 1381 2318; x_wconf 93' lang='lat' dir='ltr'>ob</span> <span class='ocrx_word' id='word_1_172' title='bbox 1412 2274 1698 2319; x_wconf 85' lang='lat' dir='ltr'>amorem</span> <span class='ocrx_word' id='word_1_173' title='bbox 1747 2252 2040 2338; x_wconf 88' lang='lat' dir='ltr'>praedicti</span> <span class='ocrx_word' id='word_1_174' title='bbox 2089 2254 2328 2333; x_wconf 88' lang='lat' dir='ltr'>Sancti,</span> <span class='ocrx_word' id='word_1_175' title='bbox 2365 2255 2429 2319; x_wconf 89' lang='lat' dir='ltr'>in</span> <span class='ocrx_word' id='word_1_176' title='bbox 2473 2255 2790 2333; x_wconf 83' lang='lat' dir='ltr'>ecclesiis,</span> 
     </span>
     <span class='ocr_line' id='line_1_21' title="bbox 488 2338 2796 2428; baseline -0.002 -17"><span class='ocrx_word' id='word_1_177' title='bbox 488 2344 673 2413; x_wconf 84' lang='lat' dir='ltr'>terris</span> <span class='ocrx_word' id='word_1_178' title='bbox 706 2360 771 2408; x_wconf 89' lang='lat' dir='ltr'>et</span> <span class='ocrx_word' id='word_1_179' title='bbox 800 2341 1000 2428; x_wconf 77' lang='lat' dir='ltr'>aquiS,</span> <span class='ocrx_word' id='word_1_180' title='bbox 1036 2338 1219 2417; x_wconf 83' lang='lat' dir='ltr'>villis,</span> <span class='ocrx_word' id='word_1_181' title='bbox 1264 2341 1477 2425; x_wconf 85' lang='lat' dir='ltr'>planis</span> <span class='ocrx_word' id='word_1_182' title='bbox 1523 2353 1591 2403; x_wconf 92' lang='lat' dir='ltr'>et</span> <span class='ocrx_word' id='word_1_183' title='bbox 1633 2342 1930 2424; x_wconf 87' lang='lat' dir='ltr'>pasturis,</span> <span class='ocrx_word' id='word_1_184' title='bbox 1965 2340 2370 2420; x_wconf 85' lang='lat' dir='ltr'>molendinis,</span> <span class='ocrx_word' id='word_1_185' title='bbox 2403 2365 2548 2407; x_wconf 91' lang='lat' dir='ltr'>cum</span> <span class='ocrx_word' id='word_1_186' title='bbox 2579 2366 2687 2407; x_wconf 86' lang='lat' dir='ltr'>sac.</span> <span class='ocrx_word' id='word_1_187' title='bbox 2719 2358 2796 2407; x_wconf 85' lang='lat' dir='ltr'>et</span> 
     </span>
     <span class='ocr_line' id='line_1_22' title="bbox 489 2426 2798 2515; baseline -0.002 -14"><span class='ocrx_word' id='word_1_188' title='bbox 489 2456 621 2511; x_wconf 89' lang='lat' dir='ltr'>soc,</span> <span class='ocrx_word' id='word_1_189' title='bbox 654 2430 745 2499; x_wconf 89' lang='lat' dir='ltr'>tol</span> <span class='ocrx_word' id='word_1_190' title='bbox 794 2444 857 2495; x_wconf 88' lang='lat' dir='ltr'>et</span> <span class='ocrx_word' id='word_1_191' title='bbox 887 2442 1016 2493; x_wconf 91' lang='lat' dir='ltr'>tem</span> <span class='ocrx_word' id='word_1_192' title='bbox 1048 2442 1113 2491; x_wconf 91' lang='lat' dir='ltr'>et</span> <span class='ocrx_word' id='word_1_193' title='bbox 1144 2426 1563 2515; x_wconf 82' lang='lat' dir='ltr'>infangethef,</span> <span class='ocrx_word' id='word_1_194' title='bbox 1598 2442 1663 2491; x_wconf 89' lang='lat' dir='ltr'>et</span> <span class='ocrx_word' id='word_1_195' title='bbox 1713 2442 1781 2492; x_wconf 86' lang='lat' dir='ltr'>ut</span> <span class='ocrx_word' id='word_1_196' title='bbox 1827 2428 2066 2493; x_wconf 86' lang='lat' dir='ltr'>curiam</span> <span class='ocrx_word' id='word_1_197' title='bbox 2115 2451 2292 2495; x_wconf 89' lang='lat' dir='ltr'>suam</span> <span class='ocrx_word' id='word_1_198' title='bbox 2339 2430 2691 2515; x_wconf 85' lang='lat' dir='ltr'>plenariam</span> <span class='ocrx_word' id='word_1_199' title='bbox 2723 2448 2798 2496; x_wconf 86' lang='lat' dir='ltr'>et</span> 
     </span>
     <span class='ocr_line' id='line_1_23' title="bbox 490 2514 2796 2601; baseline -0.001 -17"><span class='ocrx_word' id='word_1_200' title='bbox 490 2520 741 2585; x_wconf 83' lang='lat' dir='ltr'>wrecch</span> <span class='ocrx_word' id='word_1_201' title='bbox 772 2517 835 2580; x_wconf 89' lang='lat' dir='ltr'>in</span> <span class='ocrx_word' id='word_1_202' title='bbox 869 2530 1038 2581; x_wconf 87' lang='lat' dir='ltr'>terra</span> <span class='ocrx_word' id='word_1_203' title='bbox 1083 2536 1197 2579; x_wconf 89' lang='lat' dir='ltr'>sua</span> <span class='ocrx_word' id='word_1_204' title='bbox 1226 2514 1424 2581; x_wconf 85' lang='lat' dir='ltr'>libere</span> <span class='ocrx_word' id='word_1_205' title='bbox 1448 2529 1515 2579; x_wconf 91' lang='lat' dir='ltr'>et</span> <span class='ocrx_word' id='word_1_206' title='bbox 1547 2517 1766 2601; x_wconf 90' lang='lat' dir='ltr'>quiete</span> <span class='ocrx_word' id='word_1_207' title='bbox 1797 2516 2265 2601; x_wconf 87' lang='lat' dir='ltr'>imperpetuum</span> <span class='ocrx_word' id='word_1_208' title='bbox 2299 2517 2600 2597; x_wconf 86' lang='lat' dir='ltr'>habeant,</span> <span class='ocrx_word' id='word_1_209' title='bbox 2634 2540 2796 2583; x_wconf 87' lang='lat' dir='ltr'>con-</span> 
     </span>
     <span class='ocr_line' id='line_1_24' title="bbox 492 2600 2799 2691; baseline -0.002 -17"><span class='ocrx_word' id='word_1_210' title='bbox 492 2609 656 2674; x_wconf 88' lang='lat' dir='ltr'>cedo</span> <span class='ocrx_word' id='word_1_211' title='bbox 686 2622 751 2671; x_wconf 90' lang='lat' dir='ltr'>et</span> <span class='ocrx_word' id='word_1_212' title='bbox 775 2604 1108 2669; x_wconf 83' lang='lat' dir='ltr'>confirmo.</span> <span class='ocrx_word' id='word_1_213' title='bbox 1209 2600 1522 2683; x_wconf 86' lang='lat' dir='ltr'>Praecipio</span> <span class='ocrx_word' id='word_1_214' title='bbox 1568 2603 1766 2667; x_wconf 87' lang='lat' dir='ltr'>eciam</span> <span class='ocrx_word' id='word_1_215' title='bbox 1815 2618 1886 2668; x_wconf 88' lang='lat' dir='ltr'>ut</span> <span class='ocrx_word' id='word_1_216' title='bbox 1929 2604 2116 2667; x_wconf 88' lang='lat' dir='ltr'>liberi</span> <span class='ocrx_word' id='word_1_217' title='bbox 2148 2617 2212 2668; x_wconf 90' lang='lat' dir='ltr'>et</span> <span class='ocrx_word' id='word_1_218' title='bbox 2244 2604 2442 2691; x_wconf 88' lang='lat' dir='ltr'>quieti</span> <span class='ocrx_word' id='word_1_219' title='bbox 2472 2605 2799 2691; x_wconf 84' lang='lat' dir='ltr'>imperpe-</span> 
     </span>
     <span class='ocr_line' id='line_1_25' title="bbox 498 2688 2798 2774; baseline -0.001 -14"><span class='ocrx_word' id='word_1_220' title='bbox 498 2714 677 2760; x_wconf 88' lang='lat' dir='ltr'>tuum</span> <span class='ocrx_word' id='word_1_221' title='bbox 732 2714 877 2756; x_wconf 90' lang='lat' dir='ltr'>cum</span> <span class='ocrx_word' id='word_1_222' title='bbox 928 2689 1293 2754; x_wconf 87' lang='lat' dir='ltr'>hominibus</span> <span class='ocrx_word' id='word_1_223' title='bbox 1354 2688 1482 2753; x_wconf 85' lang='lat' dir='ltr'>suis</span> <span class='ocrx_word' id='word_1_224' title='bbox 1534 2690 1783 2774; x_wconf 88' lang='lat' dir='ltr'>penitus</span> <span class='ocrx_word' id='word_1_225' title='bbox 1833 2690 1960 2754; x_wconf 85' lang='lat' dir='ltr'>sint</span> <span class='ocrx_word' id='word_1_226' title='bbox 2013 2692 2096 2755; x_wconf 91' lang='lat' dir='ltr'>ab</span> <span class='ocrx_word' id='word_1_227' title='bbox 2143 2692 2440 2757; x_wconf 90' lang='lat' dir='ltr'>omnibus</span> <span class='ocrx_word' id='word_1_228' title='bbox 2485 2694 2798 2771; x_wconf 72' lang='lat' dir='ltr'>exitibuS,</span> 
     </span>
     <span class='ocr_line' id='line_1_26' title="bbox 498 2776 2806 2855; baseline -0.002 -7"><span class='ocrx_word' id='word_1_229' title='bbox 498 2780 967 2855; x_wconf 83' lang='lat' dir='ltr'>exaccionibus,</span> <span class='ocrx_word' id='word_1_230' title='bbox 1002 2776 1378 2852; x_wconf 78' lang='lat' dir='ltr'>redditibuS,</span> <span class='ocrx_word' id='word_1_231' title='bbox 1416 2776 1731 2855; x_wconf 84' lang='lat' dir='ltr'>theloniis‚</span> <span class='ocrx_word' id='word_1_232' title='bbox 1779 2792 1847 2841; x_wconf 83' lang='lat' dir='ltr'>et</span> <span class='ocrx_word' id='word_1_233' title='bbox 1895 2780 2190 2843; x_wconf 89' lang='lat' dir='ltr'>omnibus</span> <span class='ocrx_word' id='word_1_234' title='bbox 2223 2781 2806 2847; x_wconf 85' lang='lat' dir='ltr'>consuetudinibus</span> 
     </span>
     <span class='ocr_line' id='line_1_27' title="bbox 499 2864 2804 2954; baseline 0 -20"><span class='ocrx_word' id='word_1_235' title='bbox 499 2870 729 2934; x_wconf 90' lang='lat' dir='ltr'>ceteris</span> <span class='ocrx_word' id='word_1_236' title='bbox 775 2866 965 2950; x_wconf 86' lang='lat' dir='ltr'>regiis</span> <span class='ocrx_word' id='word_1_237' title='bbox 1018 2888 1164 2948; x_wconf 82' lang='lat' dir='ltr'>quae</span> <span class='ocrx_word' id='word_1_238' title='bbox 1205 2864 1289 2929; x_wconf 88' lang='lat' dir='ltr'>ad</span> <span class='ocrx_word' id='word_1_239' title='bbox 1342 2886 1646 2928; x_wconf 85' lang='lat' dir='ltr'>coronam</span> <span class='ocrx_word' id='word_1_240' title='bbox 1681 2888 1888 2935; x_wconf 80' lang='lat' dir='ltr'>meam</span> <span class='ocrx_word' id='word_1_241' title='bbox 1921 2865 1986 2929; x_wconf 87' lang='lat' dir='ltr'>in</span> <span class='ocrx_word' id='word_1_242' title='bbox 2034 2888 2234 2951; x_wconf 86' lang='lat' dir='ltr'>regno</span> <span class='ocrx_word' id='word_1_243' title='bbox 2277 2890 2422 2933; x_wconf 90' lang='lat' dir='ltr'>meo</span> <span class='ocrx_word' id='word_1_244' title='bbox 2451 2870 2804 2954; x_wconf 88' lang='lat' dir='ltr'>pertinent.</span> 
     </span>
     <span class='ocr_line' id='line_1_28' title="bbox 511 2951 2808 3040; baseline -0.001 -18"><span class='ocrx_word' id='word_1_245' title='bbox 511 2958 751 3023; x_wconf 84' lang='lat' dir='ltr'>Omnes</span> <span class='ocrx_word' id='word_1_246' title='bbox 772 2954 1169 3040; x_wconf 71' lang='lat' dir='ltr'>praescriptas</span> <span class='ocrx_word' id='word_1_247' title='bbox 1202 2952 1532 3017; x_wconf 87' lang='lat' dir='ltr'>libertates</span> <span class='ocrx_word' id='word_1_248' title='bbox 1564 2966 1630 3015; x_wconf 88' lang='lat' dir='ltr'>et</span> <span class='ocrx_word' id='word_1_249' title='bbox 1659 2951 2009 3037; x_wconf 83' lang='lat' dir='ltr'>dignitates</span> <span class='ocrx_word' id='word_1_250' title='bbox 2045 2953 2190 3019; x_wconf 88' lang='lat' dir='ltr'>Deo</span> <span class='ocrx_word' id='word_1_251' title='bbox 2221 2969 2286 3019; x_wconf 89' lang='lat' dir='ltr'>et</span> <span class='ocrx_word' id='word_1_252' title='bbox 2315 2958 2551 3021; x_wconf 85' lang='lat' dir='ltr'>Sancto</span> <span class='ocrx_word' id='word_1_253' title='bbox 2589 2957 2808 3021; x_wconf 84' lang='lat' dir='ltr'>Cuth-</span> 
     </span>
     <span class='ocr_line' id='line_1_29' title="bbox 499 3040 2812 3129; baseline -0.001 -18"><span class='ocrx_word' id='word_1_254' title='bbox 499 3048 710 3121; x_wconf 89' lang='lat' dir='ltr'>bert0,</span> <span class='ocrx_word' id='word_1_255' title='bbox 744 3064 863 3128; x_wconf 90' lang='lat' dir='ltr'>pro</span> <span class='ocrx_word' id='word_1_256' title='bbox 890 3042 1098 3107; x_wconf 88' lang='lat' dir='ltr'>salute</span> <span class='ocrx_word' id='word_1_257' title='bbox 1144 3040 1373 3105; x_wconf 83' lang='lat' dir='ltr'>animae</span> <span class='ocrx_word' id='word_1_258' title='bbox 1404 3062 1568 3103; x_wconf 85' lang='lat' dir='ltr'>meae</span> <span class='ocrx_word' id='word_1_259' title='bbox 1600 3052 1666 3104; x_wconf 90' lang='lat' dir='ltr'>et</span> <span class='ocrx_word' id='word_1_260' title='bbox 1697 3040 1972 3105; x_wconf 84' lang='lat' dir='ltr'>filiorum</span> <span class='ocrx_word' id='word_1_261' title='bbox 2007 3062 2319 3120; x_wconf 86' lang='lat' dir='ltr'>meorum,</span> <span class='ocrx_word' id='word_1_262' title='bbox 2353 3065 2440 3107; x_wconf 86' lang='lat' dir='ltr'>ex</span> <span class='ocrx_word' id='word_1_263' title='bbox 2469 3058 2812 3129; x_wconf 85' lang='lat' dir='ltr'>praecepto</span> 
     </span>
     <span class='ocr_line' id='line_1_30' title="bbox 502 3126 2813 3215; baseline -0.002 -15"><span class='ocrx_word' id='word_1_264' title='bbox 502 3149 570 3200; x_wconf 85' lang='lat' dir='ltr'>et</span> <span class='ocrx_word' id='word_1_265' title='bbox 622 3130 1006 3198; x_wconf 76' lang='lat' dir='ltr'>auctoritate</span> <span class='ocrx_word' id='word_1_266' title='bbox 1042 3128 1240 3213; x_wconf 82' lang='lat' dir='ltr'>Papae</span> <span class='ocrx_word' id='word_1_267' title='bbox 1287 3126 1602 3211; x_wconf 89' lang='lat' dir='ltr'>praedicti,</span> <span class='ocrx_word' id='word_1_268' title='bbox 1636 3126 2088 3192; x_wconf 82' lang='lat' dir='ltr'>inviolabiliter</span> <span class='ocrx_word' id='word_1_269' title='bbox 2133 3128 2600 3215; x_wconf 87' lang='lat' dir='ltr'>imperpetuum</span> <span class='ocrx_word' id='word_1_270' title='bbox 2645 3155 2813 3197; x_wconf 82' lang='lat' dir='ltr'>con·-</span> 
     </span>
     <span class='ocr_line' id='line_1_31' title="bbox 502 3214 2818 3304; baseline -0.001 -17"><span class='ocrx_word' id='word_1_271' title='bbox 502 3219 740 3287; x_wconf 86' lang='lat' dir='ltr'>servari</span> <span class='ocrx_word' id='word_1_272' title='bbox 771 3217 1099 3304; x_wconf 83' lang='lat' dir='ltr'>praecipio.</span> <span class='ocrx_word' id='word_1_273' title='bbox 1192 3215 1280 3279; x_wconf 92' lang='lat' dir='ltr'>Et</span> <span class='ocrx_word' id='word_1_274' title='bbox 1312 3230 1386 3278; x_wconf 89' lang='lat' dir='ltr'>ut</span> <span class='ocrx_word' id='word_1_275' title='bbox 1416 3214 1556 3279; x_wconf 85' lang='lat' dir='ltr'>haec</span> <span class='ocrx_word' id='word_1_276' title='bbox 1580 3215 1994 3280; x_wconf 85' lang='lat' dir='ltr'>confirmacio</span> <span class='ocrx_word' id='word_1_277' title='bbox 2026 3238 2167 3281; x_wconf 86' lang='lat' dir='ltr'>mea</span> <span class='ocrx_word' id='word_1_278' title='bbox 2199 3218 2261 3281; x_wconf 90' lang='lat' dir='ltr'>in</span> <span class='ocrx_word' id='word_1_279' title='bbox 2285 3234 2577 3283; x_wconf 89' lang='lat' dir='ltr'>eternum</span> <span class='ocrx_word' id='word_1_280' title='bbox 2615 3220 2818 3285; x_wconf 80' lang='lat' dir='ltr'>firma</span> 
     </span>
     <span class='ocr_line' id='line_1_32' title="bbox 502 3302 2814 3395; baseline -0.001 -22"><span class='ocrx_word' id='word_1_281' title='bbox 502 3319 899 3395; x_wconf 86' lang='lat' dir='ltr'>permaneat,</span> <span class='ocrx_word' id='word_1_282' title='bbox 932 3317 1312 3388; x_wconf 83' lang='lat' dir='ltr'>proesentem</span> <span class='ocrx_word' id='word_1_283' title='bbox 1345 3318 1586 3367; x_wconf 86' lang='lat' dir='ltr'>cartam</span> <span class='ocrx_word' id='word_1_284' title='bbox 1617 3302 1877 3388; x_wconf 90' lang='lat' dir='ltr'>propria</span> <span class='ocrx_word' id='word_1_285' title='bbox 1899 3326 2092 3367; x_wconf 88' lang='lat' dir='ltr'>manu</span> <span class='ocrx_word' id='word_1_286' title='bbox 2116 3304 2302 3389; x_wconf 87' lang='lat' dir='ltr'>signo</span> <span class='ocrx_word' id='word_1_287' title='bbox 2325 3319 2566 3371; x_wconf 86' lang='lat' dir='ltr'>sanctae</span> <span class='ocrx_word' id='word_1_288' title='bbox 2597 3310 2814 3371; x_wconf 86' lang='lat' dir='ltr'>crucis</span> 
     </span>
     <span class='ocr_line' id='line_1_33' title="bbox 510 3389 2816 3481; baseline -0.001 -20"><span class='ocrx_word' id='word_1_289' title='bbox 510 3394 799 3481; x_wconf 86' lang='lat' dir='ltr'>impressi</span> <span class='ocrx_word' id='word_1_290' title='bbox 828 3406 897 3456; x_wconf 89' lang='lat' dir='ltr'>et</span> <span class='ocrx_word' id='word_1_291' title='bbox 926 3389 1322 3457; x_wconf 86' lang='lat' dir='ltr'>confirmavi.</span> <span class='ocrx_word' id='word_1_292' title='bbox 1422 3390 1587 3455; x_wconf 84' lang='lat' dir='ltr'>Haec</span> <span class='ocrx_word' id='word_1_293' title='bbox 1616 3402 1796 3455; x_wconf 87' lang='lat' dir='ltr'>carta</span> <span class='ocrx_word' id='word_1_294' title='bbox 1829 3392 2208 3457; x_wconf 83' lang='lat' dir='ltr'>confirmata</span> <span class='ocrx_word' id='word_1_295' title='bbox 2237 3408 2337 3458; x_wconf 89' lang='lat' dir='ltr'>est</span> <span class='ocrx_word' id='word_1_296' title='bbox 2365 3393 2542 3480; x_wconf 88' lang='lat' dir='ltr'>apud</span> <span class='ocrx_word' id='word_1_297' title='bbox 2581 3394 2816 3459; x_wconf 85' lang='lat' dir='ltr'>West-</span> 
     </span>
     <span class='ocr_line' id='line_1_34' title="bbox 508 3476 2820 3574; baseline 0 -28"><span class='ocrx_word' id='word_1_298' title='bbox 508 3478 967 3546; x_wconf 81' lang='lat' dir='ltr'>monasterium</span> <span class='ocrx_word' id='word_1_299' title='bbox 1000 3480 1063 3541; x_wconf 92' lang='lat' dir='ltr'>in</span> <span class='ocrx_word' id='word_1_300' title='bbox 1102 3476 1395 3541; x_wconf 89' lang='lat' dir='ltr'>Concilio</span> <span class='ocrx_word' id='word_1_301' title='bbox 1428 3498 1595 3555; x_wconf 90' lang='lat' dir='ltr'>meo,</span> <span class='ocrx_word' id='word_1_302' title='bbox 1630 3500 1804 3543; x_wconf 87' lang='lat' dir='ltr'>anno</span> <span class='ocrx_word' id='word_1_303' title='bbox 1833 3479 2018 3566; x_wconf 89' lang='lat' dir='ltr'>regni</span> <span class='ocrx_word' id='word_1_304' title='bbox 2053 3480 2176 3544; x_wconf 91' lang='lat' dir='ltr'>mei</span> <span class='ocrx_word' id='word_1_305' title='bbox 2209 3488 2284 3545; x_wconf 60' lang='grc' dir='ltr'>κο</span> <span class='ocrx_word' id='word_1_306' title='bbox 2311 3480 2490 3574; x_wconf 79' lang='lat' dir='ltr'>viij⁰.,</span> <span class='ocrx_word' id='word_1_307' title='bbox 2526 3504 2820 3569; x_wconf 83' lang='lat' dir='ltr'>praesen-</span> 
     </span>
     <span class='ocr_line' id='line_1_35' title="bbox 510 3563 2075 3649; baseline -0.004 -12"><span class='ocrx_word' id='word_1_308' title='bbox 510 3570 681 3637; x_wconf 88' lang='lat' dir='ltr'>tibus</span> <span class='ocrx_word' id='word_1_309' title='bbox 713 3565 1006 3631; x_wconf 90' lang='lat' dir='ltr'>omnibus</span> <span class='ocrx_word' id='word_1_310' title='bbox 1050 3563 1377 3649; x_wconf 86' lang='lat' dir='ltr'>Episcopis</span> <span class='ocrx_word' id='word_1_311' title='bbox 1401 3578 1465 3628; x_wconf 91' lang='lat' dir='ltr'>et</span> <span class='ocrx_word' id='word_1_312' title='bbox 1500 3566 1865 3630; x_wconf 72' lang='lat' dir='ltr'>Bai-onibus</span> <span class='ocrx_word' id='word_1_313' title='bbox 1897 3566 2075 3633; x_wconf 77' lang='lat' dir='ltr'>meis,</span> 
     </span>
    </p>
   </div>
   <div class='ocr_carea' id='block_1_3' title="bbox 686 3738 2834 4617">
    <p class='ocr_par' dir='ltr' id='par_1_3' title="bbox 697 3738 1693 3829">
     <span class='ocr_line' id='line_1_36' title="bbox 697 3738 1693 3829; baseline -0.001 -23"><span class='ocrx_word' id='word_1_314' title='bbox 697 3741 969 3827; x_wconf 87' lang='lat' dir='ltr'>Signum</span> <span class='ocrx_word' id='word_1_315' title='bbox 1001 3738 1343 3803; x_wconf 89' lang='lat' dir='ltr'>Willielmi</span> <span class='ocrx_word' id='word_1_316' title='bbox 1377 3748 1440 3799; x_wconf 78' lang='lat'><strong>÷</strong></span> <span class='ocrx_word' id='word_1_317' title='bbox 1468 3738 1693 3829; x_wconf 78' lang='lat' dir='ltr'>Regis,</span> 
     </span>
    </p>

    <p class='ocr_par' dir='ltr' id='par_1_4' title="bbox 688 3825 2090 3919">
     <span class='ocr_line' id='line_1_37' title="bbox 688 3825 2090 3919; baseline -0.001 -27"><span class='ocrx_word' id='word_1_318' title='bbox 688 3846 755 3898; x_wconf 75' lang='grc' dir='ltr'>-ί-</span> <span class='ocrx_word' id='word_1_319' title='bbox 794 3827 1061 3913; x_wconf 86' lang='lat' dir='ltr'>Signum</span> <span class='ocrx_word' id='word_1_320' title='bbox 1101 3825 1351 3892; x_wconf 87' lang='lat' dir='ltr'>Odonis</span> <span class='ocrx_word' id='word_1_321' title='bbox 1386 3826 1756 3891; x_wconf 86' lang='lat' dir='ltr'>Baiocensis</span> <span class='ocrx_word' id='word_1_322' title='bbox 1788 3828 2090 3919; x_wconf 89' lang='lat' dir='ltr'>episcopi.</span> 
     </span>
    </p>

    <p class='ocr_par' dir='ltr' id='par_1_5' title="bbox 690 3913 1747 4001">
     <span class='ocr_line' id='line_1_38' title="bbox 690 3913 1747 4001; baseline -0.001 -18"><span class='ocrx_word' id='word_1_323' title='bbox 690 3924 756 3990; x_wconf 66' lang='grc'>-1-</span> <span class='ocrx_word' id='word_1_324' title='bbox 792 3916 1063 4001; x_wconf 88' lang='lat' dir='ltr'>Signum</span> <span class='ocrx_word' id='word_1_325' title='bbox 1096 3914 1412 3980; x_wconf 89' lang='lat' dir='ltr'>Osmundi</span> <span class='ocrx_word' id='word_1_326' title='bbox 1446 3913 1747 3999; x_wconf 88' lang='lat' dir='ltr'>episcopi.</span> 
     </span>
    </p>

    <p class='ocr_par' dir='ltr' id='par_1_6' title="bbox 686 4001 1973 4089">
     <span class='ocr_line' id='line_1_39' title="bbox 686 4001 1973 4089; baseline 0.001 -20"><span class='ocrx_word' id='word_1_327' title='bbox 686 4019 762 4085; x_wconf 73' lang='lat'>÷</span> <span class='ocrx_word' id='word_1_328' title='bbox 797 4006 1069 4089; x_wconf 89' lang='lat' dir='ltr'>Signum</span> <span class='ocrx_word' id='word_1_329' title='bbox 1106 4001 1445 4066; x_wconf 80' lang='lat' dir='ltr'>walkelini</span> <span class='ocrx_word' id='word_1_330' title='bbox 1479 4001 1973 4071; x_wconf 88' lang='lat' dir='ltr'>Wintoniensis.</span> 
     </span>
    </p>

    <p class='ocr_par' dir='ltr' id='par_1_7' title="bbox 697 4088 2046 4176">
     <span class='ocr_line' id='line_1_40' title="bbox 697 4088 2046 4176; baseline 0.002 -21"><span class='ocrx_word' id='word_1_331' title='bbox 697 4092 964 4176; x_wconf 82' lang='lat' dir='ltr'>Signum</span> <span class='ocrx_word' id='word_1_332' title='bbox 990 4090 1133 4154; x_wconf 91' lang='lat' dir='ltr'>Tur</span> <span class='ocrx_word' id='word_1_333' title='bbox 1176 4135 1193 4150; x_wconf 91' lang='lat'>.</span> <span class='ocrx_word' id='word_1_334' title='bbox 1245 4136 1260 4153; x_wconf 98' lang='lat'>.</span> <span class='ocrx_word' id='word_1_335' title='bbox 1310 4137 1326 4152; x_wconf 90' lang='lat'>.</span> <span class='ocrx_word' id='word_1_336' title='bbox 1376 4134 1391 4150; x_wconf 91' lang='lat'>.</span> <span class='ocrx_word' id='word_1_337' title='bbox 1425 4088 1629 4153; x_wconf 88' lang='lat' dir='ltr'>abatis</span> <span class='ocrx_word' id='word_1_338' title='bbox 1662 4090 2046 4158; x_wconf 77' lang='lat' dir='ltr'>Glastoniae.</span> 
     </span>
    </p>

    <p class='ocr_par' dir='ltr' id='par_1_8' title="bbox 691 4176 2834 4524">
     <span class='ocr_line' id='line_1_41' title="bbox 698 4176 2828 4263; baseline -0 -18"><span class='ocrx_word' id='word_1_339' title='bbox 698 4181 965 4263; x_wconf 89' lang='lat' dir='ltr'>Signum</span> <span class='ocrx_word' id='word_1_340' title='bbox 1000 4193 1063 4245; x_wconf 71' lang='lat' dir='ltr'>-t-</span> <span class='ocrx_word' id='word_1_341' title='bbox 1098 4176 1423 4242; x_wconf 85' lang='lat' dir='ltr'>Scollandi</span> <span class='ocrx_word' id='word_1_342' title='bbox 1455 4178 1729 4244; x_wconf 78' lang='lat' dir='ltr'>abbatis.</span> <span class='ocrx_word' id='word_1_343' title='bbox 2699 4188 2729 4201; x_wconf 81' lang='lat'>&#39;‘</span> <span class='ocrx_word' id='word_1_344' title='bbox 2759 4188 2828 4261; x_wconf 38' lang='lat'>“-</span> 
     </span>
     <span class='ocr_line' id='line_1_42' title="bbox 691 4263 2834 4353; baseline -0 -22"><span class='ocrx_word' id='word_1_345' title='bbox 691 4270 756 4331; x_wconf 81' lang='lat'>÷</span> <span class='ocrx_word' id='word_1_346' title='bbox 794 4266 1063 4350; x_wconf 88' lang='lat' dir='ltr'>Signum</span> <span class='ocrx_word' id='word_1_347' title='bbox 1097 4263 1332 4329; x_wconf 81' lang='lat' dir='ltr'>vitalis</span> <span class='ocrx_word' id='word_1_348' title='bbox 1364 4264 1614 4330; x_wconf 87' lang='lat' dir='ltr'>abbatis</span> <span class='ocrx_word' id='word_1_349' title='bbox 1653 4264 2231 4331; x_wconf 81' lang='lat' dir='ltr'>westmonasterii.</span> <span class='ocrx_word' id='word_1_350' title='bbox 2545 4280 2550 4291; x_wconf 83' lang='lat'><strong>·</strong></span> <span class='ocrx_word' id='word_1_351' title='bbox 2731 4274 2748 4353; x_wconf 52' lang='lat'>&#39;.</span> <span class='ocrx_word' id='word_1_352' title='bbox 2779 4274 2834 4331; x_wconf 72' lang='grc' dir='ltr'>..ῖῖ</span> 
     </span>
     <span class='ocr_line' id='line_1_43' title="bbox 699 4350 2235 4437; baseline 0.001 -18"><span class='ocrx_word' id='word_1_353' title='bbox 699 4356 963 4437; x_wconf 86' lang='lat' dir='ltr'>Signum</span> <span class='ocrx_word' id='word_1_354' title='bbox 1003 4352 1317 4416; x_wconf 87' lang='lat' dir='ltr'>Rodberti</span> <span class='ocrx_word' id='word_1_355' title='bbox 1350 4360 1415 4413; x_wconf 70' lang='lat' dir='ltr'>-t-</span> <span class='ocrx_word' id='word_1_356' title='bbox 1444 4350 1696 4416; x_wconf 87' lang='lat' dir='ltr'>comitis</span> <span class='ocrx_word' id='word_1_357' title='bbox 1726 4352 1808 4417; x_wconf 93' lang='lat' dir='ltr'>de</span> <span class='ocrx_word' id='word_1_358' title='bbox 1841 4352 2235 4420; x_wconf 79' lang='lat' dir='ltr'>Moretonia.</span> 
     </span>
     <span class='ocr_line' id='line_1_44' title="bbox 698 4438 1807 4524; baseline -0.003 -18"><span class='ocrx_word' id='word_1_359' title='bbox 698 4444 964 4524; x_wconf 89' lang='lat' dir='ltr'>Signum</span> <span class='ocrx_word' id='word_1_360' title='bbox 1004 4439 1263 4504; x_wconf 88' lang='lat' dir='ltr'>Ricardi</span> <span class='ocrx_word' id='word_1_361' title='bbox 1300 4454 1359 4504; x_wconf 68' lang='grc'>-4-</span> <span class='ocrx_word' id='word_1_362' title='bbox 1392 4438 1473 4503; x_wconf 88' lang='lat' dir='ltr'>de</span> <span class='ocrx_word' id='word_1_363' title='bbox 1509 4439 1807 4505; x_wconf 86' lang='lat' dir='ltr'>Cureeio.</span> 
     </span>
    </p>

    <p class='ocr_par' dir='ltr' id='par_1_9' title="bbox 696 4524 1697 4617">
     <span class='ocr_line' id='line_1_45' title="bbox 696 4524 1697 4617; baseline -0.002 -24"><span class='ocrx_word' id='word_1_364' title='bbox 696 4530 966 4617; x_wconf 84' lang='lat' dir='ltr'>Signum</span> <span class='ocrx_word' id='word_1_365' title='bbox 1006 4526 1278 4593; x_wconf 79' lang='lat' dir='ltr'>Ursonis</span> <span class='ocrx_word' id='word_1_366' title='bbox 1311 4524 1391 4591; x_wconf 87' lang='lat' dir='ltr'>de</span> <span class='ocrx_word' id='word_1_367' title='bbox 1427 4526 1697 4591; x_wconf 88' lang='lat' dir='ltr'>Abetot.</span> 
     </span>
    </p>
   </div>
   <div class='ocr_carea' id='block_1_4' title="bbox 2959 379 2979 1765">
    <p class='ocr_par' dir='ltr' id='par_1_10' title="bbox 2959 379 2979 1765">
     <span class='ocr_line' id='line_1_46' title="bbox 2959 379 2979 1765; baseline 0 0"><span class='ocrx_word' id='word_1_368' title='bbox 2959 379 2979 1765; x_wconf 95' lang='lat' dir='ltr'> </span> 
     </span>
    </p>
   </div>
  </div>
 </body>
</html>
