3000 5117
834 439 1232 493 nonanus
1269 441 1370 491 m:
1409 441 1917 493 causi-Anna.
2436 423 2534 506 69

213 625 368 667 nem
427 598 938 687 Archiepiscopi,
971 613 1037 668 et
1094 601 1478 668 exercicium
1520 601 1987 686 jurisdictionis
2032 604 2185 670 sede
2232 619 2521 686 vacante,

213 691 394 754 unde
439 689 887 776 pronuntiavit
931 711 1042 754 eos
1081 689 1367 778 legitime
1393 689 1771 775 appellasse,
1801 704 1872 754 et
1900 691 2115 756 omnia
2142 704 2525 778 attemptata

209 791 366 862 post
395 791 466 842 et
509 789 757 853 contra,
805 775 988 840 irrita
1032 777 1227 842 fuisse
1253 790 1322 840 et
1343 798 1528 840 esse:
1576 797 1617 840 a
1643 798 1774 863 qua
1800 779 2117 843 sententia
2138 795 2521 866 procurator

215 864 736 950 Archiepiscopi,
789 883 876 926 ex
935 862 1203 927 adverso
1256 863 1537 940 veniens,
1600 863 1947 948 appellavit
2011 865 2092 930 ad
2164 866 2519 932 Romanam

216 949 510 1029 Curiam,
545 959 652 1034 [et
669 948 880 1034 judex
909 948 1200 1013 libellum
1229 949 1718 1036 appellatorium
1752 952 1834 1015 ab
1864 973 1947 1016 eo
2022 951 2192 1030 eciit,
2225 975 2515 1019 asserens

207 1058 280 1100 se
335 1037 504 1102 velle
548 1035 968 1122 appellationi
1013 1035 1304 1112 deferre3
1351 1035 1464 1100 sed
1508 1037 1651 1120 ipso
1697 1058 1827 1100 non
1862 975 2175 1116 tratl'ente,
2212 1041 2421 1124 judex
2450 1055 2517 1108 et

207 1137 600 1208 procurator
649 1120 888 1187 Prioris
935 1134 1000 1187 et
1047 1121 1317 1208 capituli
1359 1120 1785 1186 incontinenti
1816 1123 2211 1203 detulerunt,
2254 1141 2321 1192 et
2350 1150 2519 1212 prae-

205 1211 378 1274 fixus
425 1225 527 1274 est
573 1211 711 1274 dies
755 1209 824 1273 in
853 1208 1050 1286 curia,
1079 1208 1413 1294 proximus
1425 1207 1741 1296 juridicus
1760 1224 1921 1298 post
1938 1210 2171 1276 festum
2202 1213 2519 1278 Johannis

216 1297 562 1382 Baptistae,
622 1295 990 1382 oblatoeque
1049 1309 1198 1360 sunt
1270 1295 1677 1381 procuratori
1754 1297 2241 1386 Archiepiscopi
2314 1301 2515 1365 literoe

201 1383 616 1462 dimissoriae,
672 1383 786 1446 sed
837 1405 964 1446 non
1011 1382 1298 1457 curavit;
1345 1395 1725 1468 procurator
1772 1404 1929 1448 vero
1966 1384 2202 1449 Prioris
2245 1400 2315 1451 et
2342 1387 2517 1472 capi-

205 1471 326 1533 tuli
357 1471 648 1558 benigne
674 1469 980 1553 recepit.]
1078 1469 1340 1557 Agebat
1371 1483 1529 1534 tunc
1565 1467 2099 1556 Archicpiscopus
2123 1473 2425 1556 praefatus
2452 1475 2515 1538 in

203 1557 503 1642 partibus
559 1555 996 1621 transmarinis
1055 1577 1180 1640 pro
1233 1555 1513 1640 negociis
1564 1555 1722 1632 istis,
1779 1569 1847 1620 et
1898 1557 1987 1621 ibi
2042 1573 2334 1624 mortuus
2393 1575 2515 1638 est,

207 1643 384 1708 nulla
435 1643 660 1708 habita
713 1641 1120 1708 revocatione
1150 1663 1486 1727 processus
1518 1641 1787 1725 praefati.
1884 1641 2030 1727 [Ex
2064 1644 2185 1709 isto
2214 1670 2512 1732 processu

201 1732 372 1794 scire
406 1745 614 1816 poteS,
647 1737 795 1816 qilae
825 1728 1126 1814 exceptio
1152 1745 1286 1794 erat
1310 1727 1616 1812 legitima,
1650 1744 1719 1793 et
1738 1752 1883 1816 quae
1910 1752 2059 1809 non,
2094 1745 2158 1796 et
2184 1735 2512 1818 quomodo

199 1839 406 1900 grave
451 1833 552 1882 est
582 1815 870 1901 capitulo
899 1837 1044 1879 cum
1075 1837 1194 1878 suo
1235 1813 1555 1900 Episcopo
1580 1815 1758 1880 litem
1788 1818 2021 1882 intrare
2052 1839 2194 1882 cum
2228 1843 2515 1907 quocun-

252 1928 352 1982 ue,
381 1906 538 1992 quia
572 1903 900 1987 Episcopo
930 1901 1306 1978 decedente,
1339 1901 1688 1986 capitulum
1721 1902 1844 1966 litis
1869 1926 2066 1968 onera
2086 1908 2511 1991 supportabit.

201 1927 644 2076 {elegatione
693 1991 864 2054 facta
923 1988 1242 2073 Episcopo
1297 1989 1737 2066 Dunelmensi‚
1782 2004 1853 2055 ut
1900 2003 2001 2054 est
2054 1992 2319 2071 dictum,
2376 1995 2511 2058 Ro-

201 2078 432 2141 bertus
460 2079 546 2142 de
579 2077 946 2160 Pickering,
969 2076 1134 2162 juris
1165 2075 1366 2138 civilis
1399 2090 1551 2139 tunc
1584 2076 1925 2160 professor,
1961 2077 2022 2140 in
2050 2094 2233 2152 ,veste
2264 2095 2513 2168 stragu-

199 2164 358 2241 iata‚
415 2165 600 2250 quasi
649 2164 930 2248 armiger
977 2161 1222 2238 fuisset,
1273 2161 1501 2226 laicum
1546 2185 1613 2226 se
1650 2163 1899 2246 fingens
1940 2179 2007 2228 et
2049 2167 2326 2230 rationes
2346 2169 2511 2252 juris

201 2250 528 2315 subtiliter
579 2251 643 2312 in
691 2249 924 2336 gallico
984 2248 1290 2334 alleganS,
1347 2249 1689 2334 praefatum
1751 2251 2137 2335 Episcopum
2202 2254 2379 2331 adiit,
2440 2270 2511 2319 et

203 2337 720 2402 commissionem
781 2335 1030 2400 cuidam
1097 2357 1218 2420 pro
1299 2337 1630 2399 voluntate
1706 2338 2003 2420 optinuit,
2060 2339 2173 2402 sed
2236 2342 2509 2406 instante

201 2425 492 2514 quodam
537 2447 658 2510 pro
695 2424 943 2500 Priore,
994 2445 1062 2486 re
1089 2422 1359 2508 integra,
1395 2422 1517 2486 fuit
1549 2424 1909 2489 commissio
1938 2435 2299 2508 revocata.]

379 2935 531 2980 cri-P.
591 2937 710 2979 xx.
813 2937 901 2979 na
959 2935 1561 2980 mraomzsrtour.
1628 2937 1917 2980 mromt
1987 2939 2321 2996 muscom,

371 3024 714 3068 casstoxa
765 3023 1041 3066 ptumus
1090 3023 1376 3066 nicanor
1427 3023 1517 3065 na
1552 3023 1872 3066 cmx'ron
1906 3009 2027 3082 [ar
2060 3025 2147 3068 na
2186 3027 2325 3070 nus

553 3111 712 3160 015AE
743 3109 1150 3154 vacacloms
1183 3109 1517 3154 'rampone
1552 3099 2157 3171 com-incaustum]

959 3275 1118 3340 IMS.
1147 3276 1270 3342 Cap.
1297 3291 1460 3326 cun.
1485 3275 1575 3326 fot
1604 3276 1741 3340 196]

294 3444 492 3507 Anno
525 3440 790 3506 Domini
823 3460 1216 3519 uccnxxxv,
1237 3440 1318 3505 =in
1349 3440 1570 3525 vigilia
1598 3441 1945 3506 nativitatis
1982 3443 2361 3527 Dominicae,
2396 3451 2502 3520 die

188 3553 282 3598 sc.
317 3531 515 3607 lunae,
549 3535 774 3613 [super
807 3531 868 3592 A
897 3527 1134 3606 litera,]
1181 3528 1496 3612 ingressus
1526 3543 1627 3593 est
1658 3528 1863 3613 primo
1897 3533 2215 3597 Antonius
2252 3535 2501 3605 Dunel-

193 3617 434 3681 mensis
489 3617 844 3701 Episcopus
887 3629 1033 3699 post
1064 3637 1244 3679 suam
1275 3617 1825 3680 consecrationem
1856 3617 2189 3684 ecclesiam
2250 3625 2500 3690 Dunel-

191 3726 500 3772 mensem.
599 3703 807 3787 Super
861 3703 1044 3787 cujus
1083 3701 1586 3768 intronizatione
1638 3717 1783 3768 orta
1832 3717 1933 3768 est
1978 3705 2283 3774 dissentio
2336 3713 2501 3780 inter

199 3794 516 3870 Priorem,
558 3789 970 3873 allegantem,
1020 3789 1193 3878 quod
1225 3791 1390 3854 sicut
1423 3788 1955 3874 Archiepiscopus
1986 3791 2347 3861 installatur
2382 3823 2500 3884 per

195 3880 538 3944 Decanum
607 3877 1102 3953 Eboracensem,
1179 3875 1276 3940 ita
1337 3875 1695 3961 Episcopus
1726 3878 1922 3942 habet
1958 3879 2327 3946 intronizari
2384 3909 2500 3968 per

197 3967 489 4034 Priorem
523 3965 1021 4030 Dunelmensem
1041 3963 1238 4053 [quia
1269 3961 1441 4027 idem
1461 3967 1570 4050 jus
1602 3964 1793 4028 habet
1834 3965 2017 4027 Prior
2049 3965 2131 4028 de
2164 3967 2497 4055 privilegio

191 4067 258 4118 et
286 4051 752 4118 consuetudine
783 4051 847 4113 in
879 4051 1152 4115 ecclesia
1189 4049 1611 4114 Dunelmensi
1641 4050 1817 4136 quod
1848 4051 2043 4114 habet
2082 4051 2381 4121 Decanus
2428 4065 2493 4122 in

195 4141 462 4205 ecclesia
496 4138 941 4219 Eboracensi]‚
969 4152 1034 4202 et
1069 4136 1427 4203 Officialem
1467 4137 1939 4202 Eboracensem
1962 4145 2491 4211 consuetudinem
2590 4155 2601 4162 '

195 4228 482 4292 ecclesiae
512 4248 634 4311 pro
664 4247 734 4289 se
765 4224 888 4289 alle
935 4237 1176 4290 antem.
1257 4225 1390 4290 Sed
1425 4225 1749 4289 Antonius
1780 4223 1946 4289 dixit
1975 4249 2042 4289 se
2070 4227 2239 4293 nolle
2271 4229 2333 4294 in
2361 4248 2493 4298 tam

190 4315 436 4379 solenni
492 4315 666 4377 festo
712 4251 1202 4376 instaffationem
1263 4333 1444 4376 suam
1505 4325 1769 4396 propter
1828 4335 2049 4376 eorum
2110 4315 2495 4388 discordiam

191 4403 552 4488 protelare3
599 4414 666 4463 et
697 4398 1153 4483 protestatione
1197 4398 1480 4552 faetassde
1512 4396 1726 4463 neutri
1758 4399 1923 4483 patri
1953 4399 2341 4486 injuriando,
2374 4431 2495 4494 per

1279 4507 1322 4552 Β
