3000 5117
803 548 1218 603 arm-:uma
1277 551 1458 602 ARN.
1497 550 1871 601 mcccxm.
2050 618 2055 625 α
2326 528 2513 602 clxix

205 713 294 777 de
327 711 562 798 Cokyn
597 711 860 791 clericis,
895 713 1190 794 salutem,
1219 712 1524 799 graciam,
1558 729 1623 778 et
1660 711 2196 780 benedictionem.
2296 708 2515 777 Nove-

205 800 348 863 ritis
379 799 556 888 quod
597 824 714 865 nos
758 822 963 886 nuper
1009 800 1520 887 resignacionem
1568 800 1901 867 Prioratus
1944 799 2235 865 ecclesiae
2271 810 2517 864 nostrae

209 888 695 965 Dunelmensis,
728 910 843 973 per
889 888 1152 953 fratrem
1203 888 1563 954 Robertum
1609 887 1693 953 de
1730 884 2099 952 Wallworth
2132 898 2289 952 tunc
2319 884 2515 971 ipsius

207 974 506 1039 ecclesie
550 990 790 1041 nostrae
837 976 1128 1041 Priorem
1175 975 1240 1039 in
1287 998 1517 1041 manus
1546 988 1795 1041 nostras
1824 974 2085 1052 factam,
2120 972 2513 1053 admisimus,

207 1061 552 1149 ipsumque
597 1085 638 1127 a
689 1086 864 1141 cura,
895 1062 1210 1149 regimine
1241 1076 1306 1128 et
1337 1061 1897 1128 administracione
1925 1060 2213 1147 ejusdem
2244 1061 2518 1127 absolvi-

211 1172 377 1227 mus,
409 1172 661 1214 necnon
702 1150 1034 1237 Suppriori
1067 1164 1134 1215 et
1170 1150 1472 1235 Capitulo
1502 1150 1789 1235 ejusdem
1819 1149 2107 1215 ecclesiae
2128 1161 2369 1214 nostrae
2400 1170 2517 1234 per

209 1250 468 1301 nostras
497 1238 654 1303 certi
699 1238 942 1303 tenoris
986 1238 1202 1303 literas
1239 1238 1577 1303 licenciam
1623 1237 1917 1303 dedimus
1944 1258 2189 1301 novum
2226 1235 2515 1302 Priorem

209 1323 518 1413 eligendi,
551 1348 768 1412 quem,
801 1348 948 1391 cum
981 1326 1222 1391 electus
1265 1325 1482 1403 fuerit,
1514 1324 1775 1390 racione
1804 1338 2046 1389 nostrae
2090 1325 2516 1409 prerogativoe

209 1414 438 1497 regioe‚
471 1412 861 1479 eleccionem
892 1414 1204 1498 ejusdem,
1251 1416 1431 1500 cujus
1461 1414 1875 1477 confirmacio
1902 1434 2015 1477 seu
2046 1413 2403 1477 infirmacio
2430 1412 2517 1477 ad

209 1522 338 1567 nos
389 1499 474 1565 de
507 1501 662 1586 jure
692 1501 1012 1586 pertinere
1041 1500 1414 1577 dinoscitur,
1447 1500 1630 1566 nobis
1676 1513 2065 1585 presentare,
2098 1514 2515 1587 nostrumque

207 1610 544 1653 assensum
575 1602 876 1675 tanquam
917 1588 1238 1675 Principis
1281 1587 1541 1653 racione
1572 1587 1765 1653 dictae
1808 1600 2051 1653 nostroe
2088 1586 2517 1688 prerogativae

207 1674 414 1759 regiae
443 1676 766 1762 requirere
787 1689 1086 1741 tenentur
1108 1700 1127 1753 3
1161 1676 1663 1741 Considerantes
1680 1689 1899 1740 tamen
1918 1686 2117 1739 nostri
2136 1673 2519 1741 distanciam

211 1763 300 1827 ab
350 1761 621 1829 ecclesia
665 1776 883 1828 nostra
913 1764 1226 1851 praedicta
1279 1764 1581 1863 variaque
1632 1778 1699 1829 et
1745 1762 1949 1827 ardua
2002 1762 2204 1849 Regis
2234 1776 2303 1827 et
2328 1763 2518 1848 regni

211 1849 518 1938 negocia,
553 1850 784 1937 quibus
829 1850 1173 1937 plurimum
1207 1851 1567 1937 praepediti,
1600 1850 1683 1915 ad
1712 1850 1951 1938 dictam
1986 1849 2339 1916 Ecclesiam
2370 1868 2519 1915 nos·-

212 1952 386 2003 tram
425 1938 850 2022 personaliter
894 1940 1204 2004 accedere
1249 1960 1378 2003 non
1430 1938 1735 2016 valemus,
1766 1936 2179 2025 volentesque
2230 1940 2519 2023 ipsorum

213 2024 602 2109 eligencium
633 2026 956 2091 laboribus
1000 2048 1264 2112 parcere
1293 2042 1360 2091 et
1389 2025 1713 2111 expensiS,
1740 2046 1817 2090 ac
1848 2026 1931 2090 de
1960 2026 2191 2089 vestris
2218 2023 2515 2105 sciencia,

209 2113 822 2198 circumspeccione,
865 2114 1202 2192 industria,
1233 2127 1304 2179 et
1335 2112 1757 2179 conscienciae
1801 2114 2080 2197 puritate
2126 2112 2192 2178 in
2230 2112 2516 2177 Domino

209 2200 642 2277 confidentes,
691 2201 776 2265 ad
835 2201 1264 2285 recipiendam
1317 2216 1386 2267 et
1443 2200 1913 2266 admittendam
1967 2201 2513 2286 presentacionem

207 2286 408 2351 electi
459 2301 529 2352 et
583 2287 918 2353 eleccionis
971 2288 1356 2376 hujusmodi,
1407 2310 1482 2353 ac
1534 2288 1671 2353 vice
1717 2301 1937 2353 nostra
1982 2287 2515 2354 consentiendum

205 2374 484 2453 eisdem,
541 2376 784 2463 ipsique
836 2376 1044 2441 electo
1087 2377 1372 2441 savorem
1405 2389 1691 2441 nostrum
1722 2376 2229 2454 concedendum,
2262 2397 2517 2441 necnon

207 2462 300 2527 ad
353 2462 823 2550 inquirendum,
884 2464 1410 2543 examinandum,
1468 2476 1537 2529 et
1606 2463 2085 2529 discuciendam
2146 2486 2401 2528 causam
2446 2476 2515 2529 et

213 2552 562 2635 negocium
613 2551 950 2616 eleccionis
1003 2550 1390 2639 hujusmodi,
1435 2574 1581 2615 cum
1615 2550 1908 2615 omnibus
1952 2565 2019 2617 et
2062 2550 2328 2640 singulis
2359 2551 2516 2617 inci-

207 2637 542 2715 dentibus,
598 2639 1090 2723 emergentibus,
1139 2638 1669 2725 dependentibus,
1716 2658 1783 2703 et
1826 2637 2182 2715 connexis3
2226 2638 2515 2703 desectus

207 2725 442 2803 eciam,
476 2726 530 2789 si
603 2748 720 2791 uos
769 2727 832 2790 in
881 2729 1016 2812 ipsa
1063 2726 1388 2791 eleccione
1441 2724 1827 2791 intervenire
1868 2725 2257 2804 inveneritis,
2290 2726 2404 2791 sed
2448 2739 2516 2791 et

213 2826 538 2900 quatenus
559 2748 650 2878 ge
684 2814 833 2899 jure
882 2812 1174 2899 poteritis
1205 2814 1573 2899 suplend08,
1607 2836 1681 2879 ac
1712 2813 1913 2899 ipsam
1946 2813 2332 2879 eleccionem
2364 2835 2517 2879 auo-

215 2901 484 2965 toritate
515 2915 759 2979 nostra,
791 2914 986 2987 prout
1022 2902 1188 2986 juris
1237 2902 1448 2979 fuerit,
1495 2900 2025 2979 confirmandam,
2060 2901 2161 2966 vel
2190 2900 2515 2967 infirman-

211 2988 390 3066 dam,
419 2988 918 3075 canonicamque
940 2989 1383 3055 obedienciam
1408 2990 1494 3055 ab
1523 2990 1751 3055 eodem
1774 2988 1981 3053 electo
2010 2987 2265 3053 nomine
2296 3004 2518 3053 nostro

213 3076 570 3161 petendam
619 3090 687 3140 et.
739 3076 1189 3161 recipiendam,
1249 3076 1432 3142 vobis
1479 3090 1595 3141 aut
1652 3076 1911 3141 duobus
1958 3088 2237 3139 vestrum
2291 3088 2517 3139 tenore

213 3162 644 3249 proesencium
691 3162 1144 3229 committimus
1193 3164 1363 3230 vices
1411 3177 1682 3241 nostras,
1736 3186 1879 3227 cum
1926 3162 2263 3248 cujuslibet
2292 3162 2518 3228 cobet*

207 3250 421 3315 cionis
473 3251 800 3317 canonicae
853 3266 1212 3338 potestate3
1247 3254 1527 3339 juribus,
1584 3252 2022 3336 dignitatibus,
2077 3248 2517 3335 prerogativis,

211 3338 646 3415 libertatibus,
681 3353 747 3404 et
789 3340 1136 3425 privilegiis
1165 3342 1402 3405 nostris
1433 3355 1500 3405 et
1532 3339 1819 3406 ecclesiae
1850 3354 2087 3403 uostrae
2118 3338 2519 3404 Dunelmen-

207 3426 299 3489 sis
331 3425 400 3489 in
431 3426 728 3491 omnibus
747 3450 1000 3511 semper
1026 3427 1232 3492 salvis,
1325 3428 1400 3492 In
1433 3429 1617 3513 cujus
1646 3428 1739 3493 rei
1770 3425 2205 3493 testimonium
2238 3424 2517 3509 sigillum

211 3528 508 3577 nostrum
538 3513 804 3578 fecimus
835 3514 955 3579 hiis
983 3516 1246 3601 apponi.
1339 3516 1514 3581 Data
1532 3517 1597 3579 in
1620 3515 1907 3580 manerio
1937 3526 2158 3579 nostro
2186 3513 2520 3579 Londoni-

210 3599 380 3677 ensi,
414 3602 624 3685 primo
653 3601 760 3666 die
789 3602 1022 3667 mensis
1055 3602 1472 3687 SeptembriS,
1506 3626 1679 3669 anno
1710 3601 1975 3668 Domini
2020 3602 2362 3669 millesimo
2396 3622 2516 3667 ccc

214 3690 645 3772 nonagesimo
675 3688 902 3773 primo.
1014 3689 1104 3755 Et
1131 3706 1367 3754 nostra:
1399 3691 1834 3755 translacionis
1866 3704 2116 3778 quarto.
2238 3689 2523 3775 Compa-

211 3790 490 3839 ruerunt
517 3774 716 3841 frater
743 3776 1076 3842 Johannes
1097 3778 1184 3842 de
1210 3777 1727 3864 Hemyngburgh
1757 3778 2185 3863 inii-ascriptus
2216 3799 2291 3841 ac
2320 3776 2522 3841 frater

223 3861 556 3929 Roberms
607 3863 690 3929 de
744 3864 1225 3949 Langechestre
1256 3879 1635 3950 procurator
1662 3865 1925 3951 capituli
1954 3864 2241 3930 ecclesiae
2275 3862 2523 3928 Dunel-

215 3952 456 4015 mensis
501 3965 698 4036 prout
743 3974 861 4037 per
891 3952 1106 4017 literas
1147 3954 1615 4037 procuratorias
1644 3953 1855 4040 sigillo
1886 3953 2077 4039 ipsius
2106 3949 2389 4034 capituli,
2436 3950 2522 4015 de

213 4060 354 4125 quo
387 4038 579 4105 michi
607 4040 944 4107 constabat
967 4053 1035 4105 et
1057 4055 1309 4106 constat
1339 4040 1763 4107 communitas
1794 4040 2029 4105 ibidem
2060 4036 2378 4105 exhibitas
2408 4058 2521 4121 ap-

215 4126 515 4212 parebat,
546 4126 718 4191 hunc
749 4142 1042 4195 tenorem
1071 4127 1399 4207 habentes,
1427 4134 1531 4215 ξε.
