<?xml version="1.0" encoding="UTF-8"?>
<!DOCTYPE html PUBLIC "-//W3C//DTD XHTML 1.0 Transitional//EN"
    "http://www.w3.org/TR/xhtml1/DTD/xhtml1-transitional.dtd">
<html xmlns="http://www.w3.org/1999/xhtml" xml:lang="en" lang="en">
 <head>
  <title>
</title>
<meta http-equiv="Content-Type" content="text/html;charset=utf-8" />
  <meta name='ocr-system' content='tesseract 3.04.00' />
  <meta name='ocr-capabilities' content='ocr_page ocr_carea ocr_par ocr_line ocrx_word'/>
</head>
<body>
  <div class='ocr_page' id='page_1' title='image "./historiaedunelm00raingoog_0402.png"; bbox 0 0 3000 5117; ppageno 0'>
   <div class='ocr_carea' id='block_1_1' title="bbox 518 468 2369 566">
    <p class='ocr_par' dir='ltr' id='par_1_1' title="bbox 518 468 2369 566">
     <span class='ocr_line' id='line_1_1' title="bbox 518 468 2369 566; baseline 0.001 -26"><span class='ocrx_word' id='word_1_1' title='bbox 518 468 682 543; x_wconf 78' lang='lat' dir='ltr'><strong>clxii</strong></span> <span class='ocrx_word' id='word_1_2' title='bbox 997 492 1606 566; x_wconf 46' lang='lat' dir='ltr'><strong>ms‘rf-DUNELM.</strong></span> <span class='ocrx_word' id='word_1_3' title='bbox 1646 493 2120 545; x_wconf 69' lang='lat' dir='ltr'><strong>semp-roasss·</strong></span> <span class='ocrx_word' id='word_1_4' title='bbox 2154 494 2369 545; x_wconf 69' lang='lat' dir='ltr'><strong>Tuas,</strong></span> 
     </span>
    </p>
   </div>
   <div class='ocr_carea' id='block_1_2' title="bbox 533 648 2901 4413">
    <p class='ocr_par' dir='ltr' id='par_1_2' title="bbox 533 648 2901 4413">
     <span class='ocr_line' id='line_1_2' title="bbox 533 648 2853 743; baseline -0.002 -24"><span class='ocrx_word' id='word_1_5' title='bbox 533 654 1023 742; x_wconf 72' lang='lat' dir='ltr'><strong>habitatoribus,</strong></span> <span class='ocrx_word' id='word_1_6' title='bbox 1057 669 1124 721; x_wconf 87' lang='lat' dir='ltr'><strong>et</strong></span> <span class='ocrx_word' id='word_1_7' title='bbox 1153 656 1440 743; x_wconf 84' lang='lat' dir='ltr'><strong>personis</strong></span> <span class='ocrx_word' id='word_1_8' title='bbox 1469 656 1841 742; x_wconf 88' lang='lat' dir='ltr'><strong>hujusmodi</strong></span> <span class='ocrx_word' id='word_1_9' title='bbox 1872 655 1977 721; x_wconf 83' lang='lat' dir='ltr'><strong>vel</strong></span> <span class='ocrx_word' id='word_1_10' title='bbox 2002 655 2237 743; x_wconf 87' lang='lat' dir='ltr'><strong>quibus</strong></span> <span class='ocrx_word' id='word_1_11' title='bbox 2256 648 2363 741; x_wconf 82' lang='lat' dir='ltr'><strong>jus</strong></span> <span class='ocrx_word' id='word_1_12' title='bbox 2391 651 2531 718; x_wconf 88' lang='lat' dir='ltr'><strong>aliis</strong></span> <span class='ocrx_word' id='word_1_13' title='bbox 2554 672 2853 717; x_wconf 89' lang='lat' dir='ltr'><strong>commu-</strong></span> 
     </span>
     <span class='ocr_line' id='line_1_3' title="bbox 535 737 2855 831; baseline -0.003 -24"><span class='ocrx_word' id='word_1_14' title='bbox 535 744 706 807; x_wconf 72' lang='lat' dir='ltr'><strong>niter</strong></span> <span class='ocrx_word' id='word_1_15' title='bbox 735 744 838 809; x_wconf 85' lang='lat' dir='ltr'><strong>vel</strong></span> <span class='ocrx_word' id='word_1_16' title='bbox 868 742 1118 809; x_wconf 83' lang='lat' dir='ltr'>divisim</span> <span class='ocrx_word' id='word_1_17' title='bbox 1151 768 1188 809; x_wconf 89' lang='lat' dir='ltr'><strong>a</strong></span> <span class='ocrx_word' id='word_1_18' title='bbox 1216 743 1392 809; x_wconf 86' lang='lat' dir='ltr'><strong>dicta</strong></span> <span class='ocrx_word' id='word_1_19' title='bbox 1421 746 1505 810; x_wconf 87' lang='lat' dir='ltr'><strong>sit</strong></span> <span class='ocrx_word' id='word_1_20' title='bbox 1532 744 1767 809; x_wconf 86' lang='lat' dir='ltr'><strong>sede...</strong></span> <span class='ocrx_word' id='word_1_21' title='bbox 1816 743 1992 831; x_wconf 90' lang='lat' dir='ltr'><strong>quod</strong></span> <span class='ocrx_word' id='word_1_22' title='bbox 2031 742 2347 820; x_wconf 82' lang='lat' dir='ltr'><strong>interdici,</strong></span> <span class='ocrx_word' id='word_1_23' title='bbox 2381 737 2711 826; x_wconf 82' lang='lat' dir='ltr'>suspendi,</span> <span class='ocrx_word' id='word_1_24' title='bbox 2752 738 2855 801; x_wconf 80' lang='lat' dir='ltr'><strong>vel</strong></span> 
     </span>
     <span class='ocr_line' id='line_1_4' title="bbox 539 827 2855 920; baseline -0.002 -27"><span class='ocrx_word' id='word_1_25' title='bbox 539 830 1104 911; x_wconf 87' lang='lat' dir='ltr'><strong>excommunicari,</strong></span> <span class='ocrx_word' id='word_1_26' title='bbox 1137 845 1250 897; x_wconf 88' lang='lat' dir='ltr'><strong>aut</strong></span> <span class='ocrx_word' id='word_1_27' title='bbox 1279 833 1362 899; x_wconf 89' lang='lat' dir='ltr'><strong>ad</strong></span> <span class='ocrx_word' id='word_1_28' title='bbox 1389 831 1705 920; x_wconf 89' lang='lat' dir='ltr'><strong>judicium</strong></span> <span class='ocrx_word' id='word_1_29' title='bbox 1736 832 1989 897; x_wconf 85' lang='lat' dir='ltr'><strong>evocari</strong></span> <span class='ocrx_word' id='word_1_30' title='bbox 2021 852 2151 893; x_wconf 84' lang='lat' dir='ltr'><strong>non</strong></span> <span class='ocrx_word' id='word_1_31' title='bbox 2180 830 2451 915; x_wconf 82' lang='lat' dir='ltr'><strong>possint,</strong></span> <span class='ocrx_word' id='word_1_32' title='bbox 2483 849 2604 913; x_wconf 88' lang='lat' dir='ltr'><strong>per</strong></span> <span class='ocrx_word' id='word_1_33' title='bbox 2630 827 2855 890; x_wconf 77' lang='lat' dir='ltr'><strong>literas</strong></span> 
     </span>
     <span class='ocr_line' id='line_1_5' title="bbox 542 912 2857 1003; baseline -0.003 -20"><span class='ocrx_word' id='word_1_34' title='bbox 542 920 949 1002; x_wconf 79' lang='lat' dir='ltr'><strong>apostolicas,</strong></span> <span class='ocrx_word' id='word_1_35' title='bbox 984 941 1115 983; x_wconf 92' lang='lat' dir='ltr'><strong>non</strong></span> <span class='ocrx_word' id='word_1_36' title='bbox 1169 918 1474 985; x_wconf 83' lang='lat' dir='ltr'><strong>facientes</strong></span> <span class='ocrx_word' id='word_1_37' title='bbox 1532 920 1785 1003; x_wconf 79' lang='lat' dir='ltr'><strong>plenam</strong></span> <span class='ocrx_word' id='word_1_38' title='bbox 1839 930 1909 982; x_wconf 87' lang='lat' dir='ltr'><strong>et</strong></span> <span class='ocrx_word' id='word_1_39' title='bbox 1958 938 2331 1002; x_wconf 82' lang='lat' dir='ltr'><strong>expressam</strong></span> <span class='ocrx_word' id='word_1_40' title='bbox 2384 915 2470 981; x_wconf 91' lang='lat' dir='ltr'><strong>de</strong></span> <span class='ocrx_word' id='word_1_41' title='bbox 2524 914 2733 979; x_wconf 84' lang='lat' dir='ltr'><strong>verbo</strong></span> <span class='ocrx_word' id='word_1_42' title='bbox 2788 912 2857 977; x_wconf 85' lang='lat' dir='ltr'><strong>in</strong></span> 
     </span>
     <span class='ocr_line' id='line_1_6' title="bbox 545 1004 2861 1093; baseline -0.002 -26"><span class='ocrx_word' id='word_1_43' title='bbox 545 1006 814 1071; x_wconf 87' lang='lat' dir='ltr'><strong>verbum</strong></span> <span class='ocrx_word' id='word_1_44' title='bbox 845 1007 928 1072; x_wconf 84' lang='lat' dir='ltr'><strong>de</strong></span> <span class='ocrx_word' id='word_1_45' title='bbox 959 1006 1210 1071; x_wconf 90' lang='lat' dir='ltr'><strong>indulto</strong></span> <span class='ocrx_word' id='word_1_46' title='bbox 1240 1006 1608 1093; x_wconf 87' lang='lat' dir='ltr'><strong>hujusmodi</strong></span> <span class='ocrx_word' id='word_1_47' title='bbox 1648 1006 1981 1071; x_wconf 89' lang='lat' dir='ltr'><strong>mencione</strong></span> <span class='ocrx_word' id='word_1_48' title='bbox 2010 1006 2267 1089; x_wconf 83' lang='lat' dir='ltr'><strong>plenam</strong></span> <span class='ocrx_word' id='word_1_49' title='bbox 2296 1018 2365 1069; x_wconf 89' lang='lat' dir='ltr'><strong>et</strong></span> <span class='ocrx_word' id='word_1_50' title='bbox 2393 1004 2665 1069; x_wconf 85' lang='lat' dir='ltr'><strong>liberam</strong></span> <span class='ocrx_word' id='word_1_51' title='bbox 2694 1024 2861 1064; x_wconf 89' lang='lat' dir='ltr'><strong>con-</strong></span> 
     </span>
     <span class='ocr_line' id='line_1_7' title="bbox 544 1088 2861 1179; baseline -0.005 -16"><span class='ocrx_word' id='word_1_52' title='bbox 544 1092 833 1163; x_wconf 86' lang='lat' dir='ltr'><strong>cedimus</strong></span> <span class='ocrx_word' id='word_1_53' title='bbox 879 1094 1266 1159; x_wconf 85' lang='lat' dir='ltr'><strong>auctoritate</strong></span> <span class='ocrx_word' id='word_1_54' title='bbox 1317 1093 1683 1179; x_wconf 87' lang='lat' dir='ltr'><strong>apostolica</strong></span> <span class='ocrx_word' id='word_1_55' title='bbox 1703 1095 2124 1179; x_wconf 82' lang='lat' dir='ltr'><strong>praesencium</strong></span> <span class='ocrx_word' id='word_1_56' title='bbox 2178 1092 2578 1157; x_wconf 86' lang='lat' dir='ltr'><strong>facultatem.</strong></span> <span class='ocrx_word' id='word_1_57' title='bbox 2674 1088 2861 1152; x_wconf 85' lang='lat' dir='ltr'><strong>Data</strong></span> 
     </span>
     <span class='ocr_line' id='line_1_8' title="bbox 547 1176 2859 1265; baseline -0.003 -20"><span class='ocrx_word' id='word_1_58' title='bbox 547 1180 732 1265; x_wconf 72' lang='lat' dir='ltr'><strong>apud&#39;</strong></span> <span class='ocrx_word' id='word_1_59' title='bbox 775 1183 1090 1247; x_wconf 89' lang='lat' dir='ltr'><strong>Sanctum.</strong></span> <span class='ocrx_word' id='word_1_60' title='bbox 1149 1181 1437 1259; x_wconf 89' lang='lat' dir='ltr'><strong>Petrum,</strong></span> <span class='ocrx_word' id='word_1_61' title='bbox 1472 1202 1586 1245; x_wconf 73' lang='lat' dir='ltr'><strong>xvi</strong></span> <span class='ocrx_word' id='word_1_62' title='bbox 1646 1180 1958 1247; x_wconf 85' lang='lat' dir='ltr'><strong>kalendas</strong></span> <span class='ocrx_word' id='word_1_63' title='bbox 2018 1178 2373 1259; x_wconf 73' lang='lat' dir='ltr'><strong>Februarii,</strong></span> <span class='ocrx_word' id='word_1_64' title='bbox 2434 1176 2859 1265; x_wconf 85' lang='lat' dir='ltr'><strong>pontificatus</strong></span> 
     </span>
     <span class='ocr_line' id='line_1_9' title="bbox 548 1268 1224 1355; baseline 0.006 -22"><span class='ocrx_word' id='word_1_65' title='bbox 548 1268 752 1352; x_wconf 73' lang='lat' dir='ltr'><strong>nostri</strong></span> <span class='ocrx_word' id='word_1_66' title='bbox 783 1291 951 1333; x_wconf 90' lang='lat' dir='ltr'><strong>anno</strong></span> <span class='ocrx_word' id='word_1_67' title='bbox 981 1270 1224 1355; x_wconf 61' lang='lat' dir='ltr'><strong>primm</strong></span> 
     </span>
     <span class='ocr_line' id='line_1_10' title="bbox 642 1351 2869 1439; baseline -0.002 -20"><span class='ocrx_word' id='word_1_68' title='bbox 642 1354 896 1421; x_wconf 82' lang='lat' dir='ltr'><strong>Harum</strong></span> <span class='ocrx_word' id='word_1_69' title='bbox 919 1354 934 1370; x_wconf 83' lang='lat'><em>⁰</em></span> <span class='ocrx_word' id='word_1_70' title='bbox 985 1358 1113 1423; x_wconf 82' lang='lat' dir='ltr'><strong>itur</strong></span> <span class='ocrx_word' id='word_1_71' title='bbox 1134 1355 1514 1423; x_wconf 85' lang='lat' dir='ltr'><strong>auctoritate</strong></span> <span class='ocrx_word' id='word_1_72' title='bbox 1533 1355 1861 1421; x_wconf 80' lang='lat' dir='ltr'><strong>literarum</strong></span> <span class='ocrx_word' id='word_1_73' title='bbox 1876 1356 2284 1421; x_wconf 79' lang='lat' dir='ltr'><strong>commissum</strong></span> <span class='ocrx_word' id='word_1_74' title='bbox 2308 1377 2351 1419; x_wconf 87' lang='lat' dir='ltr'><strong>a</strong></span> <span class='ocrx_word' id='word_1_75' title='bbox 2370 1353 2525 1419; x_wconf 84' lang='lat' dir='ltr'><strong>sede</strong></span> <span class='ocrx_word' id='word_1_76' title='bbox 2550 1351 2869 1439; x_wconf 82' lang='lat' dir='ltr'><strong>apostoli·</strong></span> 
     </span>
     <span class='ocr_line' id='line_1_11' title="bbox 559 1439 2871 1528; baseline -0.003 -19"><span class='ocrx_word' id='word_1_77' title='bbox 559 1464 640 1509; x_wconf 79' lang='lat' dir='ltr'><strong>ca</strong></span> <span class='ocrx_word' id='word_1_78' title='bbox 661 1442 848 1509; x_wconf 86' lang='lat' dir='ltr'><strong>nobis</strong></span> <span class='ocrx_word' id='word_1_79' title='bbox 869 1466 910 1507; x_wconf 93' lang='lat' dir='ltr'><strong>o</strong></span> <span class='ocrx_word' id='word_1_80' title='bbox 979 1445 1168 1522; x_wconf 89' lang='lat' dir='ltr'><strong>cium,</strong></span> <span class='ocrx_word' id='word_1_81' title='bbox 1190 1457 1382 1528; x_wconf 89' lang='lat' dir='ltr'><strong>prout</strong></span> <span class='ocrx_word' id='word_1_82' title='bbox 1405 1442 1806 1507; x_wconf 78' lang='lat' dir='ltr'><strong>imbecillitas</strong></span> <span class='ocrx_word' id='word_1_83' title='bbox 1836 1458 2057 1508; x_wconf 84' lang='lat' dir='ltr'><strong>nostra</strong></span> <span class='ocrx_word' id='word_1_84' title='bbox 2086 1441 2464 1528; x_wconf 75' lang='lat' dir='ltr'><strong>permiserit,</strong></span> <span class='ocrx_word' id='word_1_85' title='bbox 2494 1439 2871 1527; x_wconf 83' lang='lat' dir='ltr'><strong>providere,</strong></span> 
     </span>
     <span class='ocr_line' id='line_1_12' title="bbox 556 1526 2869 1617; baseline -0.002 -21"><span class='ocrx_word' id='word_1_86' title='bbox 556 1530 910 1615; x_wconf 88' lang='lat' dir='ltr'><strong>adimplere</strong></span> <span class='ocrx_word' id='word_1_87' title='bbox 961 1544 1029 1595; x_wconf 88' lang='lat' dir='ltr'><strong>et</strong></span> <span class='ocrx_word' id='word_1_88' title='bbox 1077 1530 1333 1617; x_wconf 81' lang='lat' dir='ltr'><strong>exequi,</strong></span> <span class='ocrx_word' id='word_1_89' title='bbox 1369 1543 1437 1594; x_wconf 91' lang='lat' dir='ltr'><strong>ut</strong></span> <span class='ocrx_word' id='word_1_90' title='bbox 1486 1544 1803 1608; x_wconf 85' lang='lat' dir='ltr'><strong>tenemur,</strong></span> <span class='ocrx_word' id='word_1_91' title='bbox 1838 1532 2375 1617; x_wconf 89' lang='lat' dir='ltr'><strong>attendentesque</strong></span> <span class='ocrx_word' id='word_1_92' title='bbox 2424 1529 2599 1617; x_wconf 89' lang='lat' dir='ltr'><strong>quod</strong></span> <span class='ocrx_word' id='word_1_93' title='bbox 2640 1526 2869 1593; x_wconf 89' lang='lat' dir='ltr'><strong>dilecti</strong></span> 
     </span>
     <span class='ocr_line' id='line_1_13' title="bbox 558 1616 2873 1705; baseline -0.002 -24"><span class='ocrx_word' id='word_1_94' title='bbox 558 1617 674 1681; x_wconf 87' lang='lat' dir='ltr'><strong>filii</strong></span> <span class='ocrx_word' id='word_1_95' title='bbox 711 1617 1108 1682; x_wconf 76' lang='lat' dir='ltr'><strong>VVillielmus</strong></span> <span class='ocrx_word' id='word_1_96' title='bbox 1138 1618 1220 1683; x_wconf 90' lang='lat' dir='ltr'><strong>de</strong></span> <span class='ocrx_word' id='word_1_97' title='bbox 1255 1618 1617 1703; x_wconf 85' lang='lat' dir='ltr'><strong>Shyrburn,</strong></span> <span class='ocrx_word' id='word_1_98' title='bbox 1648 1632 2001 1705; x_wconf 85' lang='lat' dir='ltr'><strong>perpetuus</strong></span> <span class='ocrx_word' id='word_1_99' title='bbox 2048 1618 2317 1682; x_wconf 84' lang='lat' dir='ltr'><strong>vicarius</strong></span> <span class='ocrx_word' id='word_1_100' title='bbox 2348 1616 2645 1681; x_wconf 85' lang='lat' dir='ltr'><strong>ecclesiae</strong></span> <span class='ocrx_word' id='word_1_101' title='bbox 2674 1636 2873 1699; x_wconf 87' lang='lat' dir='ltr'><strong>paro-</strong></span> 
     </span>
     <span class='ocr_line' id='line_1_14' title="bbox 560 1702 2871 1792; baseline -0.002 -23"><span class='ocrx_word' id='word_1_102' title='bbox 560 1702 780 1769; x_wconf 86' lang='lat' dir='ltr'><strong>chialis</strong></span> <span class='ocrx_word' id='word_1_103' title='bbox 839 1704 925 1770; x_wconf 89' lang='lat' dir='ltr'><strong>de</strong></span> <span class='ocrx_word' id='word_1_104' title='bbox 986 1705 1301 1792; x_wconf 83' lang='lat' dir='ltr'><strong>Berewyk</strong></span> <span class='ocrx_word' id='word_1_105' title='bbox 1359 1724 1557 1790; x_wconf 81' lang='lat' dir='ltr'><strong>super</strong></span> <span class='ocrx_word' id='word_1_106' title='bbox 1601 1704 1936 1784; x_wconf 86' lang='lat' dir='ltr'><strong>Twedam,</strong></span> <span class='ocrx_word' id='word_1_107' title='bbox 1986 1706 2225 1770; x_wconf 86' lang='lat' dir='ltr'><strong>diocesi</strong></span> <span class='ocrx_word' id='word_1_108' title='bbox 2286 1705 2486 1770; x_wconf 87' lang='lat' dir='ltr'><strong>sancti</strong></span> <span class='ocrx_word' id='word_1_109' title='bbox 2549 1703 2871 1777; x_wconf 83' lang='lat' dir='ltr'><strong>Andreae,</strong></span> 
     </span>
     <span class='ocr_line' id='line_1_15' title="bbox 561 1789 2875 1880; baseline -0.001 -25"><span class='ocrx_word' id='word_1_110' title='bbox 561 1805 633 1856; x_wconf 84' lang='lat' dir='ltr'><strong>et</strong></span> <span class='ocrx_word' id='word_1_111' title='bbox 680 1790 1008 1857; x_wconf 88' lang='lat' dir='ltr'><strong>Johannes</strong></span> <span class='ocrx_word' id='word_1_112' title='bbox 1065 1792 1252 1880; x_wconf 83' lang='lat' dir='ltr'><strong>Pays‚</strong></span> <span class='ocrx_word' id='word_1_113' title='bbox 1287 1806 1643 1878; x_wconf 87' lang='lat' dir='ltr'><strong>perpetuus</strong></span> <span class='ocrx_word' id='word_1_114' title='bbox 1694 1792 1962 1857; x_wconf 86' lang='lat' dir='ltr'><strong>vicarius</strong></span> <span class='ocrx_word' id='word_1_115' title='bbox 2015 1792 2305 1859; x_wconf 78' lang='lat' dir='ltr'><strong>ecclesiae</strong></span> <span class='ocrx_word' id='word_1_116' title='bbox 2345 1790 2729 1877; x_wconf 82' lang='lat' dir='ltr'><strong>parochialis</strong></span> <span class='ocrx_word' id='word_1_117' title='bbox 2784 1789 2875 1853; x_wconf 86' lang='lat' dir='ltr'><strong>de</strong></span> 
     </span>
     <span class='ocr_line' id='line_1_16' title="bbox 563 1877 2879 1969; baseline -0.001 -26"><span class='ocrx_word' id='word_1_118' title='bbox 563 1877 1006 1969; x_wconf 78' lang='lat' dir='ltr'><strong>Bedlyngton,</strong></span> <span class='ocrx_word' id='word_1_119' title='bbox 1061 1894 1300 1944; x_wconf 77' lang='lat' dir='ltr'><strong>nostrae</strong></span> <span class='ocrx_word' id='word_1_120' title='bbox 1353 1879 1685 1945; x_wconf 83' lang='lat' dir='ltr'><strong>dioceseos</strong></span> <span class='ocrx_word' id='word_1_121' title='bbox 1746 1880 2095 1966; x_wconf 83' lang='lat' dir='ltr'><strong>praedictae,</strong></span> <span class='ocrx_word' id='word_1_122' title='bbox 2151 1880 2513 1956; x_wconf 86' lang='lat' dir='ltr'><strong>intendant,</strong></span> <span class='ocrx_word' id='word_1_123' title='bbox 2572 1891 2647 1943; x_wconf 89' lang='lat' dir='ltr'><strong>ut</strong></span> <span class='ocrx_word' id='word_1_124' title='bbox 2697 1898 2879 1941; x_wconf 88' lang='lat' dir='ltr'><strong>asse-</strong></span> 
     </span>
     <span class='ocr_line' id='line_1_17' title="bbox 561 1964 2883 2053; baseline -0.001 -25"><span class='ocrx_word' id='word_1_125' title='bbox 561 1979 738 2042; x_wconf 83' lang='lat' dir='ltr'><strong>runt,</strong></span> <span class='ocrx_word' id='word_1_126' title='bbox 771 1965 944 2031; x_wconf 89' lang='lat' dir='ltr'><strong>dicta</strong></span> <span class='ocrx_word' id='word_1_127' title='bbox 987 1988 1106 2031; x_wconf 79' lang='lat' dir='ltr'><strong>sua</strong></span> <span class='ocrx_word' id='word_1_128' title='bbox 1130 1966 1446 2032; x_wconf 87' lang='lat' dir='ltr'><strong>beneficia</strong></span> <span class='ocrx_word' id='word_1_129' title='bbox 1475 1968 1559 2032; x_wconf 85' lang='lat' dir='ltr'><strong>ad</strong></span> <span class='ocrx_word' id='word_1_130' title='bbox 1588 1970 1859 2033; x_wconf 82' lang='lat' dir='ltr'><strong>invicem</strong></span> <span class='ocrx_word' id='word_1_131' title='bbox 1890 1967 2195 2033; x_wconf 86' lang='lat' dir='ltr'><strong>canonice</strong></span> <span class='ocrx_word' id='word_1_132' title='bbox 2226 1981 2615 2053; x_wconf 82' lang='lat' dir='ltr'><strong>permutare,</strong></span> <span class='ocrx_word' id='word_1_133' title='bbox 2648 1964 2883 2049; x_wconf 81' lang='lat' dir='ltr'><strong>hujus-</strong></span> 
     </span>
     <span class='ocr_line' id='line_1_18' title="bbox 565 2053 2881 2142; baseline -0.001 -25"><span class='ocrx_word' id='word_1_134' title='bbox 565 2053 740 2117; x_wconf 84' lang='lat' dir='ltr'><strong>modi</strong></span> <span class='ocrx_word' id='word_1_135' title='bbox 775 2054 1270 2138; x_wconf 68' lang='lat' dir='ltr'><strong>permutacioni,</strong></span> <span class='ocrx_word' id='word_1_136' title='bbox 1305 2068 1615 2142; x_wconf 86' lang='lat' dir='ltr'><strong>quantum</strong></span> <span class='ocrx_word' id='word_1_137' title='bbox 1647 2056 1730 2120; x_wconf 86' lang='lat' dir='ltr'><strong>ad</strong></span> <span class='ocrx_word' id='word_1_138' title='bbox 1762 2078 1879 2119; x_wconf 84' lang='lat' dir='ltr'><strong>nos</strong></span> <span class='ocrx_word' id='word_1_139' title='bbox 1910 2054 2155 2132; x_wconf 71' lang='lat' dir='ltr'><strong>attinet,</strong></span> <span class='ocrx_word' id='word_1_140' title='bbox 2188 2071 2475 2119; x_wconf 89' lang='lat' dir='ltr'><strong>nostrum</strong></span> <span class='ocrx_word' id='word_1_141' title='bbox 2508 2053 2881 2137; x_wconf 63' lang='lat' dir='ltr'><strong>praebemus</strong></span> 
     </span>
     <span class='ocr_line' id='line_1_19' title="bbox 567 2140 2885 2228; baseline -0.001 -23"><span class='ocrx_word' id='word_1_142' title='bbox 567 2162 897 2205; x_wconf 74' lang='lat' dir='ltr'><strong>assensum</strong></span> <span class='ocrx_word' id='word_1_143' title='bbox 941 2141 1024 2205; x_wconf 90' lang='lat' dir='ltr'><strong>ad</strong></span> <span class='ocrx_word' id='word_1_144' title='bbox 1053 2164 1358 2227; x_wconf 84' lang='lat' dir='ltr'><strong>praesens,</strong></span> <span class='ocrx_word' id='word_1_145' title='bbox 1405 2143 1742 2207; x_wconf 86' lang='lat' dir='ltr'><strong>intendere</strong></span> <span class='ocrx_word' id='word_1_146' title='bbox 1774 2164 1913 2206; x_wconf 92' lang='lat' dir='ltr'><strong>non·</strong></span> <span class='ocrx_word' id='word_1_147' title='bbox 1937 2144 2241 2219; x_wconf 85' lang='lat' dir='ltr'><strong>valentes,</strong></span> <span class='ocrx_word' id='word_1_148' title='bbox 2273 2142 2560 2228; x_wconf 87' lang='lat' dir='ltr'><strong>pluribus</strong></span> <span class='ocrx_word' id='word_1_149' title='bbox 2588 2140 2731 2205; x_wconf 86' lang='lat' dir='ltr'><strong>aliis</strong></span> <span class='ocrx_word' id='word_1_150' title='bbox 2764 2162 2885 2204; x_wconf 88' lang='lat' dir='ltr'><strong>ne-</strong></span> 
     </span>
     <span class='ocr_line' id='line_1_20' title="bbox 567 2226 2883 2315; baseline -0 -24"><span class='ocrx_word' id='word_1_151' title='bbox 567 2226 768 2313; x_wconf 84' lang='lat' dir='ltr'><strong>gociis</strong></span> <span class='ocrx_word' id='word_1_152' title='bbox 815 2228 1099 2313; x_wconf 87' lang='lat' dir='ltr'><strong>legitime</strong></span> <span class='ocrx_word' id='word_1_153' title='bbox 1149 2228 1517 2315; x_wconf 83' lang='lat' dir='ltr'><strong>praepediti,</strong></span> <span class='ocrx_word' id='word_1_154' title='bbox 1550 2230 1633 2294; x_wconf 89' lang='lat' dir='ltr'><strong>ad</strong></span> <span class='ocrx_word' id='word_1_155' title='bbox 1681 2228 2053 2307; x_wconf 80' lang='lat' dir='ltr'><strong>audiendas,</strong></span> <span class='ocrx_word' id='word_1_156' title='bbox 2106 2228 2573 2295; x_wconf 85' lang='lat' dir='ltr'><strong>examinandas</strong></span> <span class='ocrx_word' id='word_1_157' title='bbox 2616 2244 2687 2293; x_wconf 88' lang='lat' dir='ltr'><strong>et</strong></span> <span class='ocrx_word' id='word_1_158' title='bbox 2734 2226 2883 2313; x_wconf 87' lang='lat' dir='ltr'><strong>ple—</strong></span> 
     </span>
     <span class='ocr_line' id='line_1_21' title="bbox 567 2315 2885 2405; baseline -0.002 -24"><span class='ocrx_word' id='word_1_159' title='bbox 567 2318 749 2381; x_wconf 87' lang='lat' dir='ltr'><strong>narie</strong></span> <span class='ocrx_word' id='word_1_160' title='bbox 799 2315 1242 2381; x_wconf 86' lang='lat' dir='ltr'><strong>discuciendas</strong></span> <span class='ocrx_word' id='word_1_161' title='bbox 1290 2340 1511 2381; x_wconf 83' lang='lat' dir='ltr'><strong>causas</strong></span> <span class='ocrx_word' id='word_1_162' title='bbox 1558 2316 2056 2402; x_wconf 87' lang='lat' dir='ltr'><strong>permutacionis</strong></span> <span class='ocrx_word' id='word_1_163' title='bbox 2084 2316 2449 2405; x_wconf 78' lang='lat' dir='ltr'><strong>hujusmodi</strong></span> <span class='ocrx_word' id='word_1_164' title='bbox 2480 2331 2550 2381; x_wconf 85' lang='lat' dir='ltr'><strong>et</strong></span> <span class='ocrx_word' id='word_1_165' title='bbox 2578 2315 2647 2381; x_wconf 82' lang='lat' dir='ltr'><strong>in</strong></span> <span class='ocrx_word' id='word_1_166' title='bbox 2678 2336 2885 2381; x_wconf 74' lang='lat' dir='ltr'><strong>even-</strong></span> 
     </span>
     <span class='ocr_line' id='line_1_22' title="bbox 573 2402 2884 2491; baseline -0.001 -24"><span class='ocrx_word' id='word_1_167' title='bbox 573 2418 714 2467; x_wconf 88' lang='lat' dir='ltr'><strong>tum</strong></span> <span class='ocrx_word' id='word_1_168' title='bbox 766 2403 831 2467; x_wconf 88' lang='lat' dir='ltr'><strong>in</strong></span> <span class='ocrx_word' id='word_1_169' title='bbox 886 2426 1079 2491; x_wconf 89' lang='lat' dir='ltr'><strong>quem</strong></span> <span class='ocrx_word' id='word_1_170' title='bbox 1133 2402 1389 2470; x_wconf 81' lang='lat' dir='ltr'><strong>easdem</strong></span> <span class='ocrx_word' id='word_1_171' title='bbox 1437 2404 1751 2468; x_wconf 87' lang='lat' dir='ltr'><strong>duxeritis</strong></span> <span class='ocrx_word' id='word_1_172' title='bbox 1796 2405 2269 2491; x_wconf 68' lang='lat' dir='ltr'><strong>approbandas,</strong></span> <span class='ocrx_word' id='word_1_173' title='bbox 2302 2404 2501 2490; x_wconf 79' lang='lat' dir='ltr'><strong>ipsam</strong></span> <span class='ocrx_word' id='word_1_174' title='bbox 2546 2416 2884 2488; x_wconf 81' lang='lat' dir='ltr'><strong>permuta·</strong></span> 
     </span>
     <span class='ocr_line' id='line_1_23' title="bbox 574 2490 2884 2577; baseline -0.002 -21"><span class='ocrx_word' id='word_1_175' title='bbox 574 2491 826 2556; x_wconf 87' lang='lat' dir='ltr'><strong>cionem</strong></span> <span class='ocrx_word' id='word_1_176' title='bbox 886 2490 1439 2569; x_wconf 84' lang='lat' dir='ltr'><strong>auctorizandam,.</strong></span> <span class='ocrx_word' id='word_1_177' title='bbox 1481 2513 1737 2556; x_wconf 84' lang='lat' dir='ltr'><strong>necnon</strong></span> <span class='ocrx_word' id='word_1_178' title='bbox 1797 2491 2071 2577; x_wconf 81' lang='lat' dir='ltr'><strong>receptis</strong></span> <span class='ocrx_word' id='word_1_179' title='bbox 2132 2491 2675 2577; x_wconf 74' lang='lat' dir='ltr'><strong>resignacionibus</strong></span> <span class='ocrx_word' id='word_1_180' title='bbox 2742 2490 2884 2555; x_wconf 87' lang='lat' dir='ltr'><strong>dic-</strong></span> 
     </span>
     <span class='ocr_line' id='line_1_24' title="bbox 575 2577 2887 2655; baseline -0.001 -12"><span class='ocrx_word' id='word_1_181' title='bbox 575 2592 792 2643; x_wconf 78' lang='lat' dir='ltr'><strong>torum</strong></span> <span class='ocrx_word' id='word_1_182' title='bbox 833 2578 1147 2642; x_wconf 87' lang='lat' dir='ltr'><strong>Willielmi</strong></span> <span class='ocrx_word' id='word_1_183' title='bbox 1197 2588 1264 2643; x_wconf 83' lang='lat' dir='ltr'><strong>et</strong></span> <span class='ocrx_word' id='word_1_184' title='bbox 1308 2579 1621 2643; x_wconf 83' lang='lat' dir='ltr'><strong>Johannis</strong></span> <span class='ocrx_word' id='word_1_185' title='bbox 1674 2578 1757 2644; x_wconf 85' lang='lat' dir='ltr'><strong>de.</strong></span> <span class='ocrx_word' id='word_1_186' title='bbox 1784 2580 2111 2645; x_wconf 84' lang='lat' dir='ltr'><strong>beneficiis</strong></span> <span class='ocrx_word' id='word_1_187' title='bbox 2143 2579 2271 2645; x_wconf 82' lang='lat' dir='ltr'><strong>suis</strong></span> <span class='ocrx_word' id='word_1_188' title='bbox 2323 2578 2684 2655; x_wconf 84' lang='lat' dir='ltr'><strong>antedictis,</strong></span> <span class='ocrx_word' id='word_1_189' title='bbox 2726 2577 2887 2641; x_wconf 87' lang='lat' dir='ltr'><strong>Wil-</strong></span> 
     </span>
     <span class='ocr_line' id='line_1_25' title="bbox 575 2664 2885 2755; baseline 0 -27"><span class='ocrx_word' id='word_1_190' title='bbox 575 2664 864 2729; x_wconf 85' lang='lat' dir='ltr'><strong>lielmum</strong></span> <span class='ocrx_word' id='word_1_191' title='bbox 924 2666 1006 2730; x_wconf 84' lang='lat' dir='ltr'><strong>ad</strong></span> <span class='ocrx_word' id='word_1_192' title='bbox 1067 2679 1444 2751; x_wconf 84' lang='lat' dir='ltr'><strong>perpetuam</strong></span> <span class='ocrx_word' id='word_1_193' title='bbox 1504 2666 1801 2731; x_wconf 87' lang='lat' dir='ltr'><strong>vicariam</strong></span> <span class='ocrx_word' id='word_1_194' title='bbox 1868 2669 1952 2731; x_wconf 89' lang='lat' dir='ltr'><strong>de</strong></span> <span class='ocrx_word' id='word_1_195' title='bbox 2014 2668 2431 2755; x_wconf 83' lang='lat' dir='ltr'><strong>Bedlyngton</strong></span> <span class='ocrx_word' id='word_1_196' title='bbox 2490 2666 2885 2731; x_wconf 83' lang='lat' dir='ltr'><strong>auctoritate</strong></span> 
     </span>
     <span class='ocr_line' id='line_1_26' title="bbox 576 2751 2893 2842; baseline 0.001 -28"><span class='ocrx_word' id='word_1_197' title='bbox 576 2767 806 2817; x_wconf 86' lang='lat' dir='ltr'><strong>nostra·</strong></span> <span class='ocrx_word' id='word_1_198' title='bbox 837 2751 1178 2831; x_wconf 84' lang='lat' dir='ltr'><strong>ordinaria,</strong></span> <span class='ocrx_word' id='word_1_199' title='bbox 1212 2767 1280 2817; x_wconf 83' lang='lat' dir='ltr'><strong>et</strong></span> <span class='ocrx_word' id='word_1_200' title='bbox 1308 2754 1671 2819; x_wconf 79' lang='lat' dir='ltr'><strong>Johannem</strong></span> <span class='ocrx_word' id='word_1_201' title='bbox 1702 2753 2049 2838; x_wconf 85' lang='lat' dir='ltr'><strong>praedictos</strong></span> <span class='ocrx_word' id='word_1_202' title='bbox 2078 2754 2239 2842; x_wconf 81' lang='lat' dir='ltr'><strong>[ita]</strong></span> <span class='ocrx_word' id='word_1_203' title='bbox 2270 2755 2659 2821; x_wconf 77' lang='lat' dir='ltr'><strong>auctoritate</strong></span> <span class='ocrx_word' id='word_1_204' title='bbox 2696 2775 2893 2838; x_wconf 83' lang='lat' dir='ltr'><strong>apos-</strong></span> 
     </span>
     <span class='ocr_line' id='line_1_27' title="bbox 581 2838 2887 2929; baseline 0 -26"><span class='ocrx_word' id='word_1_205' title='bbox 581 2838 776 2904; x_wconf 89' lang='lat' dir='ltr'><strong>tolica</strong></span> <span class='ocrx_word' id='word_1_206' title='bbox 826 2841 1012 2904; x_wconf 88' lang='lat' dir='ltr'><strong>nobis</strong></span> <span class='ocrx_word' id='word_1_207' title='bbox 1063 2840 1130 2904; x_wconf 90' lang='lat' dir='ltr'><strong>in</strong></span> <span class='ocrx_word' id='word_1_208' title='bbox 1180 2839 1302 2906; x_wconf 85' lang='lat' dir='ltr'><strong>hac</strong></span> <span class='ocrx_word' id='word_1_209' title='bbox 1333 2858 1513 2927; x_wconf 88' lang='lat' dir='ltr'><strong>parte</strong></span> <span class='ocrx_word' id='word_1_210' title='bbox 1554 2841 1896 2907; x_wconf 80' lang='lat' dir='ltr'><strong>commissa</strong></span> <span class='ocrx_word' id='word_1_211' title='bbox 1920 2843 2003 2908; x_wconf 86' lang='lat' dir='ltr'><strong>ad</strong></span> <span class='ocrx_word' id='word_1_212' title='bbox 2034 2842 2409 2929; x_wconf 72' lang='lat' dir='ltr'><strong>perpetuam</strong></span> <span class='ocrx_word' id='word_1_213' title='bbox 2441 2840 2747 2907; x_wconf 71' lang='lat' dir='ltr'><strong>vicariam</strong></span> <span class='ocrx_word' id='word_1_214' title='bbox 2801 2839 2887 2904; x_wconf 89' lang='lat' dir='ltr'><strong>de</strong></span> 
     </span>
     <span class='ocr_line' id='line_1_28' title="bbox 583 2926 2890 3016; baseline -0 -23"><span class='ocrx_word' id='word_1_215' title='bbox 583 2926 863 3013; x_wconf 72' lang='lat' dir='ltr'><strong>Berwyk</strong></span> <span class='ocrx_word' id='word_1_216' title='bbox 913 2927 1274 3014; x_wconf 80' lang='lat' dir='ltr'><strong>praedictaS,</strong></span> <span class='ocrx_word' id='word_1_217' title='bbox 1329 2951 1476 2993; x_wconf 90' lang='lat' dir='ltr'><strong>cum</strong></span> <span class='ocrx_word' id='word_1_218' title='bbox 1538 2928 1707 3014; x_wconf 84' lang='lat' dir='ltr'><strong>ipsos</strong></span> <span class='ocrx_word' id='word_1_219' title='bbox 1766 2929 1851 2995; x_wconf 90' lang='lat' dir='ltr'><strong>ad</strong></span> <span class='ocrx_word' id='word_1_220' title='bbox 1902 2930 2156 2997; x_wconf 88' lang='lat' dir='ltr'><strong>easdem</strong></span> <span class='ocrx_word' id='word_1_221' title='bbox 2225 2953 2340 3016; x_wconf 89' lang='lat' dir='ltr'><strong>per</strong></span> <span class='ocrx_word' id='word_1_222' title='bbox 2390 2930 2663 2995; x_wconf 85' lang='lat' dir='ltr'><strong>dilectos</strong></span> <span class='ocrx_word' id='word_1_223' title='bbox 2718 2928 2890 2993; x_wconf 80' lang='lat' dir='ltr'><strong>filios</strong></span> 
     </span>
     <span class='ocr_line' id='line_1_29' title="bbox 585 3012 2891 3101; baseline 0.001 -22"><span class='ocrx_word' id='word_1_224' title='bbox 585 3012 876 3079; x_wconf 89' lang='lat' dir='ltr'><strong>Priorem</strong></span> <span class='ocrx_word' id='word_1_225' title='bbox 921 3028 990 3081; x_wconf 91' lang='lat' dir='ltr'><strong>et</strong></span> <span class='ocrx_word' id='word_1_226' title='bbox 1023 3016 1392 3101; x_wconf 83' lang='lat' dir='ltr'><strong>Capitulum</strong></span> <span class='ocrx_word' id='word_1_227' title='bbox 1423 3016 1711 3081; x_wconf 80' lang='lat' dir='ltr'><strong>ecclesiae</strong></span> <span class='ocrx_word' id='word_1_228' title='bbox 1744 3035 1979 3083; x_wconf 83' lang='lat' dir='ltr'><strong>nostrae</strong></span> <span class='ocrx_word' id='word_1_229' title='bbox 2012 3018 2491 3095; x_wconf 83' lang='lat' dir='ltr'><strong>Dunelmeusis,</strong></span> <span class='ocrx_word' id='word_1_230' title='bbox 2512 3039 2701 3082; x_wconf 74' lang='lat' dir='ltr'><strong>veros</strong></span> <span class='ocrx_word' id='word_1_231' title='bbox 2722 3017 2891 3101; x_wconf 76' lang='lat' dir='ltr'><strong>ipsa-</strong></span> 
     </span>
     <span class='ocr_line' id='line_1_30' title="bbox 583 3102 2891 3190; baseline 0 -24"><span class='ocrx_word' id='word_1_232' title='bbox 583 3124 724 3167; x_wconf 88' lang='lat' dir='ltr'><strong>rum</strong></span> <span class='ocrx_word' id='word_1_233' title='bbox 778 3103 1154 3168; x_wconf 83' lang='lat' dir='ltr'><strong>vicariarum</strong></span> <span class='ocrx_word' id='word_1_234' title='bbox 1204 3118 1530 3187; x_wconf 87' lang='lat' dir='ltr'><strong>patronos,</strong></span> <span class='ocrx_word' id='word_1_235' title='bbox 1589 3125 1677 3168; x_wconf 91' lang='lat' dir='ltr'><strong>ex</strong></span> <span class='ocrx_word' id='word_1_236' title='bbox 1729 3126 1920 3169; x_wconf 86' lang='lat' dir='ltr'><strong>causa</strong></span> <span class='ocrx_word' id='word_1_237' title='bbox 1968 3105 2463 3190; x_wconf 83' lang='lat' dir='ltr'><strong>permutacionis</strong></span> <span class='ocrx_word' id='word_1_238' title='bbox 2514 3102 2891 3189; x_wconf 74' lang='lat' dir='ltr'><strong>hujusmodi</strong></span> 
     </span>
     <span class='ocr_line' id='line_1_31' title="bbox 583 3190 2881 3277; baseline 0.001 -24"><span class='ocrx_word' id='word_1_239' title='bbox 583 3190 768 3254; x_wconf 85' lang='lat' dir='ltr'><strong>nobis</strong></span> <span class='ocrx_word' id='word_1_240' title='bbox 819 3192 1179 3277; x_wconf 82' lang='lat' dir='ltr'><strong>presentari</strong></span> <span class='ocrx_word' id='word_1_241' title='bbox 1231 3190 1592 3275; x_wconf 87' lang='lat' dir='ltr'><strong>contigerit,</strong></span> <span class='ocrx_word' id='word_1_242' title='bbox 1625 3212 1745 3277; x_wconf 85' lang='lat' dir='ltr'><strong>per</strong></span> <span class='ocrx_word' id='word_1_243' title='bbox 1792 3191 2056 3255; x_wconf 85' lang='lat' dir='ltr'><strong>modum</strong></span> <span class='ocrx_word' id='word_1_244' title='bbox 2112 3205 2181 3258; x_wconf 88' lang='lat' dir='ltr'><strong>et</strong></span> <span class='ocrx_word' id='word_1_245' title='bbox 2216 3214 2303 3258; x_wconf 87' lang='lat' dir='ltr'><strong>ex</strong></span> <span class='ocrx_word' id='word_1_246' title='bbox 2332 3214 2526 3259; x_wconf 85' lang='lat' dir='ltr'><strong>causa</strong></span> <span class='ocrx_word' id='word_1_247' title='bbox 2554 3206 2881 3277; x_wconf 79' lang='lat' dir='ltr'><strong>permuta·</strong></span> 
     </span>
     <span class='ocr_line' id='line_1_32' title="bbox 581 3276 2893 3364; baseline 0.001 -23"><span class='ocrx_word' id='word_1_248' title='bbox 581 3276 783 3341; x_wconf 78' lang='lat' dir='ltr'><strong>cionis</strong></span> <span class='ocrx_word' id='word_1_249' title='bbox 814 3278 1164 3364; x_wconf 84' lang='lat' dir='ltr'><strong>praedictae,</strong></span> <span class='ocrx_word' id='word_1_250' title='bbox 1215 3278 1651 3344; x_wconf 87' lang='lat' dir='ltr'><strong>admittendos</strong></span> <span class='ocrx_word' id='word_1_251' title='bbox 1680 3292 1744 3343; x_wconf 88' lang='lat' dir='ltr'><strong>et</strong></span> <span class='ocrx_word' id='word_1_252' title='bbox 1776 3292 2127 3364; x_wconf 86' lang='lat' dir='ltr'><strong>perpetuos</strong></span> <span class='ocrx_word' id='word_1_253' title='bbox 2158 3280 2427 3346; x_wconf 84' lang='lat' dir='ltr'><strong>vicarios</strong></span> <span class='ocrx_word' id='word_1_254' title='bbox 2456 3279 2893 3344; x_wconf 78' lang='lat' dir='ltr'><strong>instituendos</strong></span> 
     </span>
     <span class='ocr_line' id='line_1_33' title="bbox 584 3364 2891 3452; baseline 0.001 -25"><span class='ocrx_word' id='word_1_255' title='bbox 584 3364 650 3427; x_wconf 78' lang='lat' dir='ltr'><strong>in</strong></span> <span class='ocrx_word' id='word_1_256' title='bbox 698 3364 941 3429; x_wconf 88' lang='lat' dir='ltr'><strong>eisdem</strong></span> <span class='ocrx_word' id='word_1_257' title='bbox 987 3388 1134 3430; x_wconf 90' lang='lat' dir='ltr'><strong>cum</strong></span> <span class='ocrx_word' id='word_1_258' title='bbox 1180 3365 1474 3429; x_wconf 88' lang='lat' dir='ltr'><strong>omnibus</strong></span> <span class='ocrx_word' id='word_1_259' title='bbox 1520 3364 1646 3429; x_wconf 88' lang='lat' dir='ltr'><strong>suis</strong></span> <span class='ocrx_word' id='word_1_260' title='bbox 1679 3365 1933 3451; x_wconf 86' lang='lat' dir='ltr'><strong>juribus</strong></span> <span class='ocrx_word' id='word_1_261' title='bbox 1979 3380 2047 3432; x_wconf 83' lang='lat' dir='ltr'><strong>et</strong></span> <span class='ocrx_word' id='word_1_262' title='bbox 2088 3366 2495 3452; x_wconf 73' lang='lat' dir='ltr'><strong>pertinenciis</strong></span> <span class='ocrx_word' id='word_1_263' title='bbox 2545 3368 2891 3445; x_wconf 78' lang='lat' dir='ltr'><strong>universiS,</strong></span> 
     </span>
     <span class='ocr_line' id='line_1_34' title="bbox 585 3451 2893 3542; baseline 0.002 -27"><span class='ocrx_word' id='word_1_264' title='bbox 585 3473 838 3515; x_wconf 82' lang='lat' dir='ltr'><strong>necnon</strong></span> <span class='ocrx_word' id='word_1_265' title='bbox 869 3452 1074 3536; x_wconf 86' lang='lat' dir='ltr'><strong>ipsum</strong></span> <span class='ocrx_word' id='word_1_266' title='bbox 1116 3451 1525 3517; x_wconf 79' lang='lat' dir='ltr'><strong>willielmum</strong></span> <span class='ocrx_word' id='word_1_267' title='bbox 1556 3453 1621 3517; x_wconf 91' lang='lat' dir='ltr'><strong>in</strong></span> <span class='ocrx_word' id='word_1_268' title='bbox 1653 3453 1737 3518; x_wconf 90' lang='lat' dir='ltr'><strong>de</strong></span> <span class='ocrx_word' id='word_1_269' title='bbox 1776 3454 2027 3542; x_wconf 86' lang='lat' dir='ltr'><strong>Bedlyn</strong></span> <span class='ocrx_word' id='word_1_270' title='bbox 2075 3468 2188 3519; x_wconf 80' lang='lat' dir='ltr'><strong>ton</strong></span> <span class='ocrx_word' id='word_1_271' title='bbox 2218 3468 2286 3521; x_wconf 90' lang='lat' dir='ltr'><strong>et</strong></span> <span class='ocrx_word' id='word_1_272' title='bbox 2314 3454 2676 3521; x_wconf 87' lang='lat' dir='ltr'><strong>Johannem</strong></span> <span class='ocrx_word' id='word_1_273' title='bbox 2706 3454 2779 3518; x_wconf 89' lang='lat' dir='ltr'><strong>in</strong></span> <span class='ocrx_word' id='word_1_274' title='bbox 2808 3454 2893 3519; x_wconf 80' lang='lat' dir='ltr'><strong>de</strong></span> 
     </span>
     <span class='ocr_line' id='line_1_35' title="bbox 589 3478 2897 3629; baseline 0.001 -26"><span class='ocrx_word' id='word_1_275' title='bbox 589 3538 871 3623; x_wconf 86' lang='lat' dir='ltr'><strong>Berwyk</strong></span> <span class='ocrx_word' id='word_1_276' title='bbox 903 3537 1272 3603; x_wconf 77' lang='lat' dir='ltr'><strong>vicariatum</strong></span> <span class='ocrx_word' id='word_1_277' title='bbox 1307 3540 1743 3623; x_wconf 85' lang='lat' dir='ltr'><strong>predictarum</strong></span> <span class='ocrx_word' id='word_1_278' title='bbox 1770 3478 2171 3629; x_wconf 33' lang='lat' dir='ltr'><strong>corporalem</strong></span> <span class='ocrx_word' id='word_1_279' title='bbox 2203 3542 2667 3629; x_wconf 86' lang='lat' dir='ltr'><strong>possessionem</strong></span> <span class='ocrx_word' id='word_1_280' title='bbox 2700 3541 2897 3607; x_wconf 78' lang='lat' dir='ltr'><strong>indn-</strong></span> 
     </span>
     <span class='ocr_line' id='line_1_36' title="bbox 588 3625 2897 3716; baseline 0.003 -27"><span class='ocrx_word' id='word_1_281' title='bbox 588 3625 830 3689; x_wconf 89' lang='lat' dir='ltr'><strong>cendos</strong></span> <span class='ocrx_word' id='word_1_282' title='bbox 861 3626 1158 3690; x_wconf 88' lang='lat' dir='ltr'><strong>inducive</strong></span> <span class='ocrx_word' id='word_1_283' title='bbox 1189 3628 1604 3705; x_wconf 60' lang='lat' dir='ltr'><strong>mandamus-‚3</strong></span> <span class='ocrx_word' id='word_1_284' title='bbox 1648 3643 1995 3716; x_wconf 87' lang='lat' dir='ltr'><strong>ceteraque</strong></span> <span class='ocrx_word' id='word_1_285' title='bbox 2008 3630 2223 3695; x_wconf 79' lang='lat' dir='ltr'><strong>omnia</strong></span> <span class='ocrx_word' id='word_1_286' title='bbox 2240 3644 2306 3695; x_wconf 92' lang='lat' dir='ltr'><strong>et</strong></span> <span class='ocrx_word' id='word_1_287' title='bbox 2320 3628 2573 3715; x_wconf 81' lang='lat' dir='ltr'><strong>singula</strong></span> <span class='ocrx_word' id='word_1_288' title='bbox 2591 3628 2897 3695; x_wconf 81' lang='lat' dir='ltr'><strong>facienda</strong></span> 
     </span>
     <span class='ocr_line' id='line_1_37' title="bbox 591 3712 2897 3804; baseline 0.003 -28"><span class='ocrx_word' id='word_1_289' title='bbox 591 3724 658 3776; x_wconf 90' lang='lat' dir='ltr'><strong>et</strong></span> <span class='ocrx_word' id='word_1_290' title='bbox 707 3712 1116 3798; x_wconf 87' lang='lat' dir='ltr'><strong>expedienda</strong></span> <span class='ocrx_word' id='word_1_291' title='bbox 1160 3736 1306 3801; x_wconf 82' lang='lat' dir='ltr'><strong>quae</strong></span> <span class='ocrx_word' id='word_1_292' title='bbox 1351 3715 1417 3778; x_wconf 84' lang='lat' dir='ltr'><strong>in</strong></span> <span class='ocrx_word' id='word_1_293' title='bbox 1447 3715 1813 3801; x_wconf 90' lang='lat' dir='ltr'><strong>hujusmodi</strong></span> <span class='ocrx_word' id='word_1_294' title='bbox 1847 3717 2338 3802; x_wconf 71' lang='lat' dir='ltr'><strong>permutat-:ionis</strong></span> <span class='ocrx_word' id='word_1_295' title='bbox 2370 3716 2642 3804; x_wconf 87' lang='lat' dir='ltr'><strong>negocio</strong></span> <span class='ocrx_word' id='word_1_296' title='bbox 2672 3739 2897 3782; x_wconf 80' lang='lat' dir='ltr'><strong>neces·</strong></span> 
     </span>
     <span class='ocr_line' id='line_1_38' title="bbox 589 3799 2899 3889; baseline 0.002 -26"><span class='ocrx_word' id='word_1_297' title='bbox 589 3799 756 3865; x_wconf 86' lang='lat' dir='ltr'><strong>saria</strong></span> <span class='ocrx_word' id='word_1_298' title='bbox 805 3800 1044 3865; x_wconf 81' lang='lat' dir='ltr'><strong>fuerint</strong></span> <span class='ocrx_word' id='word_1_299' title='bbox 1087 3823 1202 3865; x_wconf 88' lang='lat' dir='ltr'><strong>seu</strong></span> <span class='ocrx_word' id='word_1_300' title='bbox 1249 3818 1589 3888; x_wconf 85' lang='lat' dir='ltr'><strong>oportuna,</strong></span> <span class='ocrx_word' id='word_1_301' title='bbox 1635 3803 1814 3869; x_wconf 82' lang='lat' dir='ltr'><strong>vobis</strong></span> <span class='ocrx_word' id='word_1_302' title='bbox 1863 3817 2097 3868; x_wconf 81' lang='lat' dir='ltr'><strong>tenore·</strong></span> <span class='ocrx_word' id='word_1_303' title='bbox 2142 3805 2541 3889; x_wconf 73' lang='lat' dir='ltr'><strong>presencium</strong></span> <span class='ocrx_word' id='word_1_304' title='bbox 2595 3807 2899 3868; x_wconf 80' lang='lat' dir='ltr'><strong>commit-</strong></span> 
     </span>
     <span class='ocr_line' id='line_1_39' title="bbox 591 3887 2899 3995; baseline 0.002 -43"><span class='ocrx_word' id='word_1_305' title='bbox 591 3887 784 3953; x_wconf 87' lang='lat' dir='ltr'><strong>timus</strong></span> <span class='ocrx_word' id='word_1_306' title='bbox 817 3887 985 3953; x_wconf 85' lang='lat' dir='ltr'><strong>vices</strong></span> <span class='ocrx_word' id='word_1_307' title='bbox 1015 3900 1263 3953; x_wconf 81' lang='lat' dir='ltr'><strong>nostras</strong></span> <span class='ocrx_word' id='word_1_308' title='bbox 1288 3912 1312 3965; x_wconf 71' lang='lat'>3</span> <span class='ocrx_word' id='word_1_309' title='bbox 1354 3890 1537 3955; x_wconf 78' lang='lat' dir='ltr'><strong>vobis</strong></span> <span class='ocrx_word' id='word_1_310' title='bbox 1566 3890 1833 3955; x_wconf 84' lang='lat' dir='ltr'><strong>firmiter</strong></span> <span class='ocrx_word' id='word_1_311' title='bbox 1860 3892 2283 3977; x_wconf 57' lang='lat' dir='ltr'><strong>injungentes,</strong></span> <span class='ocrx_word' id='word_1_312' title='bbox 2314 3893 2613 3995; x_wconf 78' lang='lat' dir='ltr'><strong>quatinus</strong></span> <span class='ocrx_word' id='word_1_313' title='bbox 2644 3891 2733 3956; x_wconf 81' lang='lat' dir='ltr'><strong>de</strong></span> <span class='ocrx_word' id='word_1_314' title='bbox 2754 3904 2899 3957; x_wconf 89' lang='lat' dir='ltr'><strong>toto</strong></span> 
     </span>
     <span class='ocr_line' id='line_1_40' title="bbox 591 3976 2900 4065; baseline 0.001 -24"><span class='ocrx_word' id='word_1_315' title='bbox 591 3998 890 4061; x_wconf 86' lang='lat' dir='ltr'><strong>processu</strong></span> <span class='ocrx_word' id='word_1_316' title='bbox 921 3997 1040 4063; x_wconf 86' lang='lat' dir='ltr'><strong>per</strong></span> <span class='ocrx_word' id='word_1_317' title='bbox 1067 3999 1182 4041; x_wconf 87' lang='lat' dir='ltr'><strong>vos</strong></span> <span class='ocrx_word' id='word_1_318' title='bbox 1213 3976 1276 4040; x_wconf 89' lang='lat' dir='ltr'><strong>in</strong></span> <span class='ocrx_word' id='word_1_319' title='bbox 1307 3976 1649 4062; x_wconf 81' lang='lat' dir='ltr'><strong>praemissis</strong></span> <span class='ocrx_word' id='word_1_320' title='bbox 1678 3978 1898 4043; x_wconf 87' lang='lat' dir='ltr'><strong>fiendo</strong></span> <span class='ocrx_word' id='word_1_321' title='bbox 1928 3978 2104 4045; x_wconf 87' lang='lat' dir='ltr'><strong>dicto</strong></span> <span class='ocrx_word' id='word_1_322' title='bbox 2130 4002 2403 4065; x_wconf 76' lang='lat' dir='ltr'><strong>negoclo</strong></span> <span class='ocrx_word' id='word_1_323' title='bbox 2432 3978 2751 4065; x_wconf 73' lang='lat' dir='ltr'><strong>expedito</strong></span> <span class='ocrx_word' id='word_1_324' title='bbox 2780 4000 2900 4043; x_wconf 80' lang='lat' dir='ltr'><strong>nos</strong></span> 
     </span>
     <span class='ocr_line' id='line_1_41' title="bbox 594 4063 2897 4154; baseline 0.001 -25"><span class='ocrx_word' id='word_1_325' title='bbox 594 4063 960 4129; x_wconf 87' lang='lat' dir='ltr'><strong>certificetis</strong></span> <span class='ocrx_word' id='word_1_326' title='bbox 1011 4063 1212 4129; x_wconf 90' lang='lat' dir='ltr'><strong>literis</strong></span> <span class='ocrx_word' id='word_1_327' title='bbox 1260 4066 1486 4130; x_wconf 84' lang='lat' dir='ltr'><strong>vestris</strong></span> <span class='ocrx_word' id='word_1_328' title='bbox 1534 4066 1901 4150; x_wconf 86' lang='lat' dir='ltr'><strong>patentibus</strong></span> <span class='ocrx_word' id='word_1_329' title='bbox 1928 4064 2318 4135; x_wconf 89' lang='lat' dir='ltr'><strong>habentibus</strong></span> <span class='ocrx_word' id='word_1_330' title='bbox 2346 4068 2537 4154; x_wconf 85' lang='lat' dir='ltr'><strong>hujus</strong></span> <span class='ocrx_word' id='word_1_331' title='bbox 2568 4082 2897 4135; x_wconf 83' lang='lat' dir='ltr'><strong>tenorem.</strong></span> 
     </span>
     <span class='ocr_line' id='line_1_42' title="bbox 602 4149 2892 4239; baseline 0.003 -25"><span class='ocrx_word' id='word_1_332' title='bbox 602 4151 680 4214; x_wconf 90' lang='lat' dir='ltr'><strong>In</strong></span> <span class='ocrx_word' id='word_1_333' title='bbox 712 4152 894 4237; x_wconf 87' lang='lat' dir='ltr'><strong>cujus</strong></span> <span class='ocrx_word' id='word_1_334' title='bbox 939 4150 1034 4215; x_wconf 88' lang='lat' dir='ltr'><strong>rei</strong></span> <span class='ocrx_word' id='word_1_335' title='bbox 1064 4149 1499 4218; x_wconf 88' lang='lat' dir='ltr'><strong>testimonium</strong></span> <span class='ocrx_word' id='word_1_336' title='bbox 1541 4151 1825 4237; x_wconf 85' lang='lat' dir='ltr'><strong>sigillum</strong></span> <span class='ocrx_word' id='word_1_337' title='bbox 1858 4168 2147 4219; x_wconf 89' lang='lat' dir='ltr'><strong>nostrum</strong></span> <span class='ocrx_word' id='word_1_338' title='bbox 2180 4152 2445 4219; x_wconf 88' lang='lat' dir='ltr'><strong>fecimus</strong></span> <span class='ocrx_word' id='word_1_339' title='bbox 2474 4154 2597 4225; x_wconf 86' lang='lat' dir='ltr'><strong>hiis</strong></span> <span class='ocrx_word' id='word_1_340' title='bbox 2626 4154 2892 4239; x_wconf 88' lang='lat' dir='ltr'><strong>apponi.</strong></span> 
     </span>
     <span class='ocr_line' id='line_1_43' title="bbox 598 4234 2901 4319; baseline 0.003 -18"><span class='ocrx_word' id='word_1_341' title='bbox 598 4234 776 4303; x_wconf 83' lang='lat' dir='ltr'><strong>Data</strong></span> <span class='ocrx_word' id='word_1_342' title='bbox 803 4238 1088 4318; x_wconf 89' lang='lat' dir='ltr'><strong>Calesiis,</strong></span> <span class='ocrx_word' id='word_1_343' title='bbox 1121 4262 1261 4305; x_wconf 85' lang='lat' dir='ltr'><strong>xxx</strong></span> <span class='ocrx_word' id='word_1_344' title='bbox 1279 4239 1388 4305; x_wconf 86' lang='lat' dir='ltr'><strong>die</strong></span> <span class='ocrx_word' id='word_1_345' title='bbox 1405 4238 1641 4305; x_wconf 86' lang='lat' dir='ltr'><strong>mensis</strong></span> <span class='ocrx_word' id='word_1_346' title='bbox 1662 4240 1704 4305; x_wconf 91' lang='lat' dir='ltr'><strong>J</strong></span> <span class='ocrx_word' id='word_1_347' title='bbox 1708 4239 1863 4319; x_wconf 88' lang='lat' dir='ltr'><strong>unii,</strong></span> <span class='ocrx_word' id='word_1_348' title='bbox 1896 4263 2067 4307; x_wconf 89' lang='lat' dir='ltr'><strong>anno</strong></span> <span class='ocrx_word' id='word_1_349' title='bbox 2096 4241 2365 4309; x_wconf 86' lang='lat' dir='ltr'><strong>Domini</strong></span> <span class='ocrx_word' id='word_1_350' title='bbox 2396 4242 2739 4309; x_wconf 85' lang='lat' dir='ltr'><strong>millesimo</strong></span> <span class='ocrx_word' id='word_1_351' title='bbox 2772 4260 2901 4307; x_wconf 75' lang='lat' dir='ltr'><strong>ccc</strong></span> 
     </span>
     <span class='ocr_line' id='line_1_44' title="bbox 598 4326 2139 4413; baseline 0.006 -24"><span class='ocrx_word' id='word_1_352' title='bbox 598 4326 1034 4413; x_wconf 78' lang='lat' dir='ltr'><strong>nonagesimo,</strong></span> <span class='ocrx_word' id='word_1_353' title='bbox 1069 4340 1134 4393; x_wconf 88' lang='lat' dir='ltr'><strong>et</strong></span> <span class='ocrx_word' id='word_1_354' title='bbox 1167 4339 1406 4402; x_wconf 82' lang='lat' dir='ltr'><strong>nostrae</strong></span> <span class='ocrx_word' id='word_1_355' title='bbox 1438 4327 1879 4397; x_wconf 83' lang='lat' dir='ltr'><strong>translacionis</strong></span> <span class='ocrx_word' id='word_1_356' title='bbox 1913 4329 2139 4399; x_wconf 76' lang='lat' dir='ltr'><strong>tercio·</strong></span> 
     </span>
    </p>
   </div>
  </div>
 </body>
</html>
