3000 5117
503 356 754 432 ccxxiv
985 376 1186 429 msr.
1224 375 1580 429 nonum.
1622 374 2075 429 sempronss
2109 374 2319 427 rans.

508 538 689 605 liensi
723 539 861 604 fore
891 549 1276 626 attemptata
1305 536 1404 603 vel
1435 536 1903 625 attemptanda,
1954 528 2077 601 sed
2113 552 2261 623 quae
2302 546 2452 601 sunt
2482 534 2549 601 in
2580 537 2812 623 speeie,

505 650 586 691 eo
629 626 804 714 quod
851 626 1140 690 nondum
1189 649 1232 691 a
1274 643 1460 711 patre
1489 647 1637 690 meo
1694 624 2110 702 Eboracensi,
2162 635 2508 724 postquam
2552 622 2817 689 devenit

504 714 592 780 ad
645 726 876 798 partes,
907 713 1210 779 nuncium
1259 713 1363 777 vel
1413 712 1721 798 scriptum
1748 712 1985 797 recepi,
2038 713 2291 796 penitus
2342 732 2625 799 ignoro3
2670 712 2817 777 ideo

507 821 884 886 responsum
915 799 1176 886 plenum
1207 798 1480 865 reddere
1510 821 1643 864 non
1674 798 1856 863 valeo
1886 818 2006 884 pro
2033 797 2358 884 praesenti.
2456 798 2595 863 Sed
2624 820 2816 884 super

505 886 872 991 praemissis»,
925 886 1150 975 habito
1199 884 1466 952 consilio
1494 886 1785 987 provido
1834 902 1983 949 cum
2030 884 2284 961 eodem,
2315 884 2629 972 quicquid
2660 885 2815 950 mihi

505 973 817 1039 incumbit
847 973 916 1037 in
939 972 1062 1039 hac
1083 986 1265 1073 parte
1293 974 1620 1059 perfieram
1652 984 1795 1039 toto
1822 988 2032 1059 posse.
2126 970 2428 1036 Vestram
2458 974 2815 1058 paternita-

507 1074 640 1126 tem
692 1060 1282 1125 reverendissimam
1333 1060 1400 1124 in
1446 1058 1697 1126 eunctis
1742 1059 2010 1149 agendis
2060 1057 2324 1124 roboret
2365 1070 2435 1124 et
2491 1058 2817 1124 confortet

505 1148 712 1215 nostri
749 1146 1100 1213 clemencia
1143 1147 1516 1214 Salvatoris.
1604 1146 1861 1233 Scripta
1888 1144 2217 1223 Dunelmi,
2250 1143 2314 1207 in
2344 1146 2632 1211 erastino
2666 1145 2817 1232 Epi-

552 1234 785 1300 haniae.
873 1234 1599 1317 Suboeripcio-Vestrae
1639 1232 2043 1319 paternitatis
2072 1244 2294 1297 orator
2322 1232 2678 1298 continuus
2706 1234 2816 1298 Jo-

503 1258 750 1387 iiannes
799 1321 986 1387 Prior
1027 1320 1498 1386 Dunelmensis.
1586 1318 2711 1404 Super-scripct‘o—-Reverendissimo
2754 1319 2817 1383 in

511 1408 774 1474 Christo
815 1407 986 1494 patri
1026 1407 1304 1473 ,Iohanni
1347 1406 1432 1473 de
1474 1408 1716 1473 Sancto
1746 1406 2005 1474 Albano
2034 1404 2277 1471 Abbati
2306 1405 2547 1473 seniori
2584 1404 2817 1491 Nigro-

507 1516 650 1561 rum
686 1494 1158 1562 Monaehorum
1186 1494 1253 1559 in
1283 1492 1557 1583 Angliat

687 1956 823 2005 cel.
873 1938 1129 2003 LszRA
1159 1956 1418 2003 nonnul
1450 1956 1733 2003 Pmoms
1763 1956 2251 2029 mrnascftn’n
2286 1958 2531 2007 Rurssa
2562 1955 2641 2002 m

687 2044 1018 2090 mocnsln
1049 2044 1583 2089 nunssnnnmsmu
1628 2046 1767 2090 PRO
1815 2044 2161 2089 munuum
2208 2044 2643 2091 Bnnmosmls

685 2130 1154 2177 commeamus
1198 2132 1287 2175 AD
1335 2131 1691 2178 tanmem
1738 2132 2179 2178 MoNAs'rssnn·
2209 2132 2645 2177 DUNBLMEN-

681 2218 798 2264 818.

1261 2334 1422 2409 [aeg.
1449 2336 1533 2393 11.
1560 2338 1715 2393 rm.
1740 2334 1831 2391 foi.
1854 2334 1938 2390 εα
1960 2338 2037 2404 ιλ]

601 2476 931 2545 Universis
973 2490 1216 2545 sanctae
1260 2478 1481 2544 matris
1525 2476 1815 2544 ecclesioe
1842 2476 1989 2543 filiis
2032 2487 2257 2563 pateat
2285 2492 2415 2563 per·
2430 2492 2815 2564 praesenteS‚

503 2566 682 2651 quod
731 2588 850 2630 nos
907 2565 1260 2645 Johannes,
1318 2564 1507 2630 Prior
1551 2566 1842 2630 eeclesiae
1888 2563 2273 2631 cathedralis
2324 2565 2813 2647 DunelmensiS,

505 2650 898 2729 ordinamus,
919 2652 1185 2717 facimus
1206 2665 1277 2716 et
1297 2651 1742 2717 constituimus
1772 2650 2077 2717 dilectum
2110 2652 2297 2717 nobis
2322 2650 2385 2715 in
2413 2652 2685 2719 Christo
2704 2655 2820 2721 Jo-

501 2736 780 2802 hannem
820 2738 1112 2805 Walkere
1156 2740 1506 2817 literatum,
1540 2738 1625 2803 de
1642 2738 2007 2821 *Dunelmo,
2034 2738 2310 2823 ‘latorem
2358 2744 2813 2825 proesencium‚

501 2837 985 2909 procuratorem
1027 2837 1318 2891 nostrum
1350 2841 1417 2891 et
1444 2825 1752 2891 nuncium
1798 2826 2161 2911 specialem,
2192 2848 2387 2889 uuam
2416 2848 2685 2893 crucem
2716 2850 2818 2893 ar-

585 2924 802 2977 nteam
830 2924 898 2977 et
925 2911 1300 2978 deauratam
1329 2934 1477 2979 eum
1508 2911 1807 3000 ymagine
1857 2911 2125 2978 Domini
2156 2911 2533 2990 SalvatoriS,
2570 2928 2816 2979 sanctae

588 2996 741 3063 ariae
769 2997 1052 3087 virginis,
1085 3021 1162 3065 ac
1206 2999 1412 3065 sancti
1454 2998 1768 3065 ,Iohannis
1796 2997 2235 3085 evangelistae,
2266 3022 2345 3064 ac
2372 3001 2585 3064 eciam
2618 3024 2817 3067 unam

499 3081 879 3234 particulam
911 3086 1108 3171 panni
1153 3086 1284 3151 albi
1315 3086 1382 3151 in
1415 3108 1547 3173 quo
1590 3106 1823 3172 eorpus
1864 3084 2067 3151 sancti
2099 3086 2447 3151 Cuthberti
2476 3087 2604 3151 fuit
2638 3089 2823 3153 invo-

527 3182 710 3236 utum
739 3194 854 3257 per
882 3173 1383 3260 quadringentos
1411 3195 1635 3251 annos,
1665 3186 1860 3260 atque
1890 3194 2089 3237 unum
2117 3172 2619 3238 instrumentum
2652 3177 2822 3260 pub-

497 3255 695 3322 licum
725 3260 1071 3325 ostendens
1105 3258 1553 3345 Indulgencias
1604 3280 1941 3325 concessas
1970 3280 2087 3343 per
2116 3280 2400 3324 summos
2432 3250 2817 3341 Pontifices,

506 3341 1060 3429 Archiepiscopos,
1087 3357 1155 3412 et
1191 3345 1571 3446 Epis-copes,
1602 3345 1743 3425 hiis,
1773 3347 1886 3433 qui
1910 3367 2137 3423 manus
2166 3346 2515 3431 adjutrices
2545 3348 2819 3415 fabricae

500 3428 792 3495 ecclesiae
843 3430 1297 3496 Dunelmensis
1344 3445 1698 3518 apponunt,
1745 3454 1963 3498 secum
2016 3432 2439 3510 deferentem,
2466 3433 2553 3498 ad
2587 3449 2821 3519 peten-

500 3516 657 3581 dum
710 3514 1142 3601 colligendum
1188 3532 1258 3583 et
1307 3519 1749 3606 recipiendum
1796 3518 2061 3585 nomine
2106 3532 2329 3584 nostro
2356 3518 2652 3585 fidelium
2684 3524 2822 3589 ele-

499 3601 800 3676 mosinas,
825 3603 1010 3669 nobis
1039 3628 1116 3671 ac
1143 3604 1406 3673 fabricae
1433 3606 1721 3673 ecclesiae
1744 3606 1946 3673 sancti
1971 3606 2316 3673 Cuthberti
2342 3603 2819 3675 Dunelmensis

499 3689 609 3778 pia
663 3688 952 3757 fidelium
996 3688 1348 3759 devocione
1391 3692 1599 3773 datas,
1632 3693 1899 3770 dandas,
1946 3694 2322 3779 assignatas,
2367 3692 2817 3778 assignandaS‚

491 3777 662 3845 infra
688 3776 997 3844 diocesim
1015 3778 1545 3860 Dunelmensem,
1570 3802 1647 3845 ac
1674 3780 1761 3845 ad
1789 3780 1909 3845 sibi
1946 3780 2465 3847 substituendum
2496 3802 2818 3865 procura·

499 3878 708 3933 torem
740 3888 855 3931 seu
899 3883 1367 3951 procuratores.
1401 3867 1703 3932 nuncium
1744 3889 1857 3933 seu
1890 3869 2181 3946 nuncios‘,
2214 3866 2669 3953 coadjutorem
2700 3892 2819 3935 seu

499 3952 930 4039 coadjutores,
961 3966 1030 4019 et
1058 3953 1142 4019 ad
1171 3953 1430 4019 eosdem
1461 3967 1529 4019 et
1569 3976 1794 4019 eorum
1823 3966 2209 4041 potestatem
2238 3954 2703 4034 revocandum,
2736 3978 2821 4023 ac

497 4040 586 4106 ad
616 4039 974 4106 faciendum
1006 4040 1224 4107 omnia
1251 4054 1319 4105 et
1347 4040 1620 4129 singula,
1652 4064 1797 4131 quae
1828 4042 1913 4107 ad
1941 4042 2312 4128 hujusmodi
2342 4039 2626 4107 officium
2658 4066 2816 4129 per-

499 4128 706 4195 tinent
727 4148 989 4216 quoquo
1009 4128 1222 4206 modo,
1249 4128 1448 4193 eciam
1472 4129 1525 4193 si
1549 4129 1923 4196 mandatum
1945 4131 2212 4213 exigant
2234 4128 2513 4215 speciale
2540 4149 2559 4205 ;
2591 4142 2815 4195 ratum

500 4212 812 4281 habentes
864 4230 932 4281 et
989 4214 1242 4279 firmum
1303 4215 1606 4303 quicquid
1658 4238 1775 4301 per
1823 4214 2205 4303 praedictum
2266 4215 2637 4281 Johannem
2692 4240 2811 4281 seu

499 4300 901 4386 coadjutores
949 4302 1232 4386 ejusdem
1283 4318 1523 4381 actum,
1574 4317 1848 4386 gestum,
1900 4300 2002 4366 vel
2046 4313 2461 4387 procuratum
2516 4301 2807 4386 legitime

499 4386 692 4455 fuerit
745 4386 811 4451 in
864 4387 1220 4475 praemissiS,
1271 4389 1713 4475 procuratoria
1758 4410 2183 4477 quaecumque
2230 4388 2365 4454 aliis
2410 4388 2588 4475 prius
2635 4388 2809 4455 facta
