3000 5117
667 489 1084 546 Arrsumx.
1145 488 1324 542 Anu.
1369 485 1807 540 mccxxvm.
2253 455 2393 528 lxix

97 661 232 724 toris
273 656 522 723 solacio
569 656 900 722 destituta.
999 653 1166 718 Cum
1214 665 1430 716 autem
1471 671 1651 714 mora
1682 652 1745 712 in
1780 646 2011 712 talibus
2041 642 2389 741 plurimum

97 745 349 813 ecclesiis
403 746 490 810 sit
543 745 921 830 dampnosa,
967 739 1352 806 fraternitati
1401 754 1531 802 tuae
1582 759 1693 822 per
1744 733 2097 820 apostolica
2148 745 2388 813 scripta

99 835 474 910 mandamus,
507 831 812 920 quatinus
843 823 1007 893 infra
1035 828 1307 894 duarum
1341 823 1655 890 mensium
1682 823 1969 908 spacium
1994 831 2139 904 post
2162 838 2385 916 “3³⁹9ss

99 923 316 986 cionem
349 920 804 1006 praesencium,
841 917 906 980 in
937 914 1130 1000 ipsius
1161 913 1498 980 eleccionis
1529 910 1820 996 negocio,
1843 909 2041 992 juxta
2069 905 2257 970 officu
2290 916 2383 967 tui

101 1010 384 1086 debitum,
433 1007 664 1094 previa
691 1006 950 1070 racione
983 1000 1314 1088 procedas.
1411 999 1611 1074 Quod
1640 997 1693 1062 si
1722 995 1889 1061 forte
1920 995 2084 1058 infra
2114 991 2385 1078 praedic-

105 1111 216 1160 tum
267 1111 520 1180 tempus
573 1117 705 1158 non
759 1090 1022 1157 duxeris
1079 1087 1585 1174 procedendum,
1618 1081 1957 1150 eleccionis
2010 1081 2277 1145 sormam
2320 1093 2387 1143 et

109 1205 438 1267 processum
467 1182 670 1267 ipsius
700 1181 782 1244 ad
815 1201 938 1244 nos
967 1176 1106 1242 sine
1139 1175 1476 1260 dispendio
1497 1196 1699 1238 morae
1722 1170 2011 1236 remittas
2036 1192 2054 1244 ;
2102 1183 2175 1232 ut
2196 1189 2387 1252 super

109 1272 204 1333 hoc
249 1271 422 1357 quod
475 1269 836 1334 secundum
892 1265 1112 1331 Deum
1161 1262 1578 1326 statuendum
1622 1259 1963 1324 viderimus
2009 1269 2381 1321 statuamus.

115 1357 257 1421 Data
307 1357 644 1435 Laterani,
679 1377 746 1418 v1
803 1352 1110 1418 kalendas
1150 1351 1463 1429 Jauuarii,
1516 1346 1923 1433 pontificatus
1978 1345 2177 1408 nostri
2218 1365 2387 1406 anno

114 1444 434 1509 undecimo-
819 1435 832 1446 ⁰

257 1805 369 1850 Lu.
449 1806 692 1850 BULLA
753 1803 1096 1850 Gnsscoml
1161 1804 1236 1848 lx
1297 1805 1494 1848 Mlssa
1558 1801 1624 1850 R.
1690 1801 2211 1848 SAmsnmtmnst

257 1893 593 1938 triscot’o
673 1893 762 1936 UT
838 1893 927 1935 An
997 1892 1480 1938 BPISCOPATUM
1548 1891 2073 1934 DUNELMENSEM
2134 1893 2211 1935 SR

253 1980 758 2024 TRANSFERRRT
790 1981 877 2022 ΒΤ
909 1979 1294 2024 ECCLBSIAM
1329 1978 1547 2022 ILLAM
1578 1978 1917 2028 TANQUAM
1948 1979 2211 2024 PASTOR

251 2067 474 2112 Bonus
524 2068 674 2110 TAM
729 2067 804 2110 m
849 2067 1380 2112 splm‘ruaunus
1414 2063 1613 2116 QUAM
1660 2065 2207 2112 TEMPORAmBus

257 2155 666 2201 coLLAPSUM
700 2155 788 2197 AD
823 2154 1214 2200 Pnts'rmum
1246 2153 1519 2198 STATUM
1556 2153 1983 2198 REVOCARET.

920 2271 1096 2336 [cart.
1121 2273 1237 2324 111.
1265 2271 1302 2322 f.
1331 2271 1442 2324 ιω.
1472 2273 1549 2336 ιη

189 2388 522 2477 Gregorius
581 2388 960 2474 Episcopus,
991 2410 1212 2453 servus
1255 2410 1585 2453 servorum
1639 2385 1787 2467 Dei,
1824 2387 2171 2454 venerabili
2206 2391 2387 2456 fratri

132 2473 558 2542 Saresbei·iensi
589 2474 914 2562 Episcopo
941 2475 1356 2560 apostolicam
1391 2474 1939 2542 benediccionem.
2038 2478 2385 2544 Eleccione

131 2583 293 2648 nuper
321 2565 486 2630 facta
513 2566 602 2631 de
633 2564 872 2628 dilecto
901 2564 1038 2628 filio
1080 2563 1170 2626 W.
1211 2563 1685 2628 Archidiacono
1714 2564 2155 2651 Wigorniensi
2188 2566 2249 2629 in
2282 2589 2388 2632 ec-

131 2649 282 2716 clesia
329 2651 779 2728 Dunelmensi‚
811 2671 930 2736 pro
984 2674 1064 2716 eo
1109 2651 1284 2736 quod
1334 2662 1722 2736 attemptata
1764 2651 1975 2717 suerat
2004 2666 2228 2717 contra
2258 2654 2388 2717 l'or·

135 2757 263 2801 mam
295 2741 566 2804 Concilii
599 2739 962 2814 Generalis,
984 2738 1248 2824 justicia
1275 2738 1608 2822 exigente,
1640 2752 1926 2816 cassata;
1972 2763 2091 2806 nos
2120 2739 2387 2826 provide

131 2827 510 2905 attendentes,
544 2827 726 2914 quod
755 2840 1000 2912 quanto
1030 2825 1252 2890 eadem
1287 2826 1557 2890 ecclesia
1584 2838 1685 2890 est
1714 2825 2025 2914 insignior
2078 2841 2259 2893 tanto
2289 2843 2390 2893 est

133 2914 422 2980 notabilior
466 2916 681 3000 lapsus
727 2914 888 2998 ejus,
918 2913 1002 2976 de
1049 2913 1468 2998 repat-acione
1514 2913 1653 2997 ejus
1696 2915 1902 2978 coacti
1932 2937 2149 2980 sumus
2195 2917 2387 2981 anxie
2472 2973 2483 2980 .

130 3000 386 3082 cogitare.
475 3003 650 3066 cum
701 3001 874 3066 enim
927 3000 1046 3064 sub
1098 3000 1326 3064 umbra
1357 3001 1702 3066 Pastorum
1754 3002 2059 3086 prodigos
2092 3003 2390 3069 habuerit

131 3085 482 3170 dispersores,
515 3089 628 3176 qui
661 3111 788 3152 non
817 3087 1023 3152 solum
1055 3107 1264 3152 errata
1292 3087 1615 3172 corrigere
1654 3089 1754 3151 vel
1780 3089 2065 3172 dispersa
2085 3089 2387 3174 colligere

131 3191 228 3234 non
267 3191 578 3253 curarunt,
611 3176 750 3254 sed,
785 3197 904 3240 uec
953 3175 1102 3240 lana
1151 3197 1272 3238 nec
1324 3175 1490 3239 lacte
1524 3176 1839 3252 contenti,
1874 3176 2077 3260 pelles
2108 3177 2387 3263 desuper

135 3260 328 3326 ossibus
356 3264 804 3349 dissipatarum
836 3261 1054 3328 ovium
1079 3261 1436 3346 rapiebant,
1472 3261 1751 3328 lacerato
1780 3285 1979 3346 grege
2010 3265 2381 3345 Dominico,

138 3348 316 3413 eadem
343 3352 618 3416 ecclcsia-
641 3349 926 3434 graviter
956 3367 1054 3412 est
1079 3347 1140 3412 in
1173 3347 1609 3434 spiritualibus
1640 3349 2000 3415 deformata
2029 3366 2098 3415 et
2128 3351 2192 3416 in
2228 3367 2387 3417 tem·

141 3436 410 3514 poralibus
437 3438 778 3505 diminuta.
878 3436 1098 3510 Quare
1127 3435 1458 3521 cupientes
1489 3436 1549 3500 ei
1580 3437 1662 3501 de
1694 3437 1931 3502 idoneo
1952 3440 2385 3528 gubernatore

139 3523 433 3604 consulere,
465 3525 578 3613 qui
609 3525 892 3609 dampna
923 3523 1234 3607 praeteriti
1267 3523 1599 3607 tempori-5,
1627 3523 1913 3589 Domino
1936 3527 2151 3606 dante,
2178 3551 2383 3593 resar-

140 3606 288 3686 ciens,
315 3613 592 3699 requirat
619 3611 794 3698 quod
827 3609 1126 3695 perierat,
1151 3609 1329 3696 quod
1353 3623 1452 3673 est
1481 3611 1803 3694 abjectum
1828 3613 2115 3692 reducat,
2142 3631 2211 3680 et
2232 3639 2384 3680 con-

141 3694 320 3761 solidet
345 3701 514 3799 quod
547 3699 870 3763 infirmum
899 3719 916 3772 ;
949 3713 1014 3760 te
1047 3697 1165 3782 ipsi
1196 3695 1483 3761 ecclesiae
1514 3698 1907 3782 providimus
1939 3701 2005 3765 in
2038 3718 2380 3787 pastorem,

143 3799 224 3876 spe
247 3785 414 3850 nobis
439 3787 770 3872 proposita
797 3784 974 3873 quod
999 3783 1124 3861 ille,
1157 3784 1268 3884 qui
1297 3785 1458 3848 dans
1490 3784 1757 3850 virtutes
1788 3790 2049 3872 praemia
2080 3790 2389 3873 elargitur

147 3872 340 3962 virtutis
381 3887 508 3939 tuae
555 3875 786 3938 merito
813 3870 1150 3938 ecclesiam
1183 3894 1386 3955 ipsam
1416 3872 1481 3935 in
1514 3885 1749 3936 statum
1780 3888 1847 3938 et
1878 3875 2189 3940 honorem
2224 3881 2387 3960 pris-

145 3963 302 4020 tmum
339 3960 754 4035 restaurabit;
801 3959 1000 4024 immo
1052 3977 1120 4023 et
1162 3976 1346 4042 grata
1371 3959 1821 4044 multiplicabit
1852 3963 1918 4024 in
1950 3961 2386 4044 spiritualibus

147 4053 196 4102 et
217 4049 640 4137 temporalibus
673 4048 1091 4112 incrementa.
1187 4047 1355 4110 Cum
1387 4046 1584 4133 igitur
1612 4048 1788 4133 quod
1819 4070 1860 4112 a
1889 4048 2071 4112 nobis
2102 4063 2201 4114 est
2232 4073 2381 4114 cum

148 4125 550 4223 deliberacione
594 4133 918 4221 provisum
973 4146 1036 4198 te
1082 4131 1310 4198 deceat
1347 4133 1676 4198 humiliter
1706 4149 2056 4218 acceptare,
2090 4137 2387 4202 fraterni-

153 4229 360 4284 nssatem
387 4237 556 4288 tuam
589 4243 908 4310 rogamus»,
943 4243 1294 4297 monemuS,
1317 4236 1386 4286 et
1413 4221 1747 4284 hortamur
1770 4237 2017 4286 attente
2039 4246 2154 4308 per
2179 4227 2386 4311 Apos-

155 4303 300 4368 tolica
326 4308 430 4373 tibi
459 4311 712 4396 scripta,
749 4309 816 4372 in
848 4308 1084 4374 virtute
1121 4306 1396 4392 Spiritus
1431 4307 1671 4382 Sancti,
1700 4309 1819 4371 sub
1850 4309 2238 4377 obedientiae
2268 4317 2383 4379 de-

157 4384 272 4482 bito,
298 4394 561 4464 districte
603 4392 1046 4484 praecipiendo
1092 4395 1472 4459 mandantes
1501 4409 1571 4458 et
1602 4395 1993 4460 obtestantes
2026 4419 2141 4482 per
2170 4425 2385 4486 asper-

159 4495 346 4546 sionem
381 4487 694 4572 sanguinis
743 4484 898 4550 Jesu
934 4481 1196 4558 Christi,
1231 4483 1531 4629 qgatinus
1577 4480 1941 4566 hujusmodi
1974 4487 2155 4554 oneri
2186 4489 2302 4554 tibi
2342 4515 2386 4553 a

1181 4589 1220 4630 E
1269 4581 1286 4596 .
