3000 5117
507 494 689 573 clxx
1017 514 1217 565 ms‘r.
1259 514 1611 565 DUNELM.
1652 515 2109 567 sempronns
2146 515 2356 567 mss.

801 972 806 977 “
835 970 940 1015 eL.
989 966 1410 1013 RRSIGNACIO
1441 968 1837 1013 PmonA‘rth
1866 970 2107 1015 SANCTI
2142 972 2525 1019 mmmmm.

1439 1087 1599 1156 [neg.
1626 1088 1705 1139 11.
1728 1086 1766 1139 f.
1790 1090 1932 1157 soz]

621 1210 698 1275 In
745 1208 1006 1275 nomine
1054 1204 1344 1284 Domini,
1379 1206 1617 1271 Arnen.
1710 1205 1837 1271 Per
1885 1226 2165 1291 praesens
2218 1209 2547 1297 publicum
2596 1210 2841 1275 Instru-

525 1315 812 1363 mentum
843 1297 1088 1362 cunctis
1118 1307 1428 1381 appareat
1455 1291 1812 1372 evidenter,
1845 1294 2041 1381 quod,
2074 1298 2355 1362 annoab
2388 1298 2841 1363 incarnacione

528 1385 818 1463 Domini,
867 1382 1218 1449 secundum
1263 1403 1521 1445 cursum
1564 1395 1632 1446 et
1676 1382 2231 1466 computacionem
2269 1385 2560 1450 ecclesiae
2612 1386 2845 1470 Angli·

523 1494 728 1549 canae,
777 1471 1118 1536 millesimo
1165 1491 1275 1534 ccc
1319 1468 1740 1553 nonogesimo
1776 1470 2004 1553 primo,
2038 1470 2397 1538 indiccione
2428 1494 2539 1551 xv,
2569 1475 2845 1559 pontifi-

525 1573 706 1624 catus
723 1556 1104 1623 sanctissimi
1127 1556 1194 1620 in
1221 1555 1483 1623 Christo
1506 1554 1707 1641 patris
1725 1569 1793 1620 et
1816 1555 2059 1621 domini
2082 1561 2281 1623 nostri
2302 1560 2546 1624 domini
2582 1560 2842 1625 Urbani

525 1646 744 1711 divina
794 1644 1208 1730 providencia
1263 1643 1458 1727 Papae
1508 1643 1662 1707 noni
1709 1665 1879 1708 anno
1924 1646 2229 1724 secundo,
2263 1647 2494 1711 mensis
2532 1648 2845 1713 Octobris

511 1733 634 1798 'die
675 1754 779 1811 111,
835 1733 901 1795 in
949 1730 1258 1817 superiori
1309 1752 1567 1795 camera
1624 1731 1861 1797 Prior-is
1898 1730 2375 1812 Dunelmensis.
2411 1735 2581 1799 insta
2616 1737 2847 1801 Abba-

527 1822 728 1886 thiam
775 1818 1304 1897 Dunelmensem,
1351 1819 1417 1883 in
1447 1817 1575 1883 mei
1602 1818 1836 1884 notarii
1868 1820 2106 1905 publici
2134 1835 2200 1886 et
2234 1822 2487 1887 testium
2518 1823 2850 1909 subscrip-

507 1922 742 1974 ·torum
765 1906 1116 1993 praesencia
1143 1905 1561 1992 personaliter
1588 1907 1971 1971 constitutus
2002 1910 2395 1974 reverendus
2416 1910 2515 1973 vir
2538 1912 2845 1975 dominus

521 1997 852 2063 Johannes
883 1994 966 2059 de
1004 1993 1607 2082 Hemmyngburgh,
1645 1993 1831 2059 Prior
1858 1994 2149 2060 ecclesiae
2172 1997 2558 2063 cathedralis
2586 1998 2849 2064 Dunel·

525 2085 758 2150 mensis
807 2082 1068 2160 electus,
1115 2083 1555 2159 confirmatus,
1598 2094 1665 2145 et
1706 2080 2080 2160 installatus,
2122 2085 2447 2171 quandam
2494 2090 2843 2153 renuncia-

521 2173 779 2237 cionem
807 2170 962 2236 fecit
989 2187 1057 2234 et
1087 2168 1246 2254 legit
1273 2172 1341 2233 in
1374 2168 1625 2255 scriptis
1654 2168 2133 2253 continentibus
2166 2172 2337 2237 hunc
2372 2188 2691 2239 tenorem.
2768 2176 2843 2239 ln

527 2258 658 2325 Dei
701 2257 982 2337 nomine,
1021 2260 1252 2325 Amen.
1345 2256 1492 2340 Ego
1521 2255 1849 2321 Johannes
1878 2258 1963 2322 de
2001 2258 2611 2348 Hemmyngburgh,
2655 2262 2847 2326 Prior

527 2346 986 2415 Dunelmensis
1029 2345 1318 2410 ecclesiae
1361 2344 1625 2422 electuS,
1674 2346 1975 2411 canonice
2006 2347 2421 2413 confirmatus
2452 2363 2518 2413 et
2550 2350 2840 2414 installa-

523 2450 652 2514 ωε,
703 2434 912 2499 officio
965 2433 1294 2499 Prior-atus
1337 2431 1626 2497 ecclesiae
1656 2432 1859 2497 sancti
1896 2433 2241 2513 Leonardi,
2262 2439 2459 2520 juxta
2491 2436 2841 2503 Staunfor-

527 2524 722 2601 diam,
755 2544 933 2608 pure,
965 2532 1195 2606 sponte
1245 2534 1314 2584 et
1363 2518 1659 2585 absolute
1708 2520 1893 2598 ced0,
1927 2522 2228 2608 omnique
2265 2522 2399 2609 juri
2432 2525 2655 2607 vigore
2688 2546 2839 2610 pre-

523 2609 926 2689 sentacioniS,
960 2605 1404 2685 institucionis,
1427 2620 1492 2671 et
1527 2606 1940 2686 induccioniS,
1966 2611 2027 2672 in
2060 2626 2126 2673 et
2156 2610 2241 2673 de
2272 2632 2549 2695 persona
2579 2634 2731 2676 mea
2752 2612 2837 2677 de

525 2701 668 2784 ipso
703 2696 1000 2763 Prioratu
1047 2694 1248 2759 sancti
1287 2694 1613 2760 Leonardi
1656 2694 1903 2759 dudum
1946 2694 2127 2762 factis
2156 2697 2349 2761 michi
2380 2697 2683 2785 quaesitO,
2720 2722 2835 2763 seu

527 2784 752 2873 quovis
783 2784 979 2849 modo
1007 2782 1418 2867 competenti,
1451 2784 1782 2860 renuncio‚
1832 2795 1897 2847 et
1942 2782 2150 2871 ipsum
2188 2783 2515 2851 Prioratus
2548 2786 2835 2851 officium

529 2886 596 2937 et
627 2872 910 2957 ejusdem
956 2870 1144 2934 officii
1175 2867 1659 2954 possessionem,
1692 2891 1838 2934 cum
1867 2869 1998 2935 suis
2036 2871 2287 2959 juribus
2318 2886 2385 2936 et
2418 2872 2835 2957 pertinenciis

529 2960 818 3025 totaliter
846 2958 1105 3024 dimitto
1155 2958 1220 3021 in
1273 2957 1394 3022 hiis
1426 2958 1679 3043 scriptis
1708 2957 1773 3022 in
1804 2980 2027 3022 manus
2056 2959 2358 3047 Episcopi
2394 2960 2835 3047 Lyncolnien-

523 3048 631 3116 sis,
731 3046 818 3112 Et
869 3048 1041 3113 idem
1095 3042 1390 3112 dominus
1442 3045 1771 3111 Johannes
1801 3045 2153 3125 constituit,
2194 3046 2366 3125 fecit,
2400 3062 2468 3113 et
2496 3048 2831 3115 ordinavit

523 3148 969 3222 procuratores
997 3156 1146 3199 suos
1175 3134 1505 3198 dominum
1534 3132 1887 3218 Hugonem
1917 3134 2001 3199 de
2023 3134 2416 3221 Schyrborn,
2438 3137 2835 3203 monachum

526 3223 720 3289 dictae
773 3222 1060 3289 ecclesiae
1116 3220 1589 3298 DunelmensiS,
1638 3220 2013 3305 magistrum
2053 3222 2420 3288 Johannem
2450 3224 2535 3288 de
2572 3224 2839 3291 Havet-

525 3310 708 3377 sham
739 3324 807 3376 et
836 3310 1206 3397 magistrum
1237 3308 1603 3373 ,Iohannem
1648 3292 1729 3373 de
1770 3308 2146 3388 Bottisham,
2180 3323 2247 3375 et
2284 3310 2609 3375 Thomam
2645 3314 2834 3390 Vovit,

527 3412 594 3464 et
626 3420 848 3463 eorum
869 3396 1243 3485 quemlibet,
1273 3394 1334 3459 in
1363 3397 1667 3475 solidum,
1688 3395 1781 3461 ita
1807 3397 1981 3483 quod
2004 3419 2132 3463 non
2164 3399 2246 3462 sit
2272 3398 2501 3463 melior
2532 3402 2839 3465 condicio

529 3486 929 3570 occupantis,
957 3496 1058 3549 set
1101 3483 1278 3570 quod
1323 3505 1485 3547 unus
1516 3506 1741 3548 eorum
1784 3483 2094 3570 inceperit
2122 3484 2395 3572 quilibet
2425 3509 2653 3552 eorum
2686 3511 2841 3573 pro-

493 3618 498 3624 -
531 3572 714 3660 sequi
736 3573 948 3638 valeat
970 3585 1036 3637 et
1053 3570 1260 3648 finire,
1274 3569 1430 3635 dans
1453 3585 1521 3635 et
1544 3572 1899 3637 concedens
1920 3572 2180 3651 eisdem,
2208 3588 2276 3639 et
2298 3596 2519 3639 eorum
2538 3574 2834 3653 cuilibet,

531 3674 921 3749 potestatem
951 3658 1288 3746 specialem
1335 3676 1400 3723 et
1433 3658 1804 3724 mandatum
1836 3660 2113 3745 speciale
2144 3682 2263 3726 suo
2308 3665 2569 3727 nomine
2616 3664 2838 3728 officio

538 3748 864 3815 Prioratus
893 3745 1180 3812 ecclesiae
1209 3746 1412 3811 sancti
1446 3747 1771 3812 Leonardi
1792 3751 1987 3835 juxta
2019 3746 2498 3813 Staunfordiam
2531 3750 2831 3829 cedendi,

531 3860 606 3903 ac
639 3838 814 3903 omni
833 3835 983 3922 jure
1009 3833 1272 3899 racione
1302 3834 1819 3918 presentacioniS,
1852 3834 2298 3915 institucioniS,
2332 3850 2399 3901 et
2431 3837 2834 3903 induccionis

531 3926 599 3990 in
647 3941 716 3991 et
759 3925 843 3990 de
897 3944 1166 4009 persona
1194 3944 1312 3987 sua
1337 3922 1420 3987 de
1451 3925 1594 4009 ipso
1631 3922 1926 3987 Prioratu
1970 3923 2188 3989 Sancti
2224 3923 2548 3989 Leonardi
2580 3926 2833 3991 dudum

532 4012 716 4078 sactis
745 4012 864 4077 sibi
896 4010 1168 4099 quaesito
1198 4009 1331 4074 sive
1367 4012 1763 4096 competenti
1787 4011 2255 4090 renunciandiS‚
2295 4032 2370 4075 ac
2401 4014 2607 4097 ipsum
2648 4014 2835 4079 Prio-

530 4116 706 4166 ratus
737 4099 1014 4167 officium
1045 4113 1110 4164 et
1139 4092 1595 4184 possessionem
1622 4098 1907 4184 ejusdem
1940 4098 2131 4163 officii
2160 4122 2305 4164 cum
2332 4099 2460 4163 suis
2480 4101 2737 4186 juribus
2770 4118 2837 4175 et

529 4186 938 4275 pertinenciis
984 4186 1269 4253 totaliter
1313 4185 1749 4264 dimittendam,
1782 4208 1857 4250 ac
1889 4186 2105 4251 omnia
2134 4186 2259 4251 alia
2287 4186 2583 4252 facienda
2614 4203 2685 4252 et
2716 4212 2831 4253 ex-

532 4275 808 4339 ercenda
850 4297 996 4361 quae
1041 4275 1106 4339 in
1254 4274 1425 4364 [The
1459 4296 1628 4358 paqe
1669 4276 1813 4340 kere
1836 4279 2211 4353 τενηιίηατεε,
2244 4278 2378 4340 and
2400 4279 2499 4341 the
2528 4282 2753 4343 record
2780 4283 2833 4341 is

519 4364 637 4447 lefl
664 4364 1032 4446 imperfect]
