3000 5117
487 426 570 473 cc
767 407 773 415 '
955 424 1159 474 ffls'r.
1199 422 1553 475 Donum.
1596 423 2059 474 sempronns
2098 424 2310 475 ‘rans-

485 584 700 669 patria
731 585 793 648 in
827 583 1097 669 patriam
1130 582 1194 649 in
1241 583 1466 647 habitu
1508 583 1773 649 seculari
1806 583 2317 673 circumvagatur
2346 595 2411 650 et
2442 585 2739 650 discurrit
2766 612 2783 662 3

483 670 552 734 in
597 670 831 735 animae
875 694 1010 737 suae
1051 694 1247 761 grave
1295 671 1647 755 periculum
1692 685 1761 735 et
1806 672 2044 736 ordinis
2090 672 2385 757 praedicti
2412 672 2785 737 scandalum

484 757 892 822 manifestum
967 774 1035 822 et
1107 756 1534 842 perniciosum
1608 759 1976 842 exemplum
2034 758 2323 824 aliorum.
2460 760 2785 835 Quocirca

484 845 888 929 majestatem
930 857 1206 909 vestram
1251 844 1492 929 regiam
1539 843 1837 929 precibus
1877 846 2289 929 aggredimur
2330 846 2681 911 humilibus
2724 862 2786 912 et

485 930 759 1009 devotis,
841 932 1090 996 uatinus
1122 953 1239 1016 pro
1271 932 1412 1016 ipso
1447 934 1528 996 A.
1561 932 1904 996 arestando
1935 944 2002 995 et
2032 932 2257 997 domui
2286 954 2421 997 suae
2450 934 2783 1017 praedictae

483 955 906 1096 restituendO,
944 1018 1138 1103 juxta
1168 1018 1454 1105 regulam
1485 1016 1725 1081 ordinis
1756 1017 1851 1081 sui
1884 1020 2281 1106 castigandO,
2315 1032 2633 1083 consueta
2658 1020 2785 1085 cle-

484 1104 732 1169 mencia
775 1105 1130 1169 extendere
1176 1103 1528 1191 dignemini
1571 1105 1903 1169 brachium
1947 1106 2249 1183 seculare,
2284 1128 2365 1169 ne
2397 1128 2517 1189 pro
2548 1107 2784 1171 debitae

481 1190 881 1257 cohercionis
940 1190 1342 1279 negligencia
1399 1190 1615 1255 taliter
1670 1203 1895 1275 pereat
1943 1191 2267 1277 plantacio
2312 1193 2538 1257 divino
2582 1194 2783 1258 cultui

481 1278 864 1364 mancipata.
965 1278 1197 1342 Valeat
1241 1276 1536 1341 nobilitas
1570 1292 1779 1341 vestra
1808 1278 2154 1343 metuenda
2182 1280 2249 1343 in
2280 1303 2361 1344 eo
2390 1280 2503 1367 qui
2552 1295 2786 1345 cuncta

480 1367 650 1449 regit
695 1380 762 1429 et
802 1364 1122 1449 gubernat
1179 1378 1247 1429 et
1303 1364 1561 1446 regibus
1602 1364 1715 1427 dat
1746 1386 2041 1449 regnare.
2132 1366 2211 1431 ln
2264 1368 2449 1452 cujus
2481 1366 2601 1443 rei,
2636 1370 2779 1443 δια,

477 1452 758 1541 sigillum
789 1464 1077 1517 nostrum
1108 1450 1536 1537 apposuimus.
1632 1449 1809 1515 Data
1838 1453 2008 1537 apud
2046 1452 2123 1518 E.
2144 1475 2315 1518 anno
2341 1452 2617 1518 Domini
2648 1454 2785 1518 mil-

477 1540 725 1618 lesimo,
759 1540 879 1605 διο.

870 1898 1140 1947 CLXXIV.
1193 1899 1446 1943 LITBRA
1476 1900 1676 1944 Missa
1706 1898 1984 1944 DOMINO
2018 1898 2374 1951 EPISCOPO.

1266 2016 1426 2085 [Reg-
1455 2018 1535 2067 11.
1562 2016 1712 2068 Parv-
1736 2015 1823 2067 fol.
1847 2017 1883 2069 4
1904 2018 1981 2084 b.]

561 2134 1024 2201 Reverenciam
1077 2148 1146 2199 et
1192 2134 1509 2197 honorem
1558 2154 1705 2198 cum
1750 2132 2131 2199 obediencia
2171 2134 2396 2201 filialil
2447 2136 2785 2207 Reveren-

471 2223 729 2288 dissime
759 2236 939 2308 pater
969 2235 1036 2286 et
1067 2220 1347 2298 domine,
1380 2220 1544 2284 sicut
1574 2233 1805 2285 vestrae
1835 2221 2201 2305 paternitati
2223 2226 2601 2289 reverendae
2626 2248 2783 2291 con-

471 2312 673 2376 frater
726 2330 904 2373 meus
965 2306 1313 2371 willelmus
1371 2306 1579 2391 Barry
1632 2328 1841 2391 nuper
1890 2308 2213 2392 exposuit,
2261 2310 2523 2408 quidam
2565 2314 2782 2379 Adam

469 2398 766 2464 Durham
799 2394 1148 2479 vulgariter
1177 2407 1601 2477 nuncupatus,
1634 2394 1915 2542 mallffl'o
1944 2394 2176 2459 ductus
2206 2398 2453 2479 spiritu,
2479 2396 2785 2465 habitum

471 2483 912 2549 monachalem
942 2505 981 2546 a
1011 2504 1078 2545 se
1109 2494 1355 2544 temere
1386 2482 1678 2566 projecit,
1713 2493 1779 2544 et
1858 2480 2104 2544 abitum
2134 2480 2393 2546 indutus
2418 2486 2785 2551 secularem

461 2574 598 2656 jam
647 2570 896 2633 diucius
944 2566 1350 2652 pervagavit3
1399 2587 1482 2629 ex
1530 2566 1707 2650 cujus
1761 2566 2100 2650 apostasia,
2148 2590 2267 2652 per
2307 2569 2531 2655 plures
2574 2594 2783 2639 annos

471 2657 865 2733 continuata,
916 2666 1046 2718 tam
1089 2652 1152 2716 in
1197 2654 1375 2717 clero
1422 2674 1615 2747 quam
1648 2654 1712 2716 in
1746 2654 1989 2737 populo
2018 2656 2238 2738 gravia
2264 2655 2564 2721 oriuntur
2594 2682 2787 2725 scan-

467 2744 655 2820 dala3
703 2757 768 2807 et
797 2763 943 2805 cum
972 2740 1321 2804 secundum
1341 2740 1496 2839 jura
1523 2739 1949 2804 ecclesiastiea
1977 2752 2045 2804 et
2075 2743 2575 2809 constituciones
2607 2748 2787 2812 ordi-

468 2832 568 2895 nis
621 2830 815 2894 talem
863 2826 1200 2911 fugitivum
1245 2826 1589 2911 diligenter
1627 2839 1923 2890 teneatur
1952 2827 2279 2913 requirere
2326 2852 2563 2915 capere
2594 2847 2668 2899 et
2698 2836 2783 2899 ad

466 2917 798 3004 proprium
829 2916 995 2979 ovile
1025 2914 1353 2991 reducere,
1387 2934 1470 2976 ne
1495 2913 1559 2976 id
1592 2914 1828 2997 possim
1855 2912 2125 2997 implere
2148 2936 2262 2999 per
2282 2915 2579 2984 homines
2604 2921 2785 2985 villae

465 3006 550 3070 de
608 3006 888 3105 Byrtton
940 3002 1008 3066 in
1061 2998 1428 3085 Lyndesay,
1479 2998 1589 3085 qui
1638 3011 1787 3062 sunt
1834 2999 1916 3063 de
1963 2999 2251 3065 dominio
2293 3002 2547 3069 domini
2578 3010 2785 3074 nostri

467 3091 808 3178 Principis,
843 3090 1048 3174 ipsum
1097 3086 1312 3152 Adam
1348 3084 1793 3163 defendentes,
1824 3086 1951 3150 huc
1983 3108 2184 3173 usque
2214 3110 2353 3151 sum
2384 3092 2785 3176 impeditus3

463 3180 636 3243 unde
665 3174 1090 3242 venerabilem
1117 3186 1390 3237 vestram
1424 3174 1875 3256 paternitatem
1894 3172 2195 3239 humilius
2219 3197 2443 3253 exoro,
2468 3183 2784 3266 quatinus

465 3266 550 3330 ad
596 3264 842 3329 dictum
895 3262 1108 3326 Adam
1156 3258 1543 3344 capiendum
1576 3258 1789 3323 Breve
1824 3258 2103 3345 Regium
2134 3282 2209 3325 ac
2239 3262 2489 3327 literam
2524 3266 2782 3334 domini

463 3351 666 3416 nostri
699 3347 1012 3431 Principis
1041 3344 1433 3413 seneschallo
1461 3367 1580 3409 suo
1603 3343 1999 3428 dirigendam
2023 3348 2364 3433 impetrare
2384 3348 2778 3439 dignemini.

468 3440 799 3513 Ceterum,
845 3431 1374 3497 reverendissime
1418 3445 1621 3516 pater,
1655 3454 1801 3495 cum
1831 3432 1913 3497 ad
1944 3435 2449 3518 comparendum
2478 3448 2553 3503 et
2576 3440 2783 3507 inter-

459 3523 808 3589 essendum
852 3520 918 3583 in
961 3518 1223 3584 instanti
1257 3516 1689 3583 Parliamento
1719 3517 1961 3583 domini
1990 3520 2191 3584 nostri
2225 3521 2425 3609 Regis
2462 3524 2781 3593 Conven-

459 3626 564 3675 tus
616 3608 722 3673 vel
767 3630 914 3690 ego,
945 3606 1111 3670 sicut
1145 3605 1288 3669 fieri
1317 3604 1671 3682 consuevit,
1706 3604 1964 3670 minime
1996 3606 2175 3671 citati
2206 3606 2437 3672 suimus
2468 3612 2573 3675 vel
2604 3636 2781 3699 prae-

459 3696 717 3774 muniti,
769 3693 820 3757 si
869 3715 953 3758 ex
1001 3705 1218 3757 nostra
1247 3692 1544 3755 absencia
1570 3692 1829 3778 aliquod
1862 3692 2047 3757 nobis
2078 3694 2399 3761 senseritis
2430 3696 2779 3767 imminere

459 3782 814 3870 periculum
865 3802 953 3844 ex
1010 3802 1204 3843 causa
1259 3778 1573 3862 praedicta
1628 3800 1747 3841 nos
1805 3778 2011 3843 velitis
2068 3780 2346 3846 reddere
2398 3800 2774 3857 excusatos.

466 3872 764 3936 Vestram
808 3866 1258 3953 paternitatem
1304 3864 1717 3931 reverendam
1764 3865 1875 3930 diu
1920 3880 2259 3931 conservet
2290 3868 2671 3939 Altissimus
2708 3876 2778 3939 in

455 3956 774 4043 prosperis
821 3972 887 4019 et
934 3953 1174 4041 dirigat
1223 3952 1289 4016 in
1339 3951 1629 4035 agendis,
1727 3952 1981 4039 Scripta
2029 3953 2361 4033 Dunelmi,
2412 3968 2632 4024 xx111⁰
2664 3962 2779 4029 die

455 4044 686 4110 mensis
726 4041 1026 4109 Octobris
1055 4055 1178 4107 etc.
1273 4036 1532 4129 [1407.]
