3000 5117
871 456 1279 508 APPENDIX.
1319 456 1507 509 ANN.
1546 456 1937 509 Mccchv.
2215 459 2557 517 CCCXXXV

253 614 556 681 fabricam
599 627 666 680 et
728 615 1042 683 feretrum
1106 618 1370 684 Patroni
1427 618 1633 683 nostri
1690 616 2069 693 sanctissimi
2128 620 2555 705 proculdubio

249 702 534 770 funditus
585 703 892 783 dirueret,
940 719 1012 770 et
1054 706 1138 771 ad
1181 720 1422 771 terram
1467 704 2050 791 inconparabiliter
2088 720 2552 790 prosterneret,

247 789 400 877 quia
427 790 580 855 illuc
609 792 918 877 precipue
939 792 1220 857 minatur
1235 794 1508 858 ruinam.
1600 792 1741 859 Nos
1762 792 1991 871 eciam,
2016 793 2321 880 quociens
2340 798 2555 881 gravis

249 890 598 964 tempestas
643 880 974 963 ingmeria
1021 879 1268 965 ingenti
1313 880 1595 964 percussi
1625 902 1887 965 pavore,
1930 894 2101 945 metu
2136 880 2363 947 mortis
2388 882 2555 948 sisti-

244 986 388 1028 mus
433 966 520 1030 ad
566 964 802 1045 divina,
835 966 1190 1053 periculum
1235 966 1573 1032 imminens
1616 966 1959 1034 intuentes.
2058 965 2387 1041 Quocirca
2416 992 2557 1035 ves-

245 1066 416 1117 tram
480 1052 1034 1136 praeeminenciam
1093 1055 1512 1119 reverendam
1572 1052 1958 1119 unanimiter
2002 1051 2435 1139 imploramus,
2480 1073 2555 1121 ut

244 1140 566 1219 ecclesioe,
589 1162 840 1225 sponsae
866 1155 1119 1219 vestrae,
1144 1140 1442 1226 sponsale
1460 1140 1901 1206 fulcimentum
1924 1152 1993 1205 et
2009 1140 2360 1207 subsidium
2380 1143 2553 1209 salu-

242 1228 596 1293 berrimum
619 1226 977 1313 providere,
1001 1250 1255 1295 necnon
1277 1226 1677 1291 sanissimum
1698 1241 1929 1293 vestrae
1949 1228 2321 1312 prudencioe
2340 1229 2553 1295 consi-

240 1317 404 1381 linm
436 1314 678 1402 pariter
705 1328 772 1379 et
803 1315 1110 1399 juramen
1143 1314 1515 1399 impendere
1559 1314 1957 1399 dignaretur.
2046 1313 2138 1379 Et
2177 1315 2334 1402 quid
2362 1338 2557 1403 super

241 1403 369 1467 hiis
419 1402 742 1467 censuerit
799 1400 1190 1478 faciendum,
1251 1413 1482 1466 vestroe
1539 1400 2091 1467 reverendissimae
2144 1404 2553 1487 paternitatis

173 1491 186 1499 “
243 1490 392 1554 filiis
413 1510 534 1574 per
561 1488 900 1573 scripturm
929 1489 1332 1553 committere
1361 1502 1428 1552 et
1457 1486 1933 1572 beneplacitum
1971 1489 2222 1570 aperire
2251 1488 2554 1573 dignetur

243 1576 474 1641 eadem
508 1576 858 1663 paternitas
899 1576 1298 1649 reverenda3
1341 1594 1537 1661 quam
1582 1574 1647 1638 in
1696 1596 1947 1639 summa
1990 1574 2415 1659 prosperitate
2466 1576 2553 1642 ad

237 1663 556 1729 solacium
607 1663 706 1728 sui
757 1664 975 1749 gregis
1025 1661 1146 1726 diri
1195 1675 1264 1726 at
1311 1660 1374 1723 in
1425 1660 1693 1746 agendis
1740 1682 1859 1746 per
1918 1674 2209 1744 tempora
2256 1660 2553 1747 longiora

240 1752 498 1816 fructus
529 1751 692 1815 uteri
723 1748 1066 1834 virginalis.
1268 1762 1335 1812 ta
1383 1747 1756 1825 Dunenlmi,
1810 1747 1873 1811 in
1922 1746 2143 1811 Domo
2171 1762 2390 1814 nostra
2421 1751 2551 1817 Ca-

240 1836 528 1924 pitulari,
551 1838 834 1902 secundo
846 1836 951 1901 die
972 1834 1208 1900 mensis
1230 1834 1542 1912 Januarii,
1574 1834 1693 1899 sub
1712 1834 1913 1900 altera
1932 1848 2115 1920 parte
2137 1833 2326 1920 sigilli
2350 1838 2549 1912 nostri

235 1924 622 1993 eommunis.
720 1921 1057 2013 [1445-6.]

326 2016 816 2097 Swperoeripcio.
911 2008 1470 2075 Reverendissimo
1523 2007 1589 2071 in
1638 2006 1897 2073 Christo
1948 2008 2113 2092 patri
2164 2021 2235 2074 et
2284 2008 2547 2077 domino

239 2100 514 2165 domino
551 2100 844 2165 Roberto
873 2098 1000 2162 Dei
1044 2096 1262 2186 gracia
1309 2094 1739 2161 Dunelmensi
1785 2094 2091 2181 episcopo
2134 2116 2254 2160 suo
2282 2096 2546 2164 domino

240 2185 770 2271 singularissimo.

327 2278 740 2356 Subscripcio.
831 2268 1048 2335 Vestri
1080 2267 1468 2336 devotissimi
1499 2268 1611 2333 filii
1644 2282 1710 2335 et
1740 2281 2027 2335 oratores
2056 2270 2361 2357 proecipui
2394 2270 2547 2335 Wil-

239 2360 496 2427 lielmus
545 2361 732 2427 Prior
775 2372 844 2424 et
889 2356 1262 2445 Capitulum
1295 2354 1584 2423 ecclesioe
1615 2370 1843 2423 vestrae
1880 2356 2261 2425 cathedralis
2294 2356 2543 2425 Dunel-

239 2472 496 2515 mensis.

705 2861 883 2909 com.
935 2859 1189 2904 LITERA
1234 2855 1517 2902 Pmoms
1564 2853 2077 2924 DUNELussnsIS.

1015 2998 1172 3069 [neg.
1199 2996 1316 3051 111.
1341 2997 1496 3051 rm.
1518 2994 1559 3047 f.
1582 2998 1648 3047 ss
1672 2996 1753 3063 ιη

323 3146 714 3219 Reverende
773 3142 1052 3219 domine,
1127 3138 1428 3205 cordialis
1502 3135 1871 3202 dileccionis
1928 3134 2329 3201 affluenciam
2386 3156 2535 3203 cum

227 3240 464 3305 salute.
559 3234 752 3301 Licet
807 3244 1038 3295 vestrm
1096 3224 1484 3292 venerandae
1558 3244 1855 3309 personae
1914 3222 2001 3288 ad
2070 3222 2331 3308 plenum
2404 3244 2537 3289 non

230 3328 580 3392 habeamus
627 3318 952 3395 noticiam,
984 3313 1446 3381 nichilominus
1491 3324 1725 3376 vestroe
1769 3308 2107 3395 probitatis
2151 3308 2424 3394 insignia
2466 3325 2538 3376 et

230 3414 468 3477 merita
495 3407 776 3495 gloriosa
817 3426 936 3491 per
977 3400 1366 3467 confratrem
1410 3412 1701 3463 nostrum
1732 3395 2065 3462 dominum
2102 3395 2533 3463 Willielmum

234 3502 465 3577 Seton,
527 3496 637 3585 qui
670 3495 810 3582 jam
869 3511 1073 3576 nuper
1133 3488 1460 3553 vobiscum
1520 3485 1731 3549 suerat
1790 3482 2145 3549 honorifice
2202 3484 2531 3563 invitatus,

231 3587 444 3673 aptius
475 3595 796 3659 enarrata,
831 3601 948 3643 nos
985 3574 1422 3661 multipliciter
1468 3584 1855 3658 promovent
1883 3585 1952 3636 et
1997 3570 2337 3635 hortantur
2386 3592 2535 3637 nos-

231 3688 402 3739 trum
434 3690 760 3738 assensum
793 3680 868 3732 et'
887 3665 1174 3733 savorem
1204 3676 1438 3726 vestrae
1468 3659 1595 3745 piae
1624 3656 1962 3743 peticionis
1992 3657 2324 3723 desideriis
2354 3656 2535 3723 incliae

229 3782 426 3838 nare3
473 3761 630 3825 etin
651 3756 778 3821 hiis
807 3752 1222 3839 permaxime,
1254 3770 1402 3836 quae
1431 3748 1723 3833 requiem
1748 3760 1816 3810 et
1839 3744 2147 3809 solacium
2176 3744 2535 3809 animarum

227 3846 583 3933 respiciunt
601 3842 1094 3915 defunctarum3
1141 3849 1213 3901 ut
1241 3858 1284 3901 a
1311 3834 1695 3901 cruciatibus
1726 3844 1792 3899 et
1820 3830 2129 3915 angustiis
2150 3831 2531 3917 purgatorii,

223 3935 280 3998 si
325 3956 484 4021 quas
527 3954 650 4019 pro
693 3926 1044 3995 commissis
1103 3925 1281 3989 luere
1339 3922 1843 4007 compellantur,-
1888 3916 2172 3982 ecclesiae
2216 3914 2533 4017 sulii-agiis

221 4019 730 4106 suffragantibus
752 4010 1250 4081 misericorditer
1281 4010 1657 4077 liberentur.
1756 4006 1931 4071 Hinc
1962 4016 2084 4083 est,
2115 4002 2311 4089 quod,
2335 4016 2535 4086 Juxta

223 4122 508 4173 vestram
537 4106 954 4172 affectuosam
985 4097 1517 4185 postulacionem,
1542 4098 1819 4160 animam
1850 4092 2052 4179 patris
2078 4088 2272 4154 vestri
2303 4106 2370 4151 et
2398 4089 2532 4154 cari

219 4196 412 4262 amici
471 4194 674 4259 nostri
731 4190 1046 4257 Johannis
1095 4185 1391 4262 Askewe,
1439 4196 1749 4270 quantum
1796 4201 1939 4244 cum
1976 4177 2125 4243 Deo
2145 4196 2527 4279 possumus,

218 4282 659 4357 absolvimus3
705 4290 774 4344 et
831 4276 916 4341 de
968 4274 1481 4361 quibuscumque
1541 4266 1783 4357 injuriis
1827 4279 1895 4330 et
1938 4264 2217 4342 offensis,
2272 4266 2325 4328 si
2369 4286 2530 4351 quas

214 4384 452 4436 contra
483 4392 601 4434 nos
645 4380 714 4433 et
756 4378 1042 4429 nostrum
1095 4357 1563 4426 Monasterium
1592 4352 2079 4441 quomodolibet
2108 4353 2525 4430 contraxerit,

217 4458 438 4525 eidem
484 4458 549 4524 in
593 4456 790 4542 pleno
825 4449 1130 4538 Capitulo
1161 4462 1379 4514 nostro
1409 4443 1794 4509 beneficium
1826 4438 2249 4506 absolucionis
2282 4439 2526 4524 impen-
