3000 5117
834 503 1253 555 urnumx.
1294 505 1481 555 Anu.
1525 504 1736 555 mccx
1749 506 1926 553 xxv.
2329 482 2542 553 xxxix

224 673 585 728 vescentes
638 681 950 747 pauperes
994 663 1063 728 in
1110 664 1216 729 die
1260 666 1680 731 anniversarii
1713 665 1994 749 magistri
2037 662 2222 727 Alani
2253 663 2336 727 de
2372 662 2540 727 Mel-

224 750 447 835 samby
466 772 487 825 3
536 763 607 813 et
648 749 951 899 assiffiuati
996 764 1146 815 sunt
1178 752 1398 837 viginti
1432 752 1622 819 solidi
1651 752 1716 817 in
1749 750 2124 817 molendino
2153 750 2238 814 de
2273 749 2534 827 Dunast

225 835 575 921 recipiendi
596 834 778 921 singu
806 860 857 900 1s
880 837 1067 902 annis
1090 839 1173 903 de
1198 840 1480 903 scacario
1504 839 1750 903 domini
1783 838 2054 912 Priori-«33
2087 852 2152 902 et
2174 836 2282 901 alii
2305 836 2528 922 viginti

220 924 404 987 solidi
434 922 773 987 annuatim
816 924 1167 1009 recipiendi
1213 926 1298 991 de
1343 927 1648 1011 pensione
1679 926 1964 991 ecciesiae
1994 925 2077 989 de
2117 924 2525 1011 Walkyntom

215 1032 337 1095 per
364 1011 986 1075 manumcamerarii
1016 1010 1124 1099 qui
1152 1034 1274 1097 pro
1306 1028 1594 1098 tempore
1621 1012 1836 1080 fuerit.

397 1184 573 1249 Item
615 1187 789 1265 quod
822 1204 979 1249 unus
1012 1186 1385 1268 Capellanus
1409 1189 1663 1251 celebret
1686 1190 1940 1251 missam
1959 1206 2086 1268 pro
2113 1190 2330 1249 anima

814 1275 1105 1353 παρίω-ι·
1148 1272 1420 1338 Hem-ici
1444 1276 1522 1338 de
1553 1274 1923 1355 MeLsamhy.

289 1429 463 1493 Item
510 1430 925 1513 assignantur
956 1428 1198 1516 viginti
1236 1430 1431 1494 solidi
1470 1430 1562 1495 de
1591 1430 1771 1496 dicto
1802 1430 2174 1495 molendino
2205 1430 2286 1493 de
2318 1428 2522 1493 'Duna

208 1515 293 1581 ad
324 1516 693 1581 mercedem
726 1517 911 1580 unius
939 1516 1277 1601 capellani,
1311 1517 1441 1603 qui,
1468 1518 1775 1582 omnibus
1805 1518 2030 1583 diebus
2072 1517 2422 1591 ferialibus,
2453 1515 2520 1579 in

206 1602 453 1686 capella
480 1616 731 1667 sanctae
765 1602 990 1669 Gruois
1020 1624 1215 1688 supra
1242 1619 1493 1687 portam
1520 1604 1870 1669 Abbathiae
1890 1606 2142 1668 missam
2166 1602 2520 1668 celebrabit

214 1688 569 1773 specialiter
624 1712 751 1776 pro
809 1689 1025 1754 anima
1089 1688 1375 1774 magistri
1438 1690 1710 1755 Hem-ici
1771 1690 1855 1755 de
1921 1690 2238 1755 Melsamb
2283 1736 2302 1767 ,
2365 1712 2512 1753 cum

210 1776 471 1840 Ptaoeho
500 1786 581 1840 a
626 1780 861 1858 Diriqc
910 1786 971 1839 et
1015 1778 1558 1841 Commendacimoe
1613 1782 1969 1843 animorum
1986 1802 2012 1853 ,-
2089 1777 2197 1864 qui
2293 1775 2514 1841 abebit

212 1861 571 1925 corredium
624 1884 811 1926 suum
858 1861 1215 1927 honorifice
1258 1862 1327 1927 in
1364 1865 1564 1931 curia.
1665 1865 1752 1928 Et
1781 1864 1988 1929 dictos
2020 1864 2243 1950 viginti
2263 1862 2512 1927 solidos

213 1948 287 2012 de
312 1950 603 2013 scacario
639 1948 876 2014 Prioris
906 1947 1193 2034 recipiet.

292 2036 453 2100 Item
488 2034 987 2100 memorandum
1016 2035 1196 2121 quod
1239 2034 1682 2100 molendinum
1725 2036 1809 2102 de
1834 2039 2044 2103 ‘Dana
2071 2050 2356 2121 emptum
2387 2034 2511 2099 suit

208 2122 285 2184 de
312 2122 597 2186 denariis
626 2121 947 2186 dictorum
978 2121 1429 2205 magistrorum
1483 2123 1673 2188 Alani
1703 2138 1773 2188 et
1809 2124 2073 2189 Henrici
2103 2137 2168 2189 et
2198 2126 2512 2211 quinqua-

204 2210 373 2291 ginta
394 2230 571 2273 acrae
604 2221 795 2275 terrae
814 2209 891 2273 in
922 2208 1243 2273 territorio
1273 2210 1358 2274 de
1390 2208 1737 2275 Pitendnn.

370 2381 520 2446 Hic
548 2384 862 2463 incipiunt
887 2382 1181 2446 Instituta
1203 2384 1443 2447 domini
1472 2384 1722 2449 ἸῚιοηιω
1745 2387 2194 2469 Prior'isfacta
2203 2405 2334 2466 pur

1018 2490 1375 2534 consensum
1408 2472 1705 2553 Capituli.

286 2628 477 2691 Anno
528 2626 879 2693 dominicae
918 2627 1391 2692 incarnacionis
1424 2638 1630 2694 M⁰oc⁰
1677 2631 1980 2697 tricesmo
2032 2633 2280 2719 quinto,
2329 2652 2504 2695 anno

200 2715 479 2779 secundo
538 2714 867 2800 prioratus
926 2714 1169 2779 domini
1238 2714 1514 2779 Themae
1581 2718 1821 2783 Prioris
1875 2718 2354 2795 Dunelmensis,
2418 2718 2504 2782 ad

202 2800 445 2866 laudem
496 2815 573 2866 et
616 2801 931 2866 honorem
978 2801 1247 2867 Domini
1288 2803 1485 2867 nostri
1517 2804 1668 2869 Jeeu
1705 2805 1968 2883 Christi,
2003 2820 2067 2869 et
2091 2806 2174 2870 ad
2209 2805 2499 2869 ecclesiae

200 2888 533 2954 utilitatem
566 2900 639 2951 et
684 2888 923 2952 ordinis
966 2887 1462 2967 exaltacionem,
1498 2906 1566 2955 et
1594 2892 1678 2956 ad
1723 2892 2012 2955 ecclesiae
2046 2892 2501 2955 Dunelmensis

200 2974 547 3051 libertates,
570 2976 745 3059 jura,
778 2988 846 3039 et
890 2974 1321 3061 possessiones
1368 2977 1902 3078 prosequencium
1939 2978 2364 3042 temeritatem
2399 3000 2500 3041 re-

198 3063 618 3145 primendam,
673 3084 788 3147 per
829 3062 1071 3126 dictum
1118 3062 1451 3127 dominum
1492 3066 1778 3130 Pnorem
1811 3078 1879 3127 et
1916 3064 2322 3128 Conventum
2363 3063 2500 3128 Du-

200 3148 591 3213 nelmensem
623 3146 1080 3213 inviolabiliter
1122 3151 1525 3217 observanda
1551 3152 1614 3216 in
1635 3164 2048 3239 perpetuum,
2083 3164 2322 3215 statuta
2349 3164 2500 3215 snm

192 3232 293 3299 ,hie
322 3236 709 3321 subscripta.

510 3412 1004 3495 Certtflcacio-de
1034 3412 1405 3476 Redditibus
1436 3413 1871 3477 Dune'lmens‘is
1897 3416 2180 3480 ecclesia.

272 3544 353 3609 'Iu
396 3544 653 3631 primiS,
703 3560 972 3633 propter
1024 3547 1327 3633 pericula,
1360 3570 1509 3634 quae
1539 3549 1870 3633 pervenire
1901 3566 2164 3637 possent
2193 3572 2279 3615 ex
2313 3552 2493 3635 igno-

196 3631 390 3697 tantia
419 3634 798 3698 reddituum
824 3648 900 3699 et
927 3633 1197 3698 aliorum
1228 3636 1522 3700 ecclesiae
1550 3652 1998 3720 proventuum,
2031 3652 2336 3703 statutum
2370 3654 2490 3715 est,

198 3732 281 3795 ut,
328 3719 603 3808 singulis
648 3719 849 3797 anniS,
907 3720 1079 3785 circa
1122 3722 1357 3785 festum
1419 3722 1640 3786 Sancti
1679 3724 2002 3808 Gregorii,
2049 3740 2492 3789 convocentur

203 3805 509 3891 Supprior
538 3820 609 3872 et
652 3806 759 3871 alii
790 3807 1017 3871 fratres
1048 3808 1131 3871 ad
1156 3808 1279 3871 boc
1310 3810 1582 3872 vocandi
1610 3832 1630 3885 ς
1674 3825 1738 3875 et
1768 3812 2145 3876 ostendatur
2173 3814 2264 3874 eis
2289 3826 2490 3874 status

196 3890 464 3971 Domus,
500 3894 567 3957 in
599 3893 828 3980 quibus
858 3908 972 3959 aut
1000 3908 1311 3981 quantum
1342 3898 1619 3960 creverit
1646 3900 1995 3976 annuatim,
2029 3911 2142 3961 aut
2173 3896 2489 3961 diminuta

192 3976 421 4057 fuerit3
468 3995 540 4045 et
586 3980 956 4046 ordinatum
1005 3994 1104 4045 est
1148 3982 1345 4046 etiam
1388 4002 1457 4047 et
1495 3996 1804 4049 statutum
1853 3997 1924 4046 ut
1967 3984 2324 4047 scribantur
2353 3984 2488 4049 duo

192 4067 395 4143 rotuli,
415 4067 831 4133 continentes
856 4067 1054 4133 totius
1080 4069 1331 4133 Domus
1354 4070 1812 4156 possessioneS,
1839 4071 2145 4147 reddituS,
2173 4084 2238 4134 et
2268 4070 2482 4136 omnia

193 4150 309 4217 alia
339 4154 591 4219 Domui
634 4156 1074 4239 pertinencia3
1122 4170 1189 4220 et
1232 4156 1316 4220 sit
1362 4178 1526 4220 unus
1572 4160 1638 4222 in
1683 4156 1975 4221 custodia
2008 4156 2374 4243 Supprioris
2419 4170 2486 4224 et

193 4260 405 4303 eorum
460 4243 571 4328 qui
612 4242 1009 4327 deputantur
1052 4242 1136 4307 ad
1179 4244 1534 4307 custodiam
1567 4244 1778 4328 sigilli,
1812 4265 1941 4308 una
1967 4266 2115 4309 cum
2148 4243 2354 4329 sigillo
2385 4268 2456 4312 re

190 4328 565 4407 ponendus:
612 4328 773 4395 alius
814 4332 887 4395 in
939 4329 1235 4396 custodia
1283 4329 1542 4408 Priori&
1588 4353 1732 4395 cum
1780 4354 1946 4418 opus
1990 4331 2184 4398 fuerit
2213 4335 2486 4397 circum-

1154 4504 1181 4534 ·
1206 4504 1520 4573 Pittington.
