3000 5117
458 504 702 578 cccxvi
933 525 1133 577 ms'r.
1173 525 1525 577 DUNELM.
1570 528 2019 579 scmproans
2054 530 2264 581 raus.

458 707 716 751 necesse
745 684 781 749 s
777 686 960 765 uerit,
995 700 1414 787 tenoremque
1445 688 1739 753 canendo
1768 688 2135 775 organicum
2168 688 2249 753 ad
2282 701 2505 754 cantus
2536 711 2765 775 supra-

459 773 848 850 nominatae,
897 795 1143 838 necnon
1195 774 1438 839 cotidie
1479 774 1909 859 personaliter
1958 776 2264 839 interesse
2298 776 2506 839 missae
2538 778 2759 841 beatoe

464 859 696 923 Mariae
727 859 846 923 Vir
891 860 1008 923 inis
1037 882 1184 924 cum
1215 874 1390 937 nota,
1441 861 1506 924 in
1558 860 1812 935 Galilea
1857 861 2283 926 Dunelmensi
2328 863 2755 941 celebrandae,

457 946 752 1010 canendo
800 884 890 1009 ag
929 946 1200 1011 eandem
1251 946 1504 1010 missam
1552 948 1815 1031 planum
1866 962 2146 1023 cantum,
2194 949 2326 1011 sive
2356 949 2755 1033 organicum,

459 1033 622 1096 sicut
651 1031 991 1116 contigerit
1021 1033 1178 1097 alios
1211 1032 1447 1097 ibidem
1477 1050 1737 1097 cantare
1784 1054 1902 1117 pro
1946 1050 2258 1117 tempore,
2306 1034 2425 1097 nisi
2472 1035 2760 1119 legitime

455 1130 820 1187 excusetur,
944 1119 1074 1183 Pro
1117 1118 1348 1205 quibus
1391 1120 1685 1184 omnibus
1728 1134 1794 1183 et
1838 1120 2103 1207 singulis
2146 1120 2425 1184 serviciis
2455 1122 2517 1183 in
2554 1122 2761 1185 forma

456 1218 819 1291 praenotata
838 1204 1002 1271 bene
1020 1218 1090 1270 et
1107 1206 1383 1270 fideliter
1403 1204 1847 1289 impendendis
1868 1220 1933 1268 et
1958 1205 2366 1284 sustinendiS,
2388 1207 2542 1270 dicti
2570 1208 2759 1271 Prior

455 1304 522 1357 et
570 1290 942 1376 Capitulum
973 1306 1420 1357 concesserunt
1451 1294 1627 1356 dicto
1656 1290 1934 1357 Johanni
1976 1292 2177 1369 Stele,
2213 1293 2473 1377 singulis
2506 1293 2757 1372 diebus,

453 1400 652 1443 unum
681 1378 898 1442 album
927 1400 1158 1463 panem
1189 1378 1652 1455 monachalem,
1686 1392 1753 1441 et
1792 1378 2078 1463 qualibet
2106 1379 2460 1462 septimana
2504 1398 2761 1465 septem

459 1465 716 1549 lagenas
755 1486 942 1528 novae
995 1464 1278 1527 cervisiae
1329 1486 1464 1527 suae
1514 1464 1973 1541 conventualis,
2024 1466 2107 1529 ad
2160 1465 2467 1529 celarium
2513 1466 2613 1530 vel
2667 1467 2755 1529 ad

455 1549 972 1635 pandoxatrium,
1009 1551 1302 1615 videlicet
1325 1551 1407 1614 ad
1437 1550 1500 1613 le
1532 1563 1843 1639 tunnyng,
1877 1550 2063 1615 unica
2099 1550 2237 1616 vice
2266 1552 2473 1629 simul,
2502 1554 2603 1616 vel
2635 1553 2759 1617 du-

457 1639 616 1702 abus
649 1637 888 1701 vicibus
946 1637 1312 1721 separatim,
1345 1634 1765 1721 recipiendae,
1814 1658 1961 1701 cum
2009 1636 2232 1724 viginti
2267 1662 2379 1702 sex
2426 1638 2643 1702 solidis
2688 1653 2759 1705 et

457 1738 610 1789 octo
638 1723 910 1788 denariis
939 1722 1162 1805 legalis
1195 1738 1473 1787 monetae
1508 1722 1767 1807 Angliae
1796 1723 2123 1785 annuatim
2158 1746 2277 1808 pro
2308 1724 2587 1810 coquina
2618 1726 2757 1789 sive

457 1811 520 1875 le
551 1810 900 1886 soulsilver,
935 1808 1232 1872 videlicet
1261 1809 1553 1894 quolibet
1582 1831 1801 1872 mense
1834 1811 1919 1895 ij’.
1970 1810 2106 1893 iijfl„
2142 1809 2347 1873 minus
2378 1812 2443 1874 in
2477 1826 2618 1875 toto
2640 1834 2761 1896 per

458 1918 696 1961 annum
727 1895 888 1978 iiijd„
919 1917 1040 1980 per
1069 1916 1294 1959 manus
1324 1894 1631 1959 cellerarii
1664 1916 1787 1980 pro
1817 1908 2105 1979 tempore
2134 1897 2467 1961 existentis
2498 1898 2764 1983 capien-

457 1985 576 2060 dis,
607 2002 739 2046 una
765 2003 911 2045 cum
943 1982 1144 2045 tribus
1175 1980 1338 2043 ulnis
1367 1981 1560 2065 panni
1590 1980 1671 2043 de
1702 1994 1879 2045 secta
1898 2003 2353 2065 generosorum
2374 1984 2763 2047 clericorum

461 2071 780 2133 dictorum
834 2066 1072 2132 Prioris
1121 2086 1189 2130 et
1237 2067 1523 2151 Capituli
1571 2081 1639 2130 et
1686 2089 2115 2131 successorum
2148 2090 2429 2145 snorum,
2462 2070 2763 2155 quolibet

459 2178 628 2220 anno
657 2154 742 2217 ad
783 2154 994 2217 natale
1046 2152 1310 2217 Domini
1355 2152 1645 2217 similiter
1690 2154 2092 2237 recipiendis·
2189 2156 2505 2241 Percipiet
2550 2156 2763 2219 eciam

459 2242 786 2307 annuatim
819 2240 1102 2327 quinque
1133 2260 1376 2303 marcas
1407 2240 1676 2324 argenti,
1708 2241 1967 2305 nomine
1997 2241 2301 2326 stipendii
2330 2243 2447 2319 sui,
2480 2244 2559 2305 ad
2596 2242 2767 2307 festa

463 2331 875 2394 Pentecoste-s
905 2339 972 2391 et
1001 2325 1201 2389 sancti
1231 2324 1496 2389 Martini
1546 2326 1607 2387 in
1640 2326 1892 2412 hyeme,
1940 2350 2059 2410 per
2088 2327 2345 2411 equales
2394 2330 2759 2411 porcinum,

459 2438 710 2479 necnon
761 2414 934 2478 illam
964 2412 1224 2492 domum
1280 2411 1446 2475 infra
1497 2412 1769 2475 Ballinm
1811 2413 2255 2478 Dunelmense
2304 2416 2367 2477 in
2409 2437 2536 2502 qua
2584 2416 2761 2480 idem

457 2503 785 2569 Johannes
845 2498 1179 2575 inhabitat,
1240 2499 1599 2583 sumptibus
1658 2498 1786 2563 suis
1845 2513 1914 2564 et
1972 2522 2406 2565 successorum
2466 2524 2760 2580 suorum,

457 2588 719 2677 quando
749 2609 1004 2652 necesse
1035 2585 1227 2650 suerit
1273 2586 1717 2671 reparandam.
1766 2588 1861 2650 vel
1894 2586 2219 2651 annuatim
2252 2610 2441 2651 unam
2475 2610 2763 2652 marcam

455 2675 709 2761 argenti
739 2696 862 2760 pro
891 2674 1143 2737 eadem.
1240 2672 1565 2736 Habenda
1592 2686 1659 2737 et
1702 2674 2119 2758 percipienda
2146 2674 2363 2738 omnia
2390 2674 2767 2759 supradicta

455 2763 730 2849 praefato
772 2759 1049 2825 Johanni
1083 2760 1164 2824 de
1209 2758 1395 2823 dictis
1432 2758 1657 2823 Priore
1700 2773 1768 2823 et
1814 2760 2118 2845 Capitulo
2165 2760 2249 2824 ad
2303 2761 2765 2826 monasterinm

458 2872 641 2914 suum
661 2847 1097 2911 Dunelmense
1119 2846 1200 2909 ad
1227 2848 1530 2911 terminos
1548 2845 1964 2930 supradictOS,
1989 2847 2286 2932 quamdiu
2322 2848 2535 2913 omnia
2554 2863 2616 2912 et
2630 2849 2767 2911 sin-

459 2938 612 3019 gula
631 2934 958 3020 proeniissa
987 2932 1285 2997 feceritet
1304 2930 1783 3017 perimpleverit
1810 2934 2005 2996 modo
2032 2948 2099 2997 et
2135 2933 2343 2998 forma
2374 2938 2763 3019 prenotatis,

463 3026 533 3091 Si
579 3045 734 3086 vero
767 3022 1055 3103 contigat
1083 3018 1326 3082 dictum
1373 3018 1741 3083 Johannem
1789 3034 2035 3083 tantam
2083 3021 2480 3085 debilitatem
2530 3022 2766 3085 morbo

460 3109 742 3174 incidere
763 3108 862 3171 vel
883 3120 1075 3171 oetate
1094 3106 1265 3192 quod
1289 3104 1619 3191 proemissa
1640 3104 1854 3169 facere
1878 3120 1943 3169 et
1968 3106 2349 3191 perimplere
2374 3110 2765 3192 nequiverit,

458 3213 698 3261 extunc
727 3194 895 3258 idem
929 3193 1256 3257 ,Iohannes
1287 3192 1575 3279 qualibet
1602 3192 1945 3277 quindena,
1994 3194 2266 3257 durante
2312 3194 2445 3256 vita
2477 3216 2611 3265 sua..
2650 3193 2768 3257 ha-

459 3284 640 3348 bebit
671 3303 755 3345 ex
787 3280 960 3343 dono
989 3292 1054 3343 et
1078 3278 1487 3343 concessione
1512 3276 1967 3362 praedictorum
2000 3279 2243 3343 Prioris
2262 3293 2329 3343 et
2354 3278 2632 3363 Capituli
2658 3282 2762 3343 in-

457 3369 816 3452 frascripta,
850 3365 1144 3429 videlicet
1177 3387 1302 3429 una
1329 3366 1683 3449 septimana
1704 3378 1981 3449 quatuor
1998 3366 2179 3429 albos
2204 3387 2396 3449 panes
2419 3367 2766 3430 monacha-

459 3458 556 3521 les
600 3468 670 3516 et
717 3471 996 3537 quatuor
1041 3452 1300 3534 lagenas
1345 3473 1532 3514 novae
1562 3450 1847 3515 cervisiae
1866 3474 2002 3513 suoe
2032 3452 2496 3529 conventuali&
2528 3469 2595 3515 et
2627 3453 2761 3515 ulia

463 3540 818 3625 septimana
841 3553 968 3601 tres
987 3538 1170 3600 albos
1190 3559 1384 3621 panes
1407 3536 1812 3600 monachales
1833 3551 1899 3601 et
1924 3553 2050 3600 tres
2071 3539 2331 3625 lagenas
2344 3560 2529 3601 uovae
2552 3541 2763 3602 cervi·-

465 3630 576 3693 siae
607 3648 740 3690 snae
769 3623 1226 3699 conventualiS,
1253 3623 1544 3686 similiter
1568 3623 1648 3687 ad
1674 3623 1976 3687 celarium
2000 3624 2094 3689 vel
2120 3624 2203 3689 ad
2228 3626 2756 3709 pandoxatrium,

461 3714 762 3781 videlicet
793 3711 872 3775 ad
907 3710 968 3771 le.
1001 3723 1316 3795 tunnyng,
1364 3710 1552 3773 unica
1601 3710 1735 3773 vice
1780 3709 1969 3773 simul
2014 3710 2449 3795 recipiendas-³3
2506 3732 2762 3774 necnon

465 3796 806 3868 tresdecim
859 3795 1095 3859 solidos
1148 3810 1214 3859 et
1245 3809 1523 3881 quatuor
1563 3796 1859 3859 denarios
1905 3794 2127 3881 legalis
2173 3812 2449 3860 monetae
2506 3798 2761 3883 Angliae

458 3884 787 3955 annuatim
821 3905 939 3967 pro
971 3881 1250 3968 coquina
1277 3882 1410 3944 sive
1443 3882 1501 3944 le
1530 3882 1881 3959 soulsilver,
1924 3883 2008 3946 ad
2041 3883 2203 3946 festa
2238 3882 2652 3946 Pentecostes
2696 3898 2767 3948 et

465 3974 683 4043 Sancti
721 3971 990 4037 Martini
1021 3971 1086 4032 in
1119 3968 1368 4053 hyeme,
1407 3990 1525 4052 per
1554 3971 1811 4053 equales
1836 3969 2191 4053 porciones,
2226 3990 2343 4053 per
2375 3991 2596 4032 manus
2632 3970 2768 4032 cel-

459 4060 674 4127 lerarii
743 4079 860 4142 pro
908 4076 1196 4139 tempore
1249 4054 1585 4119 existentis
1604 4079 1623 4131 3
1672 4076 1747 4119 ac
1794 4056 1999 4119 eciam
2048 4055 2221 4119 illam
2276 4056 2538 4118 domum
2596 4054 2768 4119 infra

467 4148 742 4213 Ballium
781 4144 1214 4207 Dunelmense
1245 4142 1308 4205 in
1341 4164 1466 4227 qua
1497 4140 1801 4226 praefatus
1831 4141 2161 4205 ,Iohannes
2194 4142 2389 4205 inodo
2422 4140 2761 4217 inhabitat,
2836 4212 2849 4219 ,

459 4240 528 4300 in
559 4236 766 4296 forma
795 4229 1084 4314 predicta
1129 4228 1577 4315 reparandam,
1626 4227 1725 4290 vel
1778 4248 1965 4290 unam
2020 4248 2301 4291 marcam
2348 4226 2601 4311 argenti
2644 4248 2765 4310 pro

461 4320 682 4386 eadem
713 4342 732 4391 ς
789 4315 984 4379 nichil
1031 4316 1200 4379 ultra
1231 4318 1350 4379 ista
1379 4315 1461 4377 de
1508 4313 1754 4378 eisdem
1794 4312 2015 4377 Priore
2046 4328 2112 4378 et
2144 4313 2447 4397 Capitulo
2480 4312 2765 4397 petendo

461 4406 562 4471 vel
595 4402 943 4487 exigendo·
1035 4401 1108 4464 In
1141 4423 1408 4487 quorum
1441 4399 1727 4464 omnium
1776 4413 1841 4463 et
1888 4400 2279 4483 singulorum
2325 4398 2762 4463 testimonium

465 4508 657 4580 atque
691 4490 904 4565 fidem,
930 4502 1145 4571 partes
1177 4488 1505 4573 proedictae
1548 4486 1666 4549 hiis
1713 4486 2067 4551 indentur-is
2098 4486 2307 4570 sigilla
2338 4509 2455 4551 sua
2486 4486 2764 4551 alterna-
