3000 5117
721 467 1132 528 stenar-us
1184 466 1288 518 ms
1343 469 1861 520 causum-:s
2364 457 2463 536 89

143 653 487 701 censorum
521 649 784 696 suorum
817 629 1072 694 ultimas
1103 629 1480 698 voluntates.
1598 627 1928 697 volebant
1955 631 2127 698 enim
2180 643 2470 698 anteces-

156 743 331 786 sores
379 719 542 784 satis
589 717 862 782 liberam
915 717 1251 781 ecclesiam
1292 715 1500 782 facere
1532 739 1551 792 3
1598 717 1711 782 sed
1752 719 2115 784 nescierunt
2143 719 2237 786 ita
2275 719 2469 805 plane

159 808 374 874 verbis
422 804 811 890 exprimere,
853 804 1008 890 quin
1039 809 1226 888 [per]
1249 803 1641 888 ‚posteriores
1672 803 1913 888 possint
1942 805 2323 871 calumniam
2354 807 2473 870 ob—

150 895 378 982 jicere,
418 900 572 975 [nec
602 889 884 956 allocant
910 889 1272 975 superiores
1289 889 1597 955 moderni
1626 891 2165 958 consuetudinem
2196 892 2299 958 vel
2327 891 2473 958 diu-

163 979 552 1046 turnitatem
607 976 936 1062 temporis,
975 975 1100 1040 nisi
1127 997 1505 1060 expressum
1532 976 1703 1042 sitin
1736 999 1959 1044 eorum
1986 980 2473 1062 monumentis}

164 1069 324 1134 Erat
353 1078 548 1130 tanta
573 1065 838 1128 libertas
862 1061 1150 1129 ecclesie
1183 1061 1635 1128 Dunelmensis
1666 1076 1815 1130 ante
1844 1063 2034 1129 istam
2062 1065 2265 1145 litem,
2296 1067 2476 1154 quod

165 1153 536 1240 Episcopus
557 1151 796 1216 habuit
909 1148 1208 1214 lefridum
1221 1149 1424 1238 Regis
1453 1150 1775 1216 tendentis
1799 1172 2023 1215 versus
2044 1152 2329 1218 Scotiam
2356 1175 2477 1240 pro

165 1241 502 1318 eschaeto,
547 1261 633 1302 eo
661 1260 748 1324 qu
883 1235 1178 1302 minister
1227 1235 1314 1300 de
1358 1258 1442 1301 eo
1493 1236 1750 1302 incaute
1793 1237 2049 1316 cecidit,
2094 1251 2165 1304 et
2194 1261 2284 1304 ex
2326 1261 2479 1306 casu

169 1327 374 1401 obiit3
425 1348 552 1390 nec
589 1323 740 1388 Rex
779 1345 902 1388 nec
947 1321 1248 1388 minister
1291 1323 1432 1407 ejus
1463 1322 1629 1388 infra
1658 1323 2123 1411 Episcopatum
2152 1349 2223 1392 se
2252 1327 2339 1394 de
2366 1327 2485 1392 ali·-

171 1436 298 1502 quo
351 1411 726 1477 intromisit.
815 1409 1170 1476 'Prion-atus
1229 1409 1422 1474 etiam
1481 1408 1911 1476 deterius-atus
1968 1425 2069 1478 est
2108 1414 2176 1478 in
2236 1415 2483 1494 multiS,

173 1501 384 1584 primo
429 1521 520 1564 ex
565 1495 1072 1565 mutuationibus
1123 1498 1392 1581 magnis,
1439 1494 1617 1561 circa
1658 1494 1837 1561 litem
1892 1498 2177 1585 acceptis
2229 1513 2295 1566 et
2352 1523 2483 1566 non

175 1586 426 1662 solutis,
509 1584 592 1648 de
637 1583 920 1648 denariis
969 1582 1314 1668 Papalibus
1362 1581 1649 1646 collectis
1686 1583 1772 1648 de
1804 1583 2020 1663 clero,
2050 1599 2120 1651 et
2152 1610 2193 1651 a
2219 1587 2484 1652 diversis

177 1672 486 1738 creditori
535 1693 649 1746 ns3
695 1669 1004 1747 secundo,
1051 1691 1136 1733 ex
1179 1668 1354 1734 mille
1397 1668 1629 1734 marcis
1672 1669 1897 1734 solutis
1934 1672 2133 1737 curiae
2166 1673 2485 1740 Romanoe

180 1782 300 1846 pro
355 1756 774 1823 restitucione
831 1754 1090 1820 Ricardi
1146 1755 1384 1820 Prioris
1409 1779 1429 1832 ;
1506 1753 1719 1834 tertio,
1780 1779 1905 1843 pro
1951 1759 2153 1824 tribus
2207 1761 2484 1826 millibus

185 1847 416 1911 marcis
439 1844 674 1910 solutis
703 1843 926 1926 Papae,
958 1855 1028 1907 et
1047 1841 1226 1906 mille
1239 1842 1476 1908 marcis
1497 1841 1721 1908 solutis
1738 1844 2017 1929 collegio
2044 1845 2485 1913 cardinalium

179 1956 300 2019 pro
351 1930 718 1997 collacione
767 1929 1096 1995 Prioratus
1126 1928 1298 1994 facta
1334 1929 1677 1994 willielmo
1706 1929 1791 1994 de
1822 1929 2165 2000 Tanefeld.
2264 1934 2493 2000 Solve-

185 2023 422 2086 bantur
471 2040 628 2082 vero
677 2019 804 2082 ista
851 2015 1135 2103 quinque
1185 2015 1386 2081 millia
1413 2037 1949 2084 ·marcarum:uno
1976 2041 2172 2099 anno,
2203 2019 2287 2085 ad
2316 2022 2495 2108 quod

185 2130 312 2172 non
367 2103 728 2170 sufficiebat
755 2103 1010 2168 exilitas
1037 2103 1268 2167 domus
1312 2103 1435 2168 nisi
1465 2125 1583 2189 per
1610 2127 1831 2170 usuras
1860 2121 2329 2184 mercatorum3
2374 2130 2495 2193 pro

187 2193 600 2259 mutuacione
639 2205 1064 2258 trecentarum
1098 2213 1454 2257 marcarum
1485 2213 1599 2276 per
1628 2213 1863 2258 annum
1908 2192 2259 2276 aliquando
2286 2194 2493 2261 solve-

186 2283 298 2350 bat
318 2281 556 2348 domus
573 2279 974 2364 octingentas
1005 2280 1156 2360 [sic]
1183 2300 1448 2348 marcas.
1497 2278 2121 2368 onerabatur-igitur
2141 2279 2371 2347 domus
2394 2283 2493 2348 ul-

189 2389 288 2438 tra
311 2370 482 2434 vires
511 2391 642 2433 aere
671 2367 905 2436 alieno.
1005 2367 1395 2452 Supervenit
1421 2367 1622 2432 eciam
1645 2388 1857 2431 novus
1892 2367 2087 2434 Prior
2114 2371 2225 2455 qui
2246 2381 2493 2436 statum

189 2461 420 2524 domus
473 2477 606 2520 non
657 2453 924 2540 agnovit
967 2475 1086 2518 oec
1126 2452 1576 2532 considerav‘u,
1620 2453 1735 2518 sed
1762 2453 2123 2539 sumptibus
2150 2456 2493 2522 excessivis

190 2546 412 2610 debita
439 2543 674 2608 domus
703 2542 888 2606 auxit
917 2540 1138 2624 pocius
1167 2561 1360 2629 quam
1389 2539 1731 2606 diminuit:
1772 2553 2041 2628 propter
2070 2541 2221 2608 istas
2250 2565 2509 2626 caum,

193 2648 256 2698 et
289 2652 514 2696 usuras
544 2643 996 2704 mercatorum,
1017 2626 1108 2692 ita
1135 2626 1422 2711 obligata
1451 2639 1519 2692 et
1548 2639 1819 2694 onerata
1845 2627 2137 2708 diversis,
2168 2630 2351 2718 quod
2378 2652 2500 2716 per

197 2741 400 2783 annos
431 2729 774 2817 sequentes
821 2715 908 2779 ad
951 2726 1188 2778 statum
1220 2714 1557 2798 pristinum
1590 2736 1721 2780 non
1750 2713 2041 2780 redibat=
2086 2717 2497 2806 aggravanti-

197 2807 312 2872 bus
340 2805 486 2890 ejus
517 2824 752 2886 jugum
782 2803 1028 2885 guerris
1071 2800 1242 2864 inter
1276 2800 1519 2886 Anglos
1550 2813 1617 2866 et
1652 2801 1931 2879 Scottos,
1964 2801 2339 2886 pestilencia
2354 2804 2503 2870 ani-

195 2891 460 2957 malium
483 2905 562 2955 et
575 2888 930 2953 sterilitate
959 2887 1304 2964 fructuum,
1342 2909 1491 2974 quoe
1522 2901 1587 2952 te
1744 2887 1920 2952 ribus
1950 2889 2180 2954 nostris
2224 2891 2501 2977 amplius

203 2981 388 3044 solito
421 2980 874 3050 increverunt3
909 2975 1132 3040 Priore
1161 2973 1362 3039 eciam
1393 2973 1478 3038 de
1506 2973 1627 3038 Col
1679 2972 1940 3057 ingham
1968 2975 2325 3043 rebellante
2345 2977 2497 3056 sibi,

199 3081 264 3131 et
286 3064 559 3130 obedire
589 3060 882 3141 nolenti.]
973 3060 1164 3126 Dixit
1191 3059 1362 3125 enim
1397 3059 1792 3145 Episcopum
1822 3059 2147 3124 inimicum
2176 3062 2319 3141 sibi,
2352 3063 2505 3149 quia

201 3152 568 3218 adbaeserat
615 3147 898 3212 Ricardo
933 3147 1140 3210 Priori
1173 3151 1200 3226 [
1247 3147 1310 3210 ui
1333 3147 1404 3210 in
1435 3147 1735 3210 omnibus
1765 3146 2163 3212 voluntatem
2194 3148 2501 3236 Episcopi

197 3239 532 3314 {sciebat}
627 3234 854 3300 Adivit
890 3233 1078 3297 Prior
1107 3169 1478 3298 Wiiiielmus
1510 3233 1595 3298 de
1625 3232 1903 3298 Tanfeld
1934 3231 2159 3298 cdlam
2188 3235 2274 3300 de
2305 3235 2507 3302 Cold-

205 3325 466 3411 ingham
491 3341 511 3395 3
559 3322 670 3386 ubi
705 3321 894 3386 Prior
922 3319 1006 3385 de
1037 3319 1464 3408 coldingham
1511 3319 1719 3406 primo
1748 3343 1816 3384 se
1836 3322 2080 3408 juravit
2107 3321 2174 3386 in
2203 3322 2501 3388 omnibus

201 3427 368 3478 stare
399 3409 724 3475 mandatis
753 3407 918 3483 suis;
949 3420 1018 3472 et
1045 3420 1193 3492 post
1220 3406 1498 3472 latenter
1528 3407 1813 3472 recessit.
1876 3407 1992 3475 W.
2032 3407 2219 3473 Prior
2253 3408 2506 3476 Dunel-

203 3499 444 3564 mensis
471 3496 670 3560 alium
699 3495 848 3559 loco
878 3517 996 3558 suo
1026 3493 1387 3570 substituit3
1419 3505 1509 3572 et,
1536 3508 1869 3579 acceptum
1903 3491 1991 3558 ibi
2020 3493 2391 3580 homagium
2433 3509 2504 3563 et

205 3583 590 3650 fidelitatem
669 3581 1032 3646 tenentium
1105 3580 1188 3644 de
1255 3577 1487 3645 Coldin
1530 3579 1879 3656 'hamshire,
1954 3596 2334 3666 prosecutus
2406 3597 2507 3650 est

201 3673 562 3758 fugientem
595 3691 799 3756 usque
841 3667 924 3732 ad
957 3665 1444 3752 parliamentum
1520 3687 1559 3730 e
1598 3665 1951 3730 Staunford
1981 3665 2047 3731 in
2070 3670 2333 3756 propria
2362 3691 2509 3754 per·

202 3781 381 3836 sona,
439 3777 572 3820 nou
623 3754 765 3820 sine
815 3755 1064 3837 magnis
1093 3751 1473 3837 sumptibus,
1514 3773 1689 3816 anno
1720 3752 1989 3817 Domini
2019 3773 2301 3834 mccctx,
2333 3757 2507 3822 circa

203 3847 444 3910 festum
477 3842 682 3906 sancti
731 3841 980 3906 Jacobi.
1097 3838 1271 3914 Quia
1299 3838 1468 3902 enim
1504 3838 1609 3902 ille
1646 3838 1833 3903 Prior
1860 3837 2114 3926 fugiens
2143 3854 2285 3906 erat
2314 3855 2511 3908 notus

211 3931 384 4020 Regi
433 3943 504 3994 et
551 3928 900 4027 regalibus,
955 3927 1103 4012 quia
1150 3938 1521 4011 portaverat
1554 3925 1863 3990 vexillum
1924 3926 2129 3991 sancti
2164 3926 2511 3992 cuthberti

205 4039 355 4083 eum
417 4015 600 4100 Rege
645 4035 718 4078 m
763 4035 1000 4100 guerra
1053 4012 1314 4090 Scotiae,
1365 4011 1668 4078 credebat
1722 4013 1974 4095 Regem
2026 4033 2097 4076 se
2145 4011 2311 4078 velle
2342 4019 2511 4080 tueri

210 4117 440 4169 contra
505 4099 818 4176 Priorem,
881 4105 980 4179 [et
1039 4106 1288 4186 regales
1345 4098 1470 4163 hoc
1530 4099 1749 4180 vellc].
1847 4098 1981 4163 Sed
2016 4098 2203 4163 Prior
2260 4099 2517 4167 Dunel-

211 4191 472 4267 mensis,
519 4186 609 4251 ibi
655 4187 942 4264 veniens,
999 4186 1248 4250 invenit
1309 4185 1557 4273 Regem
1618 4198 1687 4250 et
1730 4206 1879 4250 suos
1924 4185 2079 4251 satis
2122 4185 2307 4276 [sibi]
2338 4188 2519 4256 favo-

211 4277 468 4352 rabiles,
499 4287 589 4351 et,
621 4273 784 4338 alius
829 4270 918 4336 ibi
965 4293 1094 4335 non
1139 4271 1577 4356 [expediens],
1625 4271 1711 4336 ad
1766 4271 2007 4337 curiam
2044 4273 2405 4341 Romanam
2448 4299 2519 4342 se

215 4361 562 4438 transtulit,
610 4375 682 4425 et
725 4360 814 4424 ibi
858 4361 992 4423 sine
1035 4357 1454 4442 expeditione
1497 4359 1745 4423 obitum
1793 4358 2097 4446 Episcopi
2128 4361 2515 4447 expectavit.

219 4450 354 4534 [Ex
383 4445 730 4535 praemissis
777 4447 1054 4530 graviter
1083 4446 1236 4510 laesa
1283 4459 1382 4509 est
1429 4445 1720 4509 ecclesia.
1818 4445 1943 4510 Sed
1976 4448 2229 4531 gravius
2261 4448 2519 4512 videtur

217 4535 406 4602 michi
445 4557 534 4600 ex
564 4555 984 4619 personarum
1017 4532 1374 4610 amissione,
1402 4531 1553 4618 quia
1582 4531 1647 4595 in
1672 4531 1849 4597 curia
1878 4547 1943 4596 et
1974 4533 2224 4612 itinere,
2258 4547 2521 4618 propter
