3000 5117
799 542 1216 596 Armi-unx,
1274 542 1455 595 Anu.
1498 538 1892 595 mmccccxx„-
2341 523 2523 597 cclxi

477 1018 709 1064 ccxxx.
761 1018 1016 1064 mrsu
1048 1014 1348 1064 nmncTA
1380 1012 1709 1066 EP1scoro
1747 1012 2224 1070 unumunurn.

980 1162 1139 1231 [Reg.
1165 1162 1255 1213 11.·
1276 1162 1428 1214 Parv.
1452 1161 1489 1213 f.
1519 1165 1615 1235 ¹²⁴„
1641 1164 1738 1228 δη]

300 1297 855 1365 Reverendissime
898 1303 965 1364 in
1009 1293 1269 1365 Christo
1316 1314 1521 1384 pater,
1571 1322 1646 1366 ac
1697 1301 1986 1367 Domine·
2025 1302 2110 1366 mi
2142 1303 2516 1389 singularis-⁵·

207 1387 379 1465 sime,
415 1402 561 1472 post
588 1388 983 1453 humilimam
1014 1388 1721 1453 recommendacionem
1753 1412 1900 1453 cum
1924 1390 2232 1454 contiuua
2253 1414 2513 1476 promp-

209 1474 475 1540 titudine
522 1475 703 1539 vobis
748 1474 1121 1541 famulandi.
1219 1474 1291 1539 Si
1322 1475 1577 1560 placeat
1630 1489 1859 1540 vestrae
1887 1476 2342 1555 dominacioni,
2377 1500 2511 1543 ma-

206 1559 398 1645 gister
444 1562 773 1627 Robertus
822 1562 1131 1625 Tattman
1160 1584 1249 1626 ex
1282 1576 1491 1626 vestra
1519 1562 1848 1627 voluntate
1873 1584 2124 1629 mecum
2155 1564 2502 1628 communi·-

209 1648 372 1713 cavit
398 1670 597 1734 super
626 1663 841 1713 vestra
870 1648 1329 1717 installacione.
1432 1648 1506 1713 In
1538 1669 1668 1737 qua
1696 1650 1965 1714 materia
1993 1650 2172 1715 dicto
2201 1652 2516 1739 magistro·

216 1734 521 1813 Roberto,
554 1748 621 1799 et
670 1735 961 1799 Roberto
994 1736 1387 1801 conestable
1432 1749 1648 1799 vestro
1683 1738 2091 1816 cancellario,
2123 1750 2514 1823 conceptum·

208 1844 433 1900 meum,
476 1843 597 1905 per
627 1822 1039 1887 medietatem
1070 1826 1220 1886 anni
1251 1837 1320 1886 et
1350 1822 1622 1907 amplius
1653 1823 2101 1902 deliberatum,
2135 1826 2408 1911 exposui
2439 1842 2509 1889 et

206 1908 662 1973 communicavi
687 1932 715 1984 3-
740 1922 827 1987 et,
860 1906 1155 1973 omnibus
1184 1909 1682 1974 circumstanciis
1701 1909 2046 1995 diligenter
2067 1912 2509 1991 consideratis}

208 1995 403 2060 visum
430 2010 535 2061 est
565 1995 741 2074 mihi,
774 2008 840 2061 et
862 1996 1061 2061 eciam
1094 1996 1279 2061 dictis
1318 1997 1610 2061 Roberto
1639 2012 1710 2061 et
1737 1996 2046 2076 Roberto,
2081 2011 2344 2083 psopter
2373 2022 2513 2063 moa

210 2083 333 2147 tiva
360 2106 523 2161 mea,
556 2098 866 2148 contenta
892 2085 957 2146 in
978 2084 1209 2148 cedula
1230 2085 1660 2169 praesentibus
1687 2083 2047 2163 interclusa,
2073 2086 2251 2172 quod
2273 2086 2512 2150 festum

214 2168 455 2235 Natalis
506 2169 779 2236 Domini
830 2172 1129 2255 proxime
1174 2170 1463 2234 futurum
1512 2171 1597 2235 ad
1646 2170 2010 2255 hujusmodi
2059 2171 2520 2238 installacionis·

206 2271 429 2335 actum,
499 2278 620 2342 per
680 2256 811 2321 Dei
870 2258 1154 2345 graciam
1210 2258 1566 2322 honorifice
1626 2258 2103 2337 celebrandum,
2165 2259 2218 2322 si
2279 2274 2508 2324 vestrae

206 2344 628 2409 dominacioni
652 2344 1195 2409 reverendissimae
1218 2345 1387 2409 foret
1416 2360 1772 2430 acceptum,
1808 2346 2006 2430 magis
2037 2368 2394 2430 congruum
2425 2349 2512 2411 sit

206 2444 271 2494 et
321 2446 735 2517 oportunum.
830 2433 1001 2496 Sunt
1047 2432 1249 2496 eciam
1271 2432 1399 2496 alia
1449 2434 1694 2496 motiva
1741 2454 1866 2496 non
1898 2435 2140 2518 scripta
2168 2433 2282 2497 sed
2313 2433 2509 2497 latori

208 2519 537 2601 praeseut'is·
554 2517 805 2583 cedulae
828 2535 1055 2583 vestrae
1084 2518 1540 2583 Dominacioni
1563 2520 2129 2596 reverendissimas,
2151 2520 2203 2582 si
2229 2520 2503 2604 placeat,

208 2604 558 2670 referenda.
652 2606 759 2683 Et,
812 2622 885 2670 ut
932 2604 1124 2668 michi
1170 2617 1239 2669 et
1291 2606 1678 2691 quibusdam
1721 2606 1858 2670 aliis
1903 2609 2126 2672 vestris
2160 2607 2409 2670 famulis
2441 2623 2509 2672 et

208 2692 616 2758 servitoribus
652 2692 808 2757 satis
854 2691 1151 2756 fidelibus
1192 2707 1260 2757 et
1290 2693 1578 2759 discretis
1613 2693 1886 2773 videtur,
1920 2712 2134 2759 vestra
2163 2694 2520 2778 praesencia

212 2779 275 2841 iu
324 2793 529 2845 vestra
578 2778 839 2864 propria
884 2782 1098 2865 patria
1140 2780 1239 2844 vel
1276 2780 1491 2865 juxta,
1542 2796 1812 2866 propter
1863 2794 2074 2845 vestra
2101 2778 2412 2844 honorem
2442 2796 2511 2846 et

209 2867 570 2945 comodum,
616 2886 764 2966 quae
794 2866 1031 2931 affecto
1060 2882 1124 2929 et
1154 2888 1409 2953 semper
1438 2868 1776 2945 affectabo,
1813 2868 1996 2932 valde
2029 2882 2196 2932 esset
2228 2889 2513 2933 necessa-

210 2953 317 3015 ria.
407 2954 495 3017 Et
542 2953 597 3016 si
646 2976 711 3016 in
760 2954 1129 3038 praemissiS,
1200 2952 1297 3017 vel
1345 2954 1508 3031 aliis,
1581 2976 1728 3039 quae
1798 2969 2025 3018 vestrae
2083 2954 2522 3019 dominacioni

210 3040 751 3105 reverendissimae
796 3054 1105 3123 poterunt
1148 3041 1572 3123 complacere,
1625 3041 1684 3102 in
1717 3055 2028 3126 quantum
2053 3062 2198 3105 mea
2227 3041 2509 3125 parvitas

208 3126 451 3204 sufficit,
500 3150 615 3191 me
662 3149 778 3211 pro
834 3127 1069 3190 viribus
1118 3127 1489 3191 benivolum
1535 3126 1852 3191 habebitis
1896 3140 1964 3190 et
2010 3140 2326 3211 paratum.
2425 3128 2512 3193 Et

212 3228 477 3279 vestiam
540 3212 1083 3278 dominacionem·
1114 3214 1706 3278 reverendissimam
1737 3215 1820 3278 ad
1849 3214 2108 3278 salubre
2134 3214 2418 3298 regimen
2451 3231 2520 3280 et

209 3299 507 3365 solacium
634 3300 767 3383 egis
814 3299 1004 3364 vestri
1035 3299 1147 3364 diu
1178 3314 1514 3366 conservet
1544 3300 1610 3364 in
1643 3301 1960 3385 prosperis
1991 3300 2339 3366 clemencia
2377 3302 2522 3366 Sal«

212 3388 464 3455 vatorisf
649 3386 817 3472 ripta
842 3386 1175 3467 Dunelmi,
1209 3396 1383 3451 xum
1416 3386 1521 3453 die
1553 3390 1787 3452 mensis
1818 3388 1857 3453 J
1865 3387 1994 3455 ulii.
2087 3391 2358 3469 [1440.]

372 3632 638 3678 mom-'wa
694 3633 885 3685 Quo-D
936 3632 1388 3679 INSTALLACIO
1423 3628 1682 3680 DOMINI
1719 3634 2222 3679 DUNBLMssNsls
2262 3635 2339 3678 m

378 3720 595 3765 FETSO
630 3721 921 3767 NATALIS
945 3722 1204 3766 DOMINI
1240 3722 1654 3767 COMMODIUS
1690 3722 1776 3765 ΕΤ
1808 3721 2202 3767 ΗΟΝΕΒΤΙΗΒ
2235 3721 2348 3765 sn?

256 3862 268 3875 „
378 3807 871 3853 CELEBRANDA.

1004 3948 1162 4017 meg.
1188 3945 1264 4002 11.
1288 3948 1439 4001 Parv.
1460 3948 1546 4000 fol.
1578 3950 1720 4011 ms}

298 4086 508 4153 Prima
560 4100 663 4153 est
706 4124 799 4139 —
866 4070 1143 4175 Piopter
1196 4090 1714 4173 solempnitatem
1756 4080 1906 4152 f'esti
1935 4082 2186 4151 Natalis
2217 4076 2522 4165 Domini,-

212 4173 376 4257 quod
404 4176 658 4240 caeteris
687 4176 866 4240 festis
896 4178 1069 4261 apud
1103 4177 1499 4241 Christianos
1529 4175 1844 4239 celebrius
1878 4186 2240 4243 veneratur.

296 4261 661 4326 Secundum
716 4264 1063 4343 est,—-·Illo·
1087 4276 1375 4348 tempore
1396 4263 1615 4326 omnia
1645 4261 1945 4326 victualia
1974 4260 2263 4325 carnium
2295 4273 2361 4324 et
2391 4259 2518 4345 pis—

213 4344 373 4411 cium
402 4370 478 4413 ac
510 4350 863 4415 volatilium
898 4366 1046 4415 sunt
1074 4350 1139 4413 in
1170 4350 1398 4434 majori
1428 4348 1616 4435 copia
1644 4372 1836 4436 quam
1865 4348 1995 4413 alio
2027 4362 2320 4433 tempore
2345 4346 2516 4411 anni.

300 4434 604 4501 Tercium
624 4449 727 4502 est
746 4476 833 4487 —-
860 4440 930 4504 Si
951 4437 1310 4502 installacio
1336 4436 1460 4500 alio
1481 4449 1772 4521 tempore
1802 4437 2184 4511 celebretur,
2205 4452 2357 4500 tunc
2376 4436 2521 4502 Do-

214 4518 409 4586 minus
460 4523 709 4610 duplex
762 4548 924 4591 onus
972 4545 1417 4611 expensarum,
1472 4524 1713 4591 scilicet
1763 4524 1833 4589 in
1881 4522 2326 4590 installacione
2361 4520 2525 4586 etin

1296 4630 1340 4673 n
1390 4616 1431 4674 3
