3000 5117
776 472 1190 530 ΛΡΡεκυικ.
1231 473 1415 527 Anu.
1456 473 1830 546 ucecmx.
2266 455 2493 530 cxxiii

227 661 524 718 tractatus
551 647 726 736 pacis
743 650 866 716 sibi
889 649 1094 718 indies
1123 649 1615 736 promittebant,
1638 650 1723 715 ad
1752 659 1954 714 status
1982 647 2230 734 pristini
2258 649 2503 737 aliqna-

225 739 294 803 lis
321 737 662 803 essenciam
681 737 998 826 respirare
1021 761 1040 814 ς
1071 737 1371 828 dignetur
1389 751 1605 803 vestra
1618 735 1927 802 sanctitas
1945 735 2131 801 dictis
2160 736 2499 826 religiosis,

225 845 481 914 quorum
509 824 846 891 facultates
877 823 962 892 ad
991 845 1216 891 eorum
1245 823 1784 890 sustentacionem
1812 836 1883 889 et
1911 823 2039 890 alia
2059 843 2257 889 onera
2282 845 2505 889 neces·

223 912 372 978 saria
395 912 838 998 supportanda
866 933 996 976 non
1027 924 1377 998 suppetant
1405 909 1529 976 hiis
1558 910 1806 990 diebus,
1836 929 1958 976 nec
1986 910 2219 976 futuris
2248 924 2499 998 tempo·

221 999 379 1065 ribus
395 1010 736 1085 sperantur
751 1013 1110 1086 suppetere,
1124 1021 1208 1064 ne
1229 998 1474 1064 dictum
1501 997 1973 1064 Monasterium
1996 997 2061 1061 in
2081 997 2505 1063 desolacionis

223 1085 632 1172 irreparabilis
659 1101 888 1176 vergat
917 1084 1354 1188 opprobrium,
1387 1085 1723 1151 ecclesiam
1752 1085 2186 1171 parochialem
2230 1083 2315 1151 de
2362 1085 2508 1149 Heu

221 1172 610 1258 mingburgh‚
634 1172 1056 1239 Eboracensis
1079 1173 1432 1253 dioceseos,
1457 1172 1563 1237 vel
1584 1172 1795 1251 aliam,
1830 1171 2013 1257 cujus
2043 1185 2197 1238 sunt
2221 1170 2501 1258 patroni,

221 1260 586 1338 concedere,
621 1260 706 1324 ad
725 1261 1140 1326 relevandam
1169 1281 1396 1326 eorum
1425 1259 1535 1325 ino
1582 1260 1730 1338 iam,
1760 1262 1828 1324 in
1858 1281 2008 1324 usus
2037 1259 2330 1345 proprios
2359 1279 2506 1344 per-

223 1359 404 1434 petuo
455 1347 931 1432 possidendum,
965 1347 1072 1412 vel
1121 1349 1350 1432 ipsum,
1397 1346 1451 1417 ai
1491 1369 1541 1450 p
1565 1359 1709 1412 acet
1752 1359 2025 1432 paterna
2050 1343 2503 1433 compassionis

225 1434 407 1498 oculis
435 1455 554 1498 sua
580 1434 888 1500 sanctitas
914 1435 1408 1521 contempletur,
1451 1433 1659 1499 eidem
1693 1433 1775 1499 de
1805 1433 2023 1520 aliquo
2052 1429 2504 1498 subvencionis

225 1520 512 1601 remedio,
545 1535 743 1606 prout
771 1543 906 1587 suae
933 1520 1253 1588 sanctitati
1282 1521 1597 1609 placitum
1620 1522 1767 1601 erit,
1798 1519 2157 1608 providere.

611 1885 744 1932 clv.
791 1883 1190 1931 MANDATUM
1225 1885 1316 1944 AD
1347 1885 1697 1930 GRANDUM
1734 1885 1871 1931 PRO
1906 1885 2112 1932 REGE·

1037 1967 1046 1976 ’
1087 2001 1244 2072 [neg.
1269 2001 1350 2054 11.
1373 2001 1410 2054 f.
1439 2005 1521 2054 64.
1546 2003 1625 2070 a]

309 2115 700 2194 Ludovicus‚
731 2115 1148 2217 permissione
1203 2115 1446 2182 Divina
1495 2116 1959 2182 Dnnolmensis
2003 2116 2383 2205 Episcopus,
2416 2119 2514 2184 di-

229 2203 394 2268 lectis
443 2203 596 2268 filiis
645 2203 854 2270 Priori
906 2217 971 2269 et
1005 2201 1368 2268 Conventni
1421 2202 1712 2270 ecclesiae
1752 2216 1995 2269 nostrae
2024 2205 2511 2285 Dunolmensis,

231 2291 510 2369 salutem,
566 2290 852 2375 graciam
901 2302 971 2354 et
1019 2290 1565 2356 benediccionem.
1703 2291 2091 2357 Mandatum
2135 2295 2516 2359 venerabilis

229 2377 412 2480 patris
463 2391 533 2443 et
587 2376 834 2478 domini
887 2376 1230 2477 willielmi
1255 2377 1408 2478 ‚Dei
1437 2377 1657 2482 gracia
1684 2377 2111 2444 Eboracensis
2146 2380 2517 2466 Archiepis-

235 2465 1424 2636 cawilfiiffinhazrgngitnsgozepeffiffi:
1445 2464 1901 2618 Ιῖἓὶξιοῗαζὲἒζ
1949 2551 2511 2642 Archiepiscopus‚

235 2638 476 2723 Angliae
522 2638 788 2725 primas,
819 2637 1170 2704 venerabili
1206 2637 1386 2704 fratri
1415 2653 1649 2704 nostro
1666 2640 1931 2705 domino
1963 2640 2352 2720 Laurencio,
2386 2641 2520 2708 Dei

232 2725 434 2812 gracia
463 2724 901 2791 Dunolmensi
933 2725 1280 2812 Episcopo,
1313 2726 1610 2804 salutem,
1652 2741 1721 2792 et
1748 2727 2099 2793 fraternam
2128 2729 2193 2793 in
2228 2727 2519 2794 Domino

231 2811 574 2881 caritatem.
625 2812 733 2878 Ad
757 2811 1146 2898 populorum
1174 2812 1464 2901 regimen
1483 2827 1553 2878 et
1570 2812 1836 2880 tutelam
1867 2814 2239 2881 constitntae
2267 2829 2419 2880 sunt
2447 2818 2518 2881 in

233 2899 378 2964 orbe
407 2911 750 2979 terrarum,
767 2899 852 2965 ab
879 2899 980 2964 Eo
1001 2921 1332 2987 perquem
1355 2921 1543 2986 reges
1566 2914 1839 2986 regnant
1870 2916 1939 2967 et
1966 2900 2285 2987 principes
2314 2905 2518 2990 impe-

235 2998 390 3064 rant,
419 3007 653 3075 regum
679 2999 752 3050 et
780 2984 1139 3072 principum
1181 2999 1558 3071 potestates,
1588 3001 1664 3052 nt
1710 2989 1777 3052 in
1817 2989 1883 3052 in
1912 2990 2095 3074 virga
2120 2989 2417 3076 equitatis
2448 3003 2517 3055 et

228 3072 489 3158 justiciae
512 3074 792 3160 populos
814 3074 986 3159 ipsos
1003 3088 1249 3158 regant,
1271 3087 1338 3140 et
1365 3073 1432 3138 in
1461 3075 1923 3162 tranquillitate
1951 3076 2125 3160 pacis
2152 3075 2521 3143 custodiant

239 3159 349 3224 sibi
397 3160 692 3226 subditas
745 3161 1062 3238 nacioneS,
1097 3160 1358 3226 Christo
1386 3161 1829 3228 universorum
1858 3161 2148 3242 dominc,
2179 3161 2290 3250 qui
2331 3163 2523 3247 justi-

237 3244 388 3311 ciam
415 3247 636 3348 diligit
677 3260 750 3312 et
779 3247 994 3313 vultus
1043 3249 1181 3334 ejus
1211 3247 1468 3333 inspicit
1496 3248 1866 3336 equitatem,
1898 3249 2158 3336 regibus
2188 3263 2259 3314 et
2285 3249 2521 3334 princi·

238 3334 414 3417 pibus
459 3333 614 3420 ipsis
663 3333 748 3399 ad
777 3333 1124 3399 vindictam
1153 3335 1492 3414 malorum,
1525 3336 1781 3402 laudem
1817 3357 1968 3402 vero
1998 3338 2338 3415 bonorum,
2372 3359 2529 3403 exe·

237 3419 549 3486 cntionem
617 3419 988 3507 temporalis
1056 3421 1254 3506 gladii
1321 3422 1786 3492 committente.
1918 3423 2119 3491 Unde
2188 3445 2337 3488 cum
2389 3445 2525 3491 non

237 3505 347 3570 nisi
395 3526 480 3572 ex
514 3508 668 3573 Deo
713 3529 898 3594 reges
939 3521 1216 3594 regnent
1243 3522 1313 3574 et
1341 3508 1659 3594 principes
1689 3509 2119 3590 dominentur,
2152 3511 2217 3576 in
2249 3533 2528 3600 quorum

241 3613 387 3678 pace
415 3595 691 3697 ecclesia
733 3597 984 3681 regitur
1013 3608 1082 3661 et
1109 3595 1380 3697 ministri
1417 3595 1827 3698 ecclesiastici
1854 3611 2307 3684 proteguntur,
2340 3613 2526 3666 tanto

239 3699 798 3856 Εὲἓιῗὲἓῖἷωξῖἓ
847 3683 2529 3859 ffiffssffi'ssxfflgksssszfflfflt&grotti-i

245 3855 580 4006 supplosita,
613 3855 846 3959 quib-us
899 3855 1370 4008 tranqigellitatis
1421 3857 1641 3942 gracia
1666 3861 2095 4010 ggudentibns
2124 3858 2529 3959 liberior-ilius

241 3961 380 4114 junii-la
405 3955 1158 4118 edjuffntfflvgtegiles
1191 3963 2265 4119 mqngcffiihpaoeaegpugtpm
2292 3967 2535 4119 priffli}

251 4133 388 4198 pem
457 4115 796 4182 dominum
869 4129 1180 4198 nostrum,
1242 4118 1573 4184 dominum
1652 4119 2063 4197 Edwardum,
2127 4118 2258 4183 Dei
2312 4120 2534 4208 gracia

247 4221 450 4286 regem
501 4205 760 4289 Anglioe
809 4203 1144 4284 illustrem,
1191 4205 1436 4272 Divina
1483 4207 1902 4294 providencia
1954 4205 2373 4292 praepositum
2429 4230 2531 4273 re·

249 4290 458 4376 gimini
645 4291 736 4356 uli
785 4291 942 4372 Dei,
974 4293 1106 4379 qui,
1139 4313 1260 4379 pro
1305 4293 1775 4381 tranquillitate
1822 4305 1897 4359 et
1956 4293 2299 4374 securitate
2345 4295 2531 4384 regni

253 4375 361 4454 sui,
386 4377 470 4442 ad
529 4379 809 4445 uriosum
829 4379 1140 4466 impetum
1167 4382 1543 4462 Scottorum
1573 4381 1765 4466 hujus
1794 4381 1975 4468 regni
2004 4393 2071 4446 et
2098 4381 2387 4446 ecclesiae
2418 4383 2531 4446 ad-

226 4463 664 4536 -verseriorum
703 4467 1039 4536 rebellium
1081 4467 1619 4560 compescendum
1648 4469 1931 4558 ipsorum
1958 4481 2531 4558 praesumptuosam
