<?xml version="1.0" encoding="UTF-8"?>
<!DOCTYPE html PUBLIC "-//W3C//DTD XHTML 1.0 Transitional//EN"
    "http://www.w3.org/TR/xhtml1/DTD/xhtml1-transitional.dtd">
<html xmlns="http://www.w3.org/1999/xhtml" xml:lang="en" lang="en">
 <head>
  <title>
</title>
<meta http-equiv="Content-Type" content="text/html;charset=utf-8" />
  <meta name='ocr-system' content='tesseract 3.04.00' />
  <meta name='ocr-capabilities' content='ocr_page ocr_carea ocr_par ocr_line ocrx_word'/>
</head>
<body>
  <div class='ocr_page' id='page_1' title='image "./historiaedunelm00raingoog_0167.png"; bbox 0 0 3000 5117; ppageno 0'>
   <div class='ocr_carea' id='block_1_1' title="bbox 873 471 2571 543">
    <p class='ocr_par' dir='ltr' id='par_1_1' title="bbox 873 471 2571 543">
     <span class='ocr_line' id='line_1_1' title="bbox 873 471 2571 543; baseline -0.002 -5"><span class='ocrx_word' id='word_1_1' title='bbox 873 487 1278 543; x_wconf 71' lang='lat' dir='ltr'><strong>nonna-rus</strong></span> <span class='ocrx_word' id='word_1_2' title='bbox 1333 489 1438 540; x_wconf 81' lang='lat' dir='ltr'><strong>m:</strong></span> <span class='ocrx_word' id='word_1_3' title='bbox 1489 489 2003 542; x_wconf 67' lang='lat' dir='ltr'><strong>caus-rmus.</strong></span> <span class='ocrx_word' id='word_1_4' title='bbox 2436 471 2571 536; x_wconf 88' lang='lat'><strong>101</strong></span> 
     </span>
    </p>
   </div>
   <div class='ocr_carea' id='block_1_2' title="bbox 217 645 2575 3864">
    <p class='ocr_par' dir='ltr' id='par_1_2' title="bbox 217 645 2575 3674">
     <span class='ocr_line' id='line_1_2' title="bbox 263 645 2569 736; baseline -0.001 -25"><span class='ocrx_word' id='word_1_5' title='bbox 263 668 419 712; x_wconf 83' lang='lat' dir='ltr'><strong>vasa</strong></span> <span class='ocrx_word' id='word_1_6' title='bbox 447 657 758 733; x_wconf 81' lang='lat' dir='ltr'><strong>argentea</strong></span> <span class='ocrx_word' id='word_1_7' title='bbox 785 661 854 714; x_wconf 89' lang='lat' dir='ltr'><strong>et</strong></span> <span class='ocrx_word' id='word_1_8' title='bbox 879 649 1128 736; x_wconf 84' lang='lat' dir='ltr'><strong>lapides</strong></span> <span class='ocrx_word' id='word_1_9' title='bbox 1155 649 1470 734; x_wconf 87' lang='lat' dir='ltr'><strong>pretiosos</strong></span> <span class='ocrx_word' id='word_1_10' title='bbox 1499 649 1585 715; x_wconf 89' lang='lat' dir='ltr'><strong>de</strong></span> <span class='ocrx_word' id='word_1_11' title='bbox 1614 649 1927 715; x_wconf 74' lang='lat' dir='ltr'><strong>thesauris</strong></span> <span class='ocrx_word' id='word_1_12' title='bbox 1956 647 2279 724; x_wconf 84' lang='lat' dir='ltr'><strong>ecclesiae3</strong></span> <span class='ocrx_word' id='word_1_13' title='bbox 2308 660 2379 712; x_wconf 85' lang='lat' dir='ltr'><strong>et</strong></span> <span class='ocrx_word' id='word_1_14' title='bbox 2402 645 2569 729; x_wconf 82' lang='lat' dir='ltr'><strong>[sic]</strong></span> 
     </span>
     <span class='ocr_line' id='line_1_3' title="bbox 263 734 2575 822; baseline 0 -26"><span class='ocrx_word' id='word_1_15' title='bbox 263 734 443 798; x_wconf 78' lang='lat' dir='ltr'><strong>circa</strong></span> <span class='ocrx_word' id='word_1_16' title='bbox 485 735 847 800; x_wconf 68' lang='lat' dir='ltr'><strong>cardinales</strong></span> <span class='ocrx_word' id='word_1_17' title='bbox 895 751 962 800; x_wconf 89' lang='lat' dir='ltr'><strong>et</strong></span> <span class='ocrx_word' id='word_1_18' title='bbox 1015 736 1220 822; x_wconf 84' lang='lat' dir='ltr'><strong>ipsum</strong></span> <span class='ocrx_word' id='word_1_19' title='bbox 1274 737 1479 801; x_wconf 91' lang='lat' dir='ltr'><strong>multa</strong></span> <span class='ocrx_word' id='word_1_20' title='bbox 1530 735 1911 822; x_wconf 85' lang='lat' dir='ltr'><strong>expendidit</strong></span> <span class='ocrx_word' id='word_1_21' title='bbox 1928 759 1947 812; x_wconf 91' lang='lat'>;</span> <span class='ocrx_word' id='word_1_22' title='bbox 1993 747 2060 800; x_wconf 89' lang='lat' dir='ltr'><strong>et</strong></span> <span class='ocrx_word' id='word_1_23' title='bbox 2088 747 2301 820; x_wconf 78' lang='lat' dir='ltr'><strong>grates</strong></span> <span class='ocrx_word' id='word_1_24' title='bbox 2352 747 2575 798; x_wconf 86' lang='lat' dir='ltr'><strong>tamen</strong></span> 
     </span>
     <span class='ocr_line' id='line_1_4' title="bbox 259 819 2575 908; baseline -0 -25"><span class='ocrx_word' id='word_1_25' title='bbox 259 820 559 886; x_wconf 87' lang='lat' dir='ltr'><strong>modicas</strong></span> <span class='ocrx_word' id='word_1_26' title='bbox 611 823 987 908; x_wconf 79' lang='lat' dir='ltr'><strong>reportavit.</strong></span> <span class='ocrx_word' id='word_1_27' title='bbox 1095 823 1593 902; x_wconf 84' lang='lat' dir='ltr'><strong>[Cardinalibns</strong></span> <span class='ocrx_word' id='word_1_28' title='bbox 1639 845 1793 888; x_wconf 89' lang='lat' dir='ltr'><strong>vero</strong></span> <span class='ocrx_word' id='word_1_29' title='bbox 1843 843 2059 888; x_wconf 84' lang='lat' dir='ltr'><strong>versus</strong></span> <span class='ocrx_word' id='word_1_30' title='bbox 2094 821 2375 887; x_wconf 85' lang='lat' dir='ltr'><strong>Scotiam</strong></span> <span class='ocrx_word' id='word_1_31' title='bbox 2407 819 2575 884; x_wconf 85' lang='lat' dir='ltr'><strong>ultra</strong></span> 
     </span>
     <span class='ocr_line' id='line_1_5' title="bbox 259 905 2571 993; baseline -0.001 -23"><span class='ocrx_word' id='word_1_32' title='bbox 259 926 400 971; x_wconf 87' lang='lat' dir='ltr'><strong>non</strong></span> <span class='ocrx_word' id='word_1_33' title='bbox 453 909 1042 993; x_wconf 82' lang='lat' dir='ltr'>progredientibus,</span> <span class='ocrx_word' id='word_1_34' title='bbox 1095 909 1210 974; x_wconf 89' lang='lat' dir='ltr'><strong>sed</strong></span> <span class='ocrx_word' id='word_1_35' title='bbox 1259 931 1470 974; x_wconf 86' lang='lat' dir='ltr'><strong>versus</strong></span> <span class='ocrx_word' id='word_1_36' title='bbox 1518 925 1805 974; x_wconf 80' lang='lat' dir='ltr'><strong>austrum</strong></span> <span class='ocrx_word' id='word_1_37' title='bbox 1855 909 2291 985; x_wconf 78' lang='lat' dir='ltr'><strong>tendentibus,</strong></span> <span class='ocrx_word' id='word_1_38' title='bbox 2356 905 2571 972; x_wconf 82' lang='lat' dir='ltr'>timuit</span> 
     </span>
     <span class='ocr_line' id='line_1_6' title="bbox 255 995 2571 1074; baseline -0.001 -17"><span class='ocrx_word' id='word_1_39' title='bbox 255 1009 634 1060; x_wconf 82' lang='lat' dir='ltr'><strong>conventus</strong></span> <span class='ocrx_word' id='word_1_40' title='bbox 666 1017 888 1060; x_wconf 88' lang='lat' dir='ltr'><strong>eorum</strong></span> <span class='ocrx_word' id='word_1_41' title='bbox 916 997 1076 1060; x_wconf 89' lang='lat' dir='ltr'><strong>iram</strong></span> <span class='ocrx_word' id='word_1_42' title='bbox 1106 1009 1173 1061; x_wconf 89' lang='lat' dir='ltr'><strong>et</strong></span> <span class='ocrx_word' id='word_1_43' title='bbox 1199 995 1536 1074; x_wconf 80' lang='lat' dir='ltr'><strong>maliciam,</strong></span> <span class='ocrx_word' id='word_1_44' title='bbox 1570 1009 1639 1061; x_wconf 90' lang='lat' dir='ltr'><strong>et</strong></span> <span class='ocrx_word' id='word_1_45' title='bbox 1674 997 1962 1061; x_wconf 85' lang='lat' dir='ltr'><strong>Priorem</strong></span> <span class='ocrx_word' id='word_1_46' title='bbox 1994 995 2471 1072; x_wconf 84' lang='lat' dir='ltr'><strong>reclamantem,</strong></span> <span class='ocrx_word' id='word_1_47' title='bbox 2504 1005 2571 1056; x_wconf 90' lang='lat' dir='ltr'><strong>et</strong></span> 
     </span>
     <span class='ocr_line' id='line_1_7' title="bbox 257 1078 2573 1170; baseline 0 -28"><span class='ocrx_word' id='word_1_48' title='bbox 257 1079 623 1160; x_wconf 81' lang='lat' dir='ltr'><strong>dicentem,</strong></span> <span class='ocrx_word' id='word_1_49' title='bbox 661 1093 704 1124; x_wconf 90' lang='lat'><strong>“</strong></span> <span class='ocrx_word' id='word_1_50' title='bbox 730 1081 908 1156; x_wconf 86' lang='lat' dir='ltr'><strong>Quid</strong></span> <span class='ocrx_word' id='word_1_51' title='bbox 939 1083 1221 1160; x_wconf 75' lang='lat' dir='ltr'><strong>fecimus,</strong></span> <span class='ocrx_word' id='word_1_52' title='bbox 1271 1085 1338 1146; x_wconf 91' lang='lat' dir='ltr'><strong>in</strong></span> <span class='ocrx_word' id='word_1_53' title='bbox 1383 1105 1518 1170; x_wconf 86' lang='lat' dir='ltr'><strong>quo</strong></span> <span class='ocrx_word' id='word_1_54' title='bbox 1546 1082 2015 1170; x_wconf 85' lang='lat' dir='ltr'><strong>peccavimus,”</strong></span> <span class='ocrx_word' id='word_1_55' title='bbox 2045 1094 2397 1170; x_wconf 83' lang='lat' dir='ltr'><strong>coegerunt</strong></span> <span class='ocrx_word' id='word_1_56' title='bbox 2424 1078 2573 1143; x_wconf 86' lang='lat' dir='ltr'><strong>mit·</strong></span> 
     </span>
     <span class='ocr_line' id='line_1_8' title="bbox 255 1167 2571 1255; baseline -0 -25"><span class='ocrx_word' id='word_1_57' title='bbox 255 1179 402 1231; x_wconf 84' lang='lat' dir='ltr'><strong>tere</strong></span> <span class='ocrx_word' id='word_1_58' title='bbox 454 1169 624 1232; x_wconf 79' lang='lat' dir='ltr'><strong>dnos</strong></span> <span class='ocrx_word' id='word_1_59' title='bbox 673 1167 902 1234; x_wconf 85' lang='lat' dir='ltr'><strong>fratres</strong></span> <span class='ocrx_word' id='word_1_60' title='bbox 961 1169 1386 1246; x_wconf 86' lang='lat' dir='ltr'><strong>Londoniam,</strong></span> <span class='ocrx_word' id='word_1_61' title='bbox 1437 1169 1525 1234; x_wconf 91' lang='lat' dir='ltr'><strong>ad</strong></span> <span class='ocrx_word' id='word_1_62' title='bbox 1564 1169 1958 1255; x_wconf 78' lang='lat' dir='ltr'><strong>placandum</strong></span> <span class='ocrx_word' id='word_1_63' title='bbox 2008 1169 2389 1244; x_wconf 76' lang='lat' dir='ltr'><strong>cardinaleS,</strong></span> <span class='ocrx_word' id='word_1_64' title='bbox 2422 1188 2571 1231; x_wconf 89' lang='lat' dir='ltr'><strong>cum</strong></span> 
     </span>
     <span class='ocr_line' id='line_1_9' title="bbox 255 1253 2569 1334; baseline 0 -18"><span class='ocrx_word' id='word_1_65' title='bbox 255 1253 538 1318; x_wconf 86' lang='lat' dir='ltr'><strong>consilio</strong></span> <span class='ocrx_word' id='word_1_66' title='bbox 583 1256 936 1320; x_wconf 88' lang='lat' dir='ltr'><strong>amicorum</strong></span> <span class='ocrx_word' id='word_1_67' title='bbox 989 1269 1142 1321; x_wconf 88' lang='lat' dir='ltr'><strong>tunc</strong></span> <span class='ocrx_word' id='word_1_68' title='bbox 1190 1255 1279 1319; x_wconf 89' lang='lat' dir='ltr'><strong>ibi</strong></span> <span class='ocrx_word' id='word_1_69' title='bbox 1329 1257 1799 1321; x_wconf 82' lang='lat' dir='ltr'><strong>existencium:</strong></span> <span class='ocrx_word' id='word_1_70' title='bbox 1848 1269 1937 1334; x_wconf 92' lang='lat' dir='ltr'><strong>et,</strong></span> <span class='ocrx_word' id='word_1_71' title='bbox 1970 1255 2093 1320; x_wconf 86' lang='lat' dir='ltr'><strong>illis</strong></span> <span class='ocrx_word' id='word_1_72' title='bbox 2122 1253 2569 1329; x_wconf 77' lang='lat' dir='ltr'><strong>mediantibus,</strong></span> 
     </span>
     <span class='ocr_line' id='line_1_10' title="bbox 253 1341 2571 1428; baseline 0 -26"><span class='ocrx_word' id='word_1_73' title='bbox 253 1361 570 1406; x_wconf 83' lang='lat' dir='ltr'><strong>concessa</strong></span> <span class='ocrx_word' id='word_1_74' title='bbox 605 1355 706 1406; x_wconf 89' lang='lat' dir='ltr'><strong>est</strong></span> <span class='ocrx_word' id='word_1_75' title='bbox 737 1341 938 1408; x_wconf 79' lang='lat' dir='ltr'><strong>Lucae</strong></span> <span class='ocrx_word' id='word_1_76' title='bbox 968 1343 1052 1407; x_wconf 87' lang='lat' dir='ltr'><strong>de</strong></span> <span class='ocrx_word' id='word_1_77' title='bbox 1085 1343 1299 1408; x_wconf 87' lang='lat' dir='ltr'><strong>Flisco</strong></span> <span class='ocrx_word' id='word_1_78' title='bbox 1339 1343 1570 1428; x_wconf 85' lang='lat' dir='ltr'><strong>pensio</strong></span> <span class='ocrx_word' id='word_1_79' title='bbox 1615 1365 1829 1407; x_wconf 82' lang='lat' dir='ltr'><strong>annua</strong></span> <span class='ocrx_word' id='word_1_80' title='bbox 1878 1357 2137 1407; x_wconf 87' lang='lat' dir='ltr'><strong>centum</strong></span> <span class='ocrx_word' id='word_1_81' title='bbox 2180 1341 2571 1406; x_wconf 86' lang='lat' dir='ltr'><strong>florenorum</strong></span> 
     </span>
     <span class='ocr_line' id='line_1_11' title="bbox 253 1427 2571 1518; baseline -0.001 -27"><span class='ocrx_word' id='word_1_82' title='bbox 253 1447 464 1514; x_wconf 78' lang='lat' dir='ltr'><strong>usque</strong></span> <span class='ocrx_word' id='word_1_83' title='bbox 511 1428 596 1492; x_wconf 83' lang='lat' dir='ltr'><strong>ad</strong></span> <span class='ocrx_word' id='word_1_84' title='bbox 641 1429 986 1494; x_wconf 86' lang='lat' dir='ltr'><strong>terminum</strong></span> <span class='ocrx_word' id='word_1_85' title='bbox 1029 1429 1180 1494; x_wconf 78' lang='lat' dir='ltr'><strong>vitae</strong></span> <span class='ocrx_word' id='word_1_86' title='bbox 1225 1433 1426 1507; x_wconf 72' lang='lat' dir='ltr'><strong>suoe,*</strong></span> <span class='ocrx_word' id='word_1_87' title='bbox 1457 1452 1607 1518; x_wconf 85' lang='lat' dir='ltr'><strong>quae</strong></span> <span class='ocrx_word' id='word_1_88' title='bbox 1636 1429 1960 1494; x_wconf 80' lang='lat' dir='ltr'><strong>concessio</strong></span> <span class='ocrx_word' id='word_1_89' title='bbox 1992 1451 2319 1516; x_wconf 87' lang='lat' dir='ltr'><strong>nunquam</strong></span> <span class='ocrx_word' id='word_1_90' title='bbox 2350 1427 2571 1491; x_wconf 88' lang='lat' dir='ltr'><strong>domui</strong></span> 
     </span>
     <span class='ocr_line' id='line_1_12' title="bbox 253 1513 2573 1617; baseline 0 -41"><span class='ocrx_word' id='word_1_91' title='bbox 253 1513 504 1596; x_wconf 82' lang='lat' dir='ltr'><strong>profuit</strong></span> <span class='ocrx_word' id='word_1_92' title='bbox 530 1513 604 1578; x_wconf 93' lang='lat' dir='ltr'><strong>in</strong></span> <span class='ocrx_word' id='word_1_93' title='bbox 635 1537 764 1580; x_wconf 85' lang='lat' dir='ltr'><strong>una</strong></span> <span class='ocrx_word' id='word_1_94' title='bbox 793 1515 926 1580; x_wconf 90' lang='lat' dir='ltr'><strong>iota</strong></span> <span class='ocrx_word' id='word_1_95' title='bbox 943 1539 964 1592; x_wconf 84' lang='lat'>3</span> <span class='ocrx_word' id='word_1_96' title='bbox 1009 1515 1220 1581; x_wconf 88' lang='lat' dir='ltr'><strong>obfuit</strong></span> <span class='ocrx_word' id='word_1_97' title='bbox 1249 1529 1466 1581; x_wconf 84' lang='lat' dir='ltr'><strong>tamen</strong></span> <span class='ocrx_word' id='word_1_98' title='bbox 1495 1518 1723 1602; x_wconf 85' lang='lat' dir='ltr'><strong>magis,</strong></span> <span class='ocrx_word' id='word_1_99' title='bbox 1756 1515 1907 1617; x_wconf 81' lang='lat' dir='ltr'><strong>quia</strong></span> <span class='ocrx_word' id='word_1_100' title='bbox 1992 1538 2067 1580; x_wconf 87' lang='lat' dir='ltr'><strong>ro</strong></span> <span class='ocrx_word' id='word_1_101' title='bbox 2096 1513 2412 1579; x_wconf 86' lang='lat' dir='ltr'><strong>monacho</strong></span> <span class='ocrx_word' id='word_1_102' title='bbox 2455 1513 2573 1577; x_wconf 91' lang='lat' dir='ltr'><strong>de-</strong></span> 
     </span>
     <span class='ocr_line' id='line_1_13' title="bbox 256 1537 2572 1687; baseline 0.001 -26"><span class='ocrx_word' id='word_1_103' title='bbox 256 1597 506 1665; x_wconf 80' lang='lat' dir='ltr'><strong>ferente</strong></span> <span class='ocrx_word' id='word_1_104' title='bbox 537 1602 664 1667; x_wconf 86' lang='lat' dir='ltr'><strong>sibi</strong></span> <span class='ocrx_word' id='word_1_105' title='bbox 692 1601 912 1668; x_wconf 78' lang='lat' dir='ltr'><strong>literas</strong></span> <span class='ocrx_word' id='word_1_106' title='bbox 941 1601 1287 1687; x_wconf 85' lang='lat' dir='ltr'><strong>pensionis,</strong></span> <span class='ocrx_word' id='word_1_107' title='bbox 1324 1603 1623 1668; x_wconf 80' lang='lat' dir='ltr'><strong>Henrico</strong></span> <span class='ocrx_word' id='word_1_108' title='bbox 1654 1603 1899 1669; x_wconf 78' lang='lat' dir='ltr'><strong>scilicet</strong></span> <span class='ocrx_word' id='word_1_109' title='bbox 1926 1537 2011 1668; x_wconf 56' lang='lat' dir='ltr'><strong>Xe</strong></span> <span class='ocrx_word' id='word_1_110' title='bbox 2042 1601 2293 1678; x_wconf 77' lang='lat' dir='ltr'><strong>castro,</strong></span> <span class='ocrx_word' id='word_1_111' title='bbox 2316 1598 2572 1684; x_wconf 81' lang='lat' dir='ltr'><strong>scripsit</strong></span> 
     </span>
     <span class='ocr_line' id='line_1_14' title="bbox 255 1686 2565 1786; baseline 0.001 -36"><span class='ocrx_word' id='word_1_112' title='bbox 255 1686 602 1752; x_wconf 83' lang='lat' dir='ltr'><strong>cardinalis</strong></span> <span class='ocrx_word' id='word_1_113' title='bbox 653 1687 860 1752; x_wconf 86' lang='lat' dir='ltr'><strong>Priori</strong></span> <span class='ocrx_word' id='word_1_114' title='bbox 909 1705 976 1753; x_wconf 89' lang='lat' dir='ltr'><strong>et</strong></span> <span class='ocrx_word' id='word_1_115' title='bbox 1020 1689 1384 1768; x_wconf 89' lang='lat' dir='ltr'><strong>conventui,</strong></span> <span class='ocrx_word' id='word_1_116' title='bbox 1435 1705 1506 1756; x_wconf 89' lang='lat' dir='ltr'><strong>ut</strong></span> <span class='ocrx_word' id='word_1_117' title='bbox 1550 1690 1616 1754; x_wconf 90' lang='lat' dir='ltr'><strong>in</strong></span> <span class='ocrx_word' id='word_1_118' title='bbox 1665 1689 1953 1756; x_wconf 88' lang='lat' dir='ltr'><strong>Priorem</strong></span> <span class='ocrx_word' id='word_1_119' title='bbox 1980 1689 2068 1754; x_wconf 85' lang='lat' dir='ltr'><strong>de</strong></span> <span class='ocrx_word' id='word_1_120' title='bbox 2104 1688 2321 1752; x_wconf 86' lang='lat' dir='ltr'><strong>Fincal</strong></span> <span class='ocrx_word' id='word_1_121' title='bbox 2350 1687 2565 1786; x_wconf 82' lang='lat' dir='ltr'><strong>praefi-</strong></span> 
     </span>
     <span class='ocr_line' id='line_1_15' title="bbox 253 1773 2561 1861; baseline 0 -25"><span class='ocrx_word' id='word_1_122' title='bbox 253 1786 534 1852; x_wconf 84' lang='lat' dir='ltr'><strong>ceretnr,</strong></span> <span class='ocrx_word' id='word_1_123' title='bbox 559 1788 638 1839; x_wconf 82' lang='lat' dir='ltr'><strong>et</strong></span> <span class='ocrx_word' id='word_1_124' title='bbox 669 1774 985 1840; x_wconf 87' lang='lat' dir='ltr'><strong>mandatis</strong></span> <span class='ocrx_word' id='word_1_125' title='bbox 1015 1777 1155 1861; x_wconf 77' lang='lat' dir='ltr'><strong>ejus</strong></span> <span class='ocrx_word' id='word_1_126' title='bbox 1185 1777 1476 1842; x_wconf 81' lang='lat' dir='ltr'><strong>resistere</strong></span> <span class='ocrx_word' id='word_1_127' title='bbox 1508 1799 1637 1842; x_wconf 92' lang='lat' dir='ltr'><strong>non</strong></span> <span class='ocrx_word' id='word_1_128' title='bbox 1679 1777 2009 1854; x_wconf 87' lang='lat' dir='ltr'><strong>audentes,</strong></span> <span class='ocrx_word' id='word_1_129' title='bbox 2091 1775 2331 1840; x_wconf 86' lang='lat' dir='ltr'><strong>uamvis</strong></span> <span class='ocrx_word' id='word_1_130' title='bbox 2354 1773 2561 1852; x_wconf 73' lang='lat' dir='ltr'><strong>inviti,</strong></span> 
     </span>
     <span class='ocr_line' id='line_1_16' title="bbox 255 1799 2563 1948; baseline 0 -24"><span class='ocrx_word' id='word_1_131' title='bbox 255 1861 745 1946; x_wconf 88' lang='lat' dir='ltr'><strong>quodammodo</strong></span> <span class='ocrx_word' id='word_1_132' title='bbox 771 1863 898 1926; x_wconf 76' lang='lat' dir='ltr'><strong>hoe</strong></span> <span class='ocrx_word' id='word_1_133' title='bbox 928 1861 1239 1934; x_wconf 77' lang='lat' dir='ltr'><strong>fecerunt,</strong></span> <span class='ocrx_word' id='word_1_134' title='bbox 1337 1863 1773 1930; x_wconf 78' lang='lat' dir='ltr'><strong>Movebantur</strong></span> <span class='ocrx_word' id='word_1_135' title='bbox 1801 1799 2152 1930; x_wconf 60' lang='lat' dir='ltr'><strong>cardina&lt;les</strong></span> <span class='ocrx_word' id='word_1_136' title='bbox 2176 1865 2379 1948; x_wconf 84' lang='lat' dir='ltr'><strong>magis</strong></span> <span class='ocrx_word' id='word_1_137' title='bbox 2408 1883 2563 1927; x_wconf 88' lang='lat' dir='ltr'><strong>con·</strong></span> 
     </span>
     <span class='ocr_line' id='line_1_17' title="bbox 259 1949 2561 2037; baseline 0.001 -26"><span class='ocrx_word' id='word_1_138' title='bbox 259 1961 362 2012; x_wconf 87' lang='lat' dir='ltr'><strong>tra</strong></span> <span class='ocrx_word' id='word_1_139' title='bbox 388 1963 810 2027; x_wconf 88' lang='lat' dir='ltr'><strong>conventum,</strong></span> <span class='ocrx_word' id='word_1_140' title='bbox 845 1949 1016 2037; x_wconf 87' lang='lat' dir='ltr'><strong>quia,</strong></span> <span class='ocrx_word' id='word_1_141' title='bbox 1050 1950 1348 2015; x_wconf 88' lang='lat' dir='ltr'><strong>veniente</strong></span> <span class='ocrx_word' id='word_1_142' title='bbox 1388 1952 1627 2016; x_wconf 88' lang='lat' dir='ltr'><strong>comite</strong></span> <span class='ocrx_word' id='word_1_143' title='bbox 1674 1951 2073 2018; x_wconf 84' lang='lat' dir='ltr'><strong>Lancastriae</strong></span> <span class='ocrx_word' id='word_1_144' title='bbox 2102 1951 2277 2036; x_wconf 84' lang='lat' dir='ltr'><strong>apud</strong></span> <span class='ocrx_word' id='word_1_145' title='bbox 2310 1949 2561 2014; x_wconf 87' lang='lat' dir='ltr'><strong>Dunel-</strong></span> 
     </span>
     <span class='ocr_line' id='line_1_18' title="bbox 251 2036 2561 2124; baseline 0.001 -26"><span class='ocrx_word' id='word_1_146' title='bbox 251 2056 456 2112; x_wconf 84' lang='lat' dir='ltr'><strong>mum,</strong></span> <span class='ocrx_word' id='word_1_147' title='bbox 519 2037 589 2098; x_wconf 92' lang='lat' dir='ltr'><strong>in</strong></span> <span class='ocrx_word' id='word_1_148' title='bbox 651 2036 871 2124; x_wconf 84' lang='lat' dir='ltr'><strong>vigilia</strong></span> <span class='ocrx_word' id='word_1_149' title='bbox 929 2037 1281 2102; x_wconf 87' lang='lat' dir='ltr'><strong>nativitatis</strong></span> <span class='ocrx_word' id='word_1_150' title='bbox 1340 2037 1553 2103; x_wconf 79' lang='lat' dir='ltr'><strong>beatae</strong></span> <span class='ocrx_word' id='word_1_151' title='bbox 1612 2038 1869 2116; x_wconf 83' lang='lat' dir='ltr'><strong>Mariae,</strong></span> <span class='ocrx_word' id='word_1_152' title='bbox 1924 2039 2008 2103; x_wconf 86' lang='lat' dir='ltr'><strong>ad</strong></span> <span class='ocrx_word' id='word_1_153' title='bbox 2068 2037 2561 2102; x_wconf 89' lang='lat' dir='ltr'><strong>conducendum</strong></span> 
     </span>
     <span class='ocr_line' id='line_1_19' title="bbox 249 2121 2559 2198; baseline 0.001 -15"><span class='ocrx_word' id='word_1_154' title='bbox 249 2121 614 2187; x_wconf 77' lang='lat' dir='ltr'><strong>cardinales</strong></span> <span class='ocrx_word' id='word_1_155' title='bbox 645 2147 868 2190; x_wconf 84' lang='lat' dir='ltr'><strong>versus</strong></span> <span class='ocrx_word' id='word_1_156' title='bbox 903 2125 1230 2198; x_wconf 80' lang='lat' dir='ltr'><strong>Austrum.</strong></span> <span class='ocrx_word' id='word_1_157' title='bbox 1266 2123 1439 2190; x_wconf 86' lang='lat' dir='ltr'><strong>venit</strong></span> <span class='ocrx_word' id='word_1_158' title='bbox 1473 2125 1560 2190; x_wconf 89' lang='lat' dir='ltr'><strong>ibi</strong></span> <span class='ocrx_word' id='word_1_159' title='bbox 1592 2125 1927 2192; x_wconf 76' lang='lat' dir='ltr'><strong>Gilbertus</strong></span> <span class='ocrx_word' id='word_1_160' title='bbox 1956 2125 2039 2192; x_wconf 80' lang='lat' dir='ltr'><strong>de</strong></span> <span class='ocrx_word' id='word_1_161' title='bbox 2068 2123 2383 2190; x_wconf 80' lang='lat' dir='ltr'><strong>Midilton</strong></span> <span class='ocrx_word' id='word_1_162' title='bbox 2410 2145 2559 2188; x_wconf 90' lang='lat' dir='ltr'><strong>cum</strong></span> 
     </span>
     <span class='ocr_line' id='line_1_20' title="bbox 251 2209 2563 2295; baseline 0.001 -24"><span class='ocrx_word' id='word_1_163' title='bbox 251 2209 406 2284; x_wconf 78' lang='lat' dir='ltr'><strong>sniS,</strong></span> <span class='ocrx_word' id='word_1_164' title='bbox 441 2209 784 2295; x_wconf 90' lang='lat' dir='ltr'><strong>loquturus</strong></span> <span class='ocrx_word' id='word_1_165' title='bbox 827 2233 974 2276; x_wconf 91' lang='lat' dir='ltr'><strong>cum</strong></span> <span class='ocrx_word' id='word_1_166' title='bbox 1010 2211 1266 2289; x_wconf 90' lang='lat' dir='ltr'><strong>comite,</strong></span> <span class='ocrx_word' id='word_1_167' title='bbox 1299 2225 1368 2277; x_wconf 89' lang='lat' dir='ltr'><strong>et</strong></span> <span class='ocrx_word' id='word_1_168' title='bbox 1395 2211 1727 2278; x_wconf 85' lang='lat' dir='ltr'><strong>monachis</strong></span> <span class='ocrx_word' id='word_1_169' title='bbox 1758 2211 2230 2278; x_wconf 81' lang='lat' dir='ltr'><strong>celebrantibus</strong></span> <span class='ocrx_word' id='word_1_170' title='bbox 2259 2210 2323 2274; x_wconf 88' lang='lat' dir='ltr'><strong>in</strong></span> <span class='ocrx_word' id='word_1_171' title='bbox 2354 2210 2563 2274; x_wconf 83' lang='lat' dir='ltr'><strong>eccle-</strong></span> 
     </span>
     <span class='ocr_line' id='line_1_21' title="bbox 247 2294 2560 2384; baseline 0.002 -28"><span class='ocrx_word' id='word_1_172' title='bbox 247 2294 345 2360; x_wconf 85' lang='lat' dir='ltr'><strong>sia</strong></span> <span class='ocrx_word' id='word_1_173' title='bbox 371 2295 665 2361; x_wconf 88' lang='lat' dir='ltr'><strong>interfuit</strong></span> <span class='ocrx_word' id='word_1_174' title='bbox 695 2297 1027 2364; x_wconf 85' lang='lat' dir='ltr'><strong>Gilbertus</strong></span> <span class='ocrx_word' id='word_1_175' title='bbox 1077 2314 1145 2363; x_wconf 89' lang='lat' dir='ltr'><strong>et</strong></span> <span class='ocrx_word' id='word_1_176' title='bbox 1194 2299 1291 2364; x_wconf 90' lang='lat' dir='ltr'><strong>sui</strong></span> <span class='ocrx_word' id='word_1_177' title='bbox 1311 2322 1332 2376; x_wconf 84' lang='lat'><em>3</em></span> <span class='ocrx_word' id='word_1_178' title='bbox 1377 2320 1498 2363; x_wconf 90' lang='lat' dir='ltr'><strong>nec</strong></span> <span class='ocrx_word' id='word_1_179' title='bbox 1542 2299 1709 2364; x_wconf 87' lang='lat' dir='ltr'><strong>enim</strong></span> <span class='ocrx_word' id='word_1_180' title='bbox 1742 2299 2005 2384; x_wconf 89' lang='lat' dir='ltr'><strong>agnovit</strong></span> <span class='ocrx_word' id='word_1_181' title='bbox 2032 2311 2384 2362; x_wconf 84' lang='lat' dir='ltr'><strong>conventus</strong></span> <span class='ocrx_word' id='word_1_182' title='bbox 2412 2318 2560 2382; x_wconf 85' lang='lat' dir='ltr'><strong>per-</strong></span> 
     </span>
     <span class='ocr_line' id='line_1_22' title="bbox 245 2383 2555 2486; baseline 0.001 -42"><span class='ocrx_word' id='word_1_183' title='bbox 245 2403 440 2446; x_wconf 84' lang='lat' dir='ltr'><strong>sonas</strong></span> <span class='ocrx_word' id='word_1_184' title='bbox 483 2405 731 2462; x_wconf 79' lang='lat' dir='ltr'><strong>corum,</strong></span> <span class='ocrx_word' id='word_1_185' title='bbox 781 2399 848 2452; x_wconf 86' lang='lat' dir='ltr'><strong>et</strong></span> <span class='ocrx_word' id='word_1_186' title='bbox 899 2384 979 2448; x_wconf 88' lang='lat' dir='ltr'><strong>si.</strong></span> <span class='ocrx_word' id='word_1_187' title='bbox 1004 2385 1390 2470; x_wconf 84' lang='lat' dir='ltr'><strong>agnovisset,</strong></span> <span class='ocrx_word' id='word_1_188' title='bbox 1425 2387 1732 2486; x_wconf 77' lang='lat' dir='ltr'><strong>repellere</strong></span> <span class='ocrx_word' id='word_1_189' title='bbox 1762 2409 1873 2452; x_wconf 85' lang='lat' dir='ltr'><strong>eos</strong></span> <span class='ocrx_word' id='word_1_190' title='bbox 1904 2407 2093 2452; x_wconf 85' lang='lat' dir='ltr'><strong>ausus</strong></span> <span class='ocrx_word' id='word_1_191' title='bbox 2124 2406 2254 2448; x_wconf 90' lang='lat' dir='ltr'><strong>non</strong></span> <span class='ocrx_word' id='word_1_192' title='bbox 2289 2383 2555 2459; x_wconf 83' lang='lat' dir='ltr'><strong>fuisset3</strong></span> 
     </span>
     <span class='ocr_line' id='line_1_23' title="bbox 245 2470 2561 2560; baseline 0 -28"><span class='ocrx_word' id='word_1_193' title='bbox 245 2470 664 2534; x_wconf 79' lang='lat' dir='ltr'><strong>excusabant</strong></span> <span class='ocrx_word' id='word_1_194' title='bbox 695 2495 765 2536; x_wconf 88' lang='lat' dir='ltr'><strong>se</strong></span> <span class='ocrx_word' id='word_1_195' title='bbox 798 2472 1096 2537; x_wconf 87' lang='lat' dir='ltr'><strong>monachi</strong></span> <span class='ocrx_word' id='word_1_196' title='bbox 1119 2495 1238 2558; x_wconf 82' lang='lat' dir='ltr'><strong>per</strong></span> <span class='ocrx_word' id='word_1_197' title='bbox 1259 2473 1384 2538; x_wconf 84' lang='lat' dir='ltr'><strong>boc</strong></span> <span class='ocrx_word' id='word_1_198' title='bbox 1415 2487 1632 2551; x_wconf 69' lang='lat' dir='ltr'><strong>etiam,</strong></span> <span class='ocrx_word' id='word_1_199' title='bbox 1652 2474 1805 2560; x_wconf 88' lang='lat' dir='ltr'><strong>quia</strong></span> <span class='ocrx_word' id='word_1_200' title='bbox 1832 2471 2131 2538; x_wconf 85' lang='lat' dir='ltr'><strong>monachi</strong></span> <span class='ocrx_word' id='word_1_201' title='bbox 2157 2470 2561 2536; x_wconf 78' lang='lat' dir='ltr'><strong>celebrantes</strong></span> 
     </span>
     <span class='ocr_line' id='line_1_24' title="bbox 247 2555 2561 2660; baseline -0 -40"><span class='ocrx_word' id='word_1_202' title='bbox 247 2555 488 2620; x_wconf 85' lang='lat' dir='ltr'><strong>defixis</strong></span> <span class='ocrx_word' id='word_1_203' title='bbox 517 2557 720 2622; x_wconf 86' lang='lat' dir='ltr'><strong>oculis</strong></span> <span class='ocrx_word' id='word_1_204' title='bbox 747 2557 816 2622; x_wconf 89' lang='lat' dir='ltr'><strong>in</strong></span> <span class='ocrx_word' id='word_1_205' title='bbox 848 2573 1102 2638; x_wconf 88' lang='lat' dir='ltr'><strong>terram,</strong></span> <span class='ocrx_word' id='word_1_206' title='bbox 1134 2561 1244 2660; x_wconf 79' lang='lat' dir='ltr'><strong>qui</strong></span> <span class='ocrx_word' id='word_1_207' title='bbox 1274 2560 1708 2638; x_wconf 84' lang='lat' dir='ltr'><strong>circumstent,</strong></span> <span class='ocrx_word' id='word_1_208' title='bbox 1732 2583 1861 2625; x_wconf 90' lang='lat' dir='ltr'><strong>non</strong></span> <span class='ocrx_word' id='word_1_209' title='bbox 1884 2559 2250 2624; x_wconf 89' lang='lat' dir='ltr'><strong>advertunt.</strong></span> <span class='ocrx_word' id='word_1_210' title='bbox 2346 2556 2561 2621; x_wconf 84' lang='lat' dir='ltr'><strong>Resti-</strong></span> 
     </span>
     <span class='ocr_line' id='line_1_25' title="bbox 249 2642 2555 2726; baseline 0.001 -20"><span class='ocrx_word' id='word_1_211' title='bbox 249 2657 528 2708; x_wconf 84' lang='lat' dir='ltr'><strong>tnerunt</strong></span> <span class='ocrx_word' id='word_1_212' title='bbox 583 2645 912 2712; x_wconf 84' lang='lat' dir='ltr'><strong>Gilbertus</strong></span> <span class='ocrx_word' id='word_1_213' title='bbox 961 2660 1027 2712; x_wconf 93' lang='lat' dir='ltr'><strong>et</strong></span> <span class='ocrx_word' id='word_1_214' title='bbox 1071 2669 1170 2711; x_wconf 68' lang='lat' dir='ltr'><strong>sui</strong></span> <span class='ocrx_word' id='word_1_215' title='bbox 1223 2647 1424 2712; x_wconf 86' lang='lat' dir='ltr'><strong>multa</strong></span> <span class='ocrx_word' id='word_1_216' title='bbox 1481 2646 1955 2726; x_wconf 80' lang='lat' dir='ltr'><strong>Cardinalibus‚</strong></span> <span class='ocrx_word' id='word_1_217' title='bbox 1990 2658 2059 2710; x_wconf 87' lang='lat' dir='ltr'><strong>et</strong></span> <span class='ocrx_word' id='word_1_218' title='bbox 2088 2642 2555 2711; x_wconf 78' lang='lat' dir='ltr'><strong>absolutionem</strong></span> 
     </span>
     <span class='ocr_line' id='line_1_26' title="bbox 241 2729 2554 2820; baseline 0.001 -26"><span class='ocrx_word' id='word_1_219' title='bbox 241 2729 608 2815; x_wconf 88' lang='lat' dir='ltr'><strong>pecierunt,</strong></span> <span class='ocrx_word' id='word_1_220' title='bbox 641 2732 757 2796; x_wconf 90' lang='lat' dir='ltr'><strong>sed</strong></span> <span class='ocrx_word' id='word_1_221' title='bbox 799 2733 868 2796; x_wconf 89' lang='lat' dir='ltr'><strong>in</strong></span> <span class='ocrx_word' id='word_1_222' title='bbox 913 2733 1040 2798; x_wconf 87' lang='lat' dir='ltr'><strong>hoc</strong></span> <span class='ocrx_word' id='word_1_223' title='bbox 1083 2733 1343 2799; x_wconf 73' lang='lat' dir='ltr'><strong>minIme</strong></span> <span class='ocrx_word' id='word_1_224' title='bbox 1388 2734 1854 2820; x_wconf 85' lang='lat' dir='ltr'><strong>profecerunt.]</strong></span> <span class='ocrx_word' id='word_1_225' title='bbox 1946 2732 2356 2818; x_wconf 72' lang='lat' dir='ltr'><strong>Lodowycus</strong></span> <span class='ocrx_word' id='word_1_226' title='bbox 2400 2753 2554 2796; x_wconf 87' lang='lat' dir='ltr'><strong>vero</strong></span> 
     </span>
     <span class='ocr_line' id='line_1_27' title="bbox 239 2817 2551 2906; baseline 0.001 -25"><span class='ocrx_word' id='word_1_227' title='bbox 239 2832 310 2882; x_wconf 89' lang='lat' dir='ltr'><strong>et</strong></span> <span class='ocrx_word' id='word_1_228' title='bbox 353 2817 558 2882; x_wconf 84' lang='lat' dir='ltr'><strong>frater</strong></span> <span class='ocrx_word' id='word_1_229' title='bbox 603 2821 742 2904; x_wconf 88' lang='lat' dir='ltr'><strong>ejus</strong></span> <span class='ocrx_word' id='word_1_230' title='bbox 793 2821 924 2884; x_wconf 93' lang='lat' dir='ltr'><strong>cito</strong></span> <span class='ocrx_word' id='word_1_231' title='bbox 975 2835 1144 2906; x_wconf 89' lang='lat' dir='ltr'><strong>post,</strong></span> <span class='ocrx_word' id='word_1_232' title='bbox 1195 2821 1346 2886; x_wconf 89' lang='lat' dir='ltr'><strong>data</strong></span> <span class='ocrx_word' id='word_1_233' title='bbox 1394 2822 1671 2906; x_wconf 82' lang='lat' dir='ltr'><strong>pecunia</strong></span> <span class='ocrx_word' id='word_1_234' title='bbox 1718 2835 1785 2884; x_wconf 87' lang='lat' dir='ltr'><strong>et</strong></span> <span class='ocrx_word' id='word_1_235' title='bbox 1830 2819 2179 2898; x_wconf 85' lang='lat' dir='ltr'><strong>obsidibus,</strong></span> <span class='ocrx_word' id='word_1_236' title='bbox 2213 2842 2252 2883; x_wconf 86' lang='lat' dir='ltr'><strong>a</strong></span> <span class='ocrx_word' id='word_1_237' title='bbox 2295 2841 2551 2884; x_wconf 86' lang='lat' dir='ltr'><strong>carcere</strong></span> 
     </span>
     <span class='ocr_line' id='line_1_28' title="bbox 239 2903 2549 2990; baseline 0.002 -24"><span class='ocrx_word' id='word_1_238' title='bbox 239 2903 626 2970; x_wconf 81' lang='lat' dir='ltr'><strong>liberantur.</strong></span> <span class='ocrx_word' id='word_1_239' title='bbox 722 2906 1056 2974; x_wconf 84' lang='lat' dir='ltr'><strong>Gilbertus</strong></span> <span class='ocrx_word' id='word_1_240' title='bbox 1109 2930 1262 2972; x_wconf 88' lang='lat' dir='ltr'><strong>vero</strong></span> <span class='ocrx_word' id='word_1_241' title='bbox 1309 2907 1374 2972; x_wconf 89' lang='lat' dir='ltr'><strong>in</strong></span> <span class='ocrx_word' id='word_1_242' title='bbox 1413 2921 1625 2973; x_wconf 85' lang='lat' dir='ltr'><strong>castro</strong></span> <span class='ocrx_word' id='word_1_243' title='bbox 1654 2907 1739 2972; x_wconf 82' lang='lat' dir='ltr'><strong>de</strong></span> <span class='ocrx_word' id='word_1_244' title='bbox 1774 2905 2115 2972; x_wconf 71' lang='lat' dir='ltr'><strong>Mitte-ford</strong></span> <span class='ocrx_word' id='word_1_245' title='bbox 2145 2906 2395 2990; x_wconf 87' lang='lat' dir='ltr'><strong>capitur</strong></span> <span class='ocrx_word' id='word_1_246' title='bbox 2422 2907 2549 2985; x_wconf 88' lang='lat' dir='ltr'><strong>[et]</strong></span> 
     </span>
     <span class='ocr_line' id='line_1_29' title="bbox 249 2990 2551 3080; baseline 0 -24"><span class='ocrx_word' id='word_1_247' title='bbox 249 2991 663 3057; x_wconf 88' lang='lat' dir='ltr'><strong>Londoniam</strong></span> <span class='ocrx_word' id='word_1_248' title='bbox 720 2993 1012 3073; x_wconf 85' lang='lat' dir='ltr'><strong>trahitur,</strong></span> <span class='ocrx_word' id='word_1_249' title='bbox 1061 2994 1493 3080; x_wconf 86' lang='lat' dir='ltr'><strong>suspenditur,</strong></span> <span class='ocrx_word' id='word_1_250' title='bbox 1544 3007 1613 3059; x_wconf 89' lang='lat' dir='ltr'><strong>et</strong></span> <span class='ocrx_word' id='word_1_251' title='bbox 1660 3005 1810 3058; x_wconf 88' lang='lat' dir='ltr'><strong>ante</strong></span> <span class='ocrx_word' id='word_1_252' title='bbox 1862 2993 2075 3058; x_wconf 85' lang='lat' dir='ltr'><strong>natale</strong></span> <span class='ocrx_word' id='word_1_253' title='bbox 2125 2991 2394 3057; x_wconf 89' lang='lat' dir='ltr'><strong>Domini</strong></span> <span class='ocrx_word' id='word_1_254' title='bbox 2435 2990 2551 3056; x_wconf 91' lang='lat' dir='ltr'><strong>de-</strong></span> 
     </span>
     <span class='ocr_line' id='line_1_30' title="bbox 239 3078 2550 3169; baseline -0 -27"><span class='ocrx_word' id='word_1_255' title='bbox 239 3079 594 3166; x_wconf 85' lang='lat' dir='ltr'><strong>capitatur,</strong></span> <span class='ocrx_word' id='word_1_256' title='bbox 627 3103 988 3169; x_wconf 82' lang='lat' dir='ltr'><strong>corpusque</strong></span> <span class='ocrx_word' id='word_1_257' title='bbox 1019 3084 1156 3167; x_wconf 81' lang='lat' dir='ltr'><strong>ejus</strong></span> <span class='ocrx_word' id='word_1_258' title='bbox 1186 3082 1252 3146; x_wconf 92' lang='lat' dir='ltr'><strong>in</strong></span> <span class='ocrx_word' id='word_1_259' title='bbox 1285 3094 1502 3166; x_wconf 86' lang='lat' dir='ltr'><strong>partes</strong></span> <span class='ocrx_word' id='word_1_260' title='bbox 1533 3093 1811 3168; x_wconf 88' lang='lat' dir='ltr'><strong>quatuor</strong></span> <span class='ocrx_word' id='word_1_261' title='bbox 1840 3079 2111 3144; x_wconf 81' lang='lat' dir='ltr'><strong>divisum</strong></span> <span class='ocrx_word' id='word_1_262' title='bbox 2130 3078 2248 3162; x_wconf 85' lang='lat' dir='ltr'><strong>[ad</strong></span> <span class='ocrx_word' id='word_1_263' title='bbox 2272 3090 2550 3164; x_wconf 86' lang='lat' dir='ltr'><strong>quatuor</strong></span> 
     </span>
     <span class='ocr_line' id='line_1_31' title="bbox 217 3163 2551 3254; baseline 0 -25"><span class='ocrx_word' id='word_1_264' title='bbox 217 3164 386 3230; x_wconf 83' lang='lat' dir='ltr'><strong>Joca</strong></span> <span class='ocrx_word' id='word_1_265' title='bbox 412 3165 690 3251; x_wconf 83' lang='lat' dir='ltr'><strong>insignia</strong></span> <span class='ocrx_word' id='word_1_266' title='bbox 717 3167 993 3234; x_wconf 79' lang='lat' dir='ltr'><strong>mittitur</strong></span> <span class='ocrx_word' id='word_1_267' title='bbox 1019 3167 1563 3254; x_wconf 84' lang='lat' dir='ltr'><strong>suspendendum,</strong></span> <span class='ocrx_word' id='word_1_268' title='bbox 1596 3167 1661 3232; x_wconf 90' lang='lat' dir='ltr'><strong>in</strong></span> <span class='ocrx_word' id='word_1_269' title='bbox 1708 3165 1808 3232; x_wconf 91' lang='lat' dir='ltr'><strong>sui</strong></span> <span class='ocrx_word' id='word_1_270' title='bbox 1838 3166 2135 3231; x_wconf 64' lang='lat' dir='ltr'><strong>facinoris</strong></span> <span class='ocrx_word' id='word_1_271' title='bbox 2165 3163 2551 3229; x_wconf 88' lang='lat' dir='ltr'><strong>detestacio·</strong></span> 
     </span>
     <span class='ocr_line' id='line_1_32' title="bbox 239 3253 2545 3340; baseline -0 -24"><span class='ocrx_word' id='word_1_272' title='bbox 239 3273 412 3330; x_wconf 88' lang='lat' dir='ltr'><strong>nem,</strong></span> <span class='ocrx_word' id='word_1_273' title='bbox 461 3267 530 3318; x_wconf 90' lang='lat' dir='ltr'><strong>et</strong></span> <span class='ocrx_word' id='word_1_274' title='bbox 561 3253 1084 3320; x_wconf 84' lang='lat' dir='ltr'><strong>informationem</strong></span> <span class='ocrx_word' id='word_1_275' title='bbox 1113 3255 1442 3340; x_wconf 70' lang='lat' dir='ltr'><strong>aliorum]</strong></span> <span class='ocrx_word' id='word_1_276' title='bbox 1543 3253 1925 3320; x_wconf 81' lang='lat' dir='ltr'><strong>Lodowieus</strong></span> <span class='ocrx_word' id='word_1_277' title='bbox 1956 3273 2108 3317; x_wconf 89' lang='lat' dir='ltr'><strong>vero</strong></span> <span class='ocrx_word' id='word_1_278' title='bbox 2137 3264 2545 3316; x_wconf 86' lang='lat' dir='ltr'><strong>consecratus</strong></span> 
     </span>
     <span class='ocr_line' id='line_1_33' title="bbox 239 3337 2547 3427; baseline -0.001 -23"><span class='ocrx_word' id='word_1_279' title='bbox 239 3353 340 3404; x_wconf 79' lang='lat' dir='ltr'><strong>est</strong></span> <span class='ocrx_word' id='word_1_280' title='bbox 381 3339 448 3402; x_wconf 89' lang='lat' dir='ltr'><strong>in</strong></span> <span class='ocrx_word' id='word_1_281' title='bbox 497 3342 894 3427; x_wconf 88' lang='lat' dir='ltr'><strong>episcopum,</strong></span> <span class='ocrx_word' id='word_1_282' title='bbox 947 3341 1334 3420; x_wconf 81' lang='lat' dir='ltr'><strong>Londoniae,</strong></span> <span class='ocrx_word' id='word_1_283' title='bbox 1377 3343 1551 3426; x_wconf 87' lang='lat' dir='ltr'><strong>apud</strong></span> <span class='ocrx_word' id='word_1_284' title='bbox 1592 3338 2246 3416; x_wconf 83' lang='lat' dir='ltr'><strong>westmonasterium,</strong></span> <span class='ocrx_word' id='word_1_285' title='bbox 2296 3337 2363 3402; x_wconf 91' lang='lat' dir='ltr'><strong>in</strong></span> <span class='ocrx_word' id='word_1_286' title='bbox 2414 3337 2547 3402; x_wconf 81' lang='lat' dir='ltr'><strong>An-</strong></span> 
     </span>
     <span class='ocr_line' id='line_1_34' title="bbox 235 3426 2543 3516; baseline 0 -26"><span class='ocrx_word' id='word_1_287' title='bbox 235 3426 644 3492; x_wconf 82' lang='lat' dir='ltr'><strong>nuntiatione</strong></span> <span class='ocrx_word' id='word_1_288' title='bbox 688 3429 900 3494; x_wconf 87' lang='lat' dir='ltr'><strong>beatae</strong></span> <span class='ocrx_word' id='word_1_289' title='bbox 945 3427 1180 3495; x_wconf 88' lang='lat' dir='ltr'><strong>Mariae</strong></span> <span class='ocrx_word' id='word_1_290' title='bbox 1235 3427 1521 3516; x_wconf 85' lang='lat' dir='ltr'><strong>Virginis</strong></span> <span class='ocrx_word' id='word_1_291' title='bbox 1572 3427 1947 3513; x_wconf 86' lang='lat' dir='ltr'><strong>[proximo]</strong></span> <span class='ocrx_word' id='word_1_292' title='bbox 1995 3436 2321 3514; x_wconf 87' lang='lat' dir='ltr'><strong>sequente,</strong></span> <span class='ocrx_word' id='word_1_293' title='bbox 2366 3447 2543 3490; x_wconf 91' lang='lat' dir='ltr'><strong>anno</strong></span> 
     </span>
     <span class='ocr_line' id='line_1_35' title="bbox 235 3511 2541 3600; baseline 0 -23"><span class='ocrx_word' id='word_1_294' title='bbox 235 3513 510 3578; x_wconf 88' lang='lat' dir='ltr'><strong>Domini</strong></span> <span class='ocrx_word' id='word_1_295' title='bbox 543 3535 729 3582; x_wconf 66' lang='lat' dir='ltr'><strong>mccc</strong></span> <span class='ocrx_word' id='word_1_296' title='bbox 761 3531 992 3584; x_wconf 83' lang='lat' dir='ltr'><strong>octavo</strong></span> <span class='ocrx_word' id='word_1_297' title='bbox 1020 3515 1292 3582; x_wconf 78' lang='lat' dir='ltr'><strong>decimo·</strong></span> <span class='ocrx_word' id='word_1_298' title='bbox 1384 3517 1518 3580; x_wconf 93' lang='lat' dir='ltr'><strong>Pro</strong></span> <span class='ocrx_word' id='word_1_299' title='bbox 1561 3513 1685 3579; x_wconf 86' lang='lat' dir='ltr'><strong>isto</strong></span> <span class='ocrx_word' id='word_1_300' title='bbox 1717 3513 2091 3600; x_wconf 86' lang='lat' dir='ltr'><strong>Lodowyco</strong></span> <span class='ocrx_word' id='word_1_301' title='bbox 2121 3511 2429 3597; x_wconf 81' lang='lat' dir='ltr'><strong>obligavit</strong></span> <span class='ocrx_word' id='word_1_302' title='bbox 2472 3535 2541 3577; x_wconf 89' lang='lat' dir='ltr'><strong>se</strong></span> 
     </span>
     <span class='ocr_line' id='line_1_36' title="bbox 237 3598 2543 3674; baseline -0 -11"><span class='ocrx_word' id='word_1_303' title='bbox 237 3598 427 3664; x_wconf 89' lang='lat' dir='ltr'><strong>Prior</strong></span> <span class='ocrx_word' id='word_1_304' title='bbox 455 3614 522 3666; x_wconf 88' lang='lat' dir='ltr'><strong>et</strong></span> <span class='ocrx_word' id='word_1_305' title='bbox 551 3603 928 3668; x_wconf 84' lang='lat' dir='ltr'><strong>Conventus</strong></span> <span class='ocrx_word' id='word_1_306' title='bbox 957 3601 1415 3668; x_wconf 82' lang='lat' dir='ltr'><strong>mercatoribus</strong></span> <span class='ocrx_word' id='word_1_307' title='bbox 1443 3599 1509 3664; x_wconf 89' lang='lat' dir='ltr'><strong>in</strong></span> <span class='ocrx_word' id='word_1_308' title='bbox 1535 3601 1735 3666; x_wconf 87' lang='lat' dir='ltr'><strong>tribus</strong></span> <span class='ocrx_word' id='word_1_309' title='bbox 1766 3601 2045 3666; x_wconf 87' lang='lat' dir='ltr'><strong>millibus</strong></span> <span class='ocrx_word' id='word_1_310' title='bbox 2074 3599 2375 3665; x_wconf 87' lang='lat' dir='ltr'><strong>librarum</strong></span> <span class='ocrx_word' id='word_1_311' title='bbox 2399 3621 2418 3674; x_wconf 83' lang='lat'>3</span> <span class='ocrx_word' id='word_1_312' title='bbox 2449 3598 2543 3662; x_wconf 84' lang='lat' dir='ltr'><strong>ita</strong></span> 
     </span>
    </p>

    <p class='ocr_par' dir='ltr' id='par_1_3' title="bbox 229 3685 2531 3864">
     <span class='ocr_line' id='line_1_37' title="bbox 277 3685 2531 3774; baseline 0.002 -24"><span class='ocrx_word' id='word_1_313' title='bbox 277 3686 410 3751; x_wconf 91' lang='lat' dir='ltr'><strong>uod</strong></span> <span class='ocrx_word' id='word_1_314' title='bbox 438 3687 492 3750; x_wconf 87' lang='lat' dir='ltr'><strong>si</strong></span> <span class='ocrx_word' id='word_1_315' title='bbox 523 3685 864 3774; x_wconf 87' lang='lat' dir='ltr'><strong>episcopus</strong></span> <span class='ocrx_word' id='word_1_316' title='bbox 897 3691 960 3754; x_wconf 91' lang='lat' dir='ltr'><strong>in</strong></span> <span class='ocrx_word' id='word_1_317' title='bbox 989 3691 1305 3754; x_wconf 88' lang='lat' dir='ltr'><strong>solutione</strong></span> <span class='ocrx_word' id='word_1_318' title='bbox 1335 3687 1664 3766; x_wconf 83' lang='lat' dir='ltr'><strong>defecerit,</strong></span> <span class='ocrx_word' id='word_1_319' title='bbox 1698 3687 1817 3774; x_wconf 88' lang='lat' dir='ltr'><strong>ipsi</strong></span> <span class='ocrx_word' id='word_1_320' title='bbox 1847 3689 2095 3754; x_wconf 86' lang='lat' dir='ltr'><strong>solvere</strong></span> <span class='ocrx_word' id='word_1_321' title='bbox 2139 3699 2531 3754; x_wconf 84' lang='lat' dir='ltr'><strong>tenerentur.</strong></span> 
     </span>
     <span class='ocr_line' id='line_1_38' title="bbox 229 3708 1891 3864; baseline 0.002 -25"><span class='ocrx_word' id='word_1_322' title='bbox 229 3708 322 3839; x_wconf 41' lang='lat' dir='ltr'><strong>{t</strong></span> <span class='ocrx_word' id='word_1_323' title='bbox 352 3787 575 3840; x_wconf 85' lang='lat' dir='ltr'><strong>tamen</strong></span> <span class='ocrx_word' id='word_1_324' title='bbox 605 3798 692 3844; x_wconf 86' lang='lat' dir='ltr'><strong>ex</strong></span> <span class='ocrx_word' id='word_1_325' title='bbox 724 3776 852 3841; x_wconf 88' lang='lat' dir='ltr'><strong>hoc</strong></span> <span class='ocrx_word' id='word_1_326' title='bbox 882 3778 1163 3842; x_wconf 80' lang='lat' dir='ltr'><strong>modicas</strong></span> <span class='ocrx_word' id='word_1_327' title='bbox 1193 3775 1430 3864; x_wconf 83' lang='lat' dir='ltr'><strong>gratias</strong></span> <span class='ocrx_word' id='word_1_328' title='bbox 1459 3789 1891 3862; x_wconf 87' lang='lat' dir='ltr'><strong>reportarunt.</strong></span> 
     </span>
    </p>
   </div>
   <div class='ocr_carea' id='block_1_3' title="bbox 1017 3939 1780 3992">
    <p class='ocr_par' dir='ltr' id='par_1_4' title="bbox 1017 3939 1780 3992">
     <span class='ocr_line' id='line_1_39' title="bbox 1017 3939 1780 3992; baseline -0.003 0"><span class='ocrx_word' id='word_1_329' title='bbox 1017 3945 1044 3972; x_wconf 75' lang='lat'><em>⁶</em></span> <span class='ocrx_word' id='word_1_330' title='bbox 1082 3941 1408 3992; x_wconf 68' lang='lat' dir='ltr'><strong>Arrnnmx.</strong></span> <span class='ocrx_word' id='word_1_331' title='bbox 1443 3939 1546 3991; x_wconf 87' lang='lat' dir='ltr'><strong>No.</strong></span> <span class='ocrx_word' id='word_1_332' title='bbox 1582 3953 1780 3992; x_wconf 84' lang='lat' dir='ltr'><strong>xcvm.</strong></span> 
     </span>
    </p>
   </div>
  </div>
 </body>
</html>
