3000 5117
553 447 661 536 76
1041 469 1238 522 msr.
1279 470 1631 524 nummu.
1684 469 2139 524 scmrToass
2168 471 2380 526 mss·

559 631 734 721 quod
765 632 1149 718 promissum
1180 633 1347 698 bene
1375 632 1606 701 tenuit.
1705 629 1898 708 Nam,
1934 632 2263 720 Episcopo
2291 635 2423 701 cito
2452 641 2872 706 contraveni-

555 734 728 798 ente,
765 721 912 786 Rex
989 735 1192 785 artem
1223 717 1465 784 Prioris
1511 741 1595 782 ex
1643 732 1799 784 tunc
1844 718 2023 797 fovit,
2055 737 2126 786 et
2156 743 2343 786 manu
2392 726 2599 790 tenuit
2642 729 2871 826 quoad

553 805 738 874 vixit.
861 813 893 888 [
981 807 1182 873 ultum
1233 805 1432 906 igitur
1465 806 1638 892 juvit
1686 818 1936 892 partem
1995 805 2233 871 Prioris
2287 810 2468 874 favor
2536 812 2733 897 Regis
2794 831 2872 880 et

555 915 838 959 suorum.
931 893 1098 958 Nam
1129 892 1468 956 familiares
1499 893 1764 957 clericos
1798 892 1998 980 Regis
2030 893 2269 960 fecerat
2298 894 2418 961 sibi
2446 897 2631 962 Prior
2665 901 2873 966 bene·

549 984 734 1048 volos
762 1003 882 1070 per
909 979 1270 1068 prebendas
1299 981 1384 1044 de
1421 979 1689 1046 Hofdeu
1720 993 1789 1043 et
1812 979 2171 1064 pensiones,
2204 983 2313 1068 qui
2354 983 2551 1068 Regis
2571 985 2865 1052 animum

549 1069 915 1135 excitarunt
942 1081 1172 1133 contra
1203 1065 1595 1152 Episcopum
1626 1089 1748 1152 pro
1800 1065 2077 1144 Priore]
2168 1069 2209 1134 J
2216 1069 2348 1133 uvit
2376 1073 2567 1135 etiam
2598 1088 2863 1158 partem

553 1157 792 1222 Prioris
836 1153 1146 1221 dissensio
1176 1167 1322 1231 orta
1355 1154 1523 1218 inter
1562 1153 1969 1239 ,Episcopum
2018 1168 2082 1234 et
2126 1177 2275 1220 suos
2321 1156 2405 1220 de
2449 1157 2861 1244 episcopatu.

552 1243 726 1309 Nam
777 1242 1136 1330 Episcopus
1175 1238 1468 1304 homines
1514 1240 1598 1305 de
1643 1239 2017 1326 episcopatu
2048 1263 2264 1306 secum
2298 1258 2597 1326 coegerat
2646 1245 2739 1310 ire
2784 1249 2861 1310 in

545 1351 846 1416 guerram
903 1327 1142 1395 Scotioe
1201 1349 1348 1392 cum
1409 1329 1592 1413 cquis
1642 1341 1711 1392 et
1760 1327 1975 1404 armis,
2010 1329 2146 1414 jam
2194 1328 2350 1394 bina
2392 1331 2570 1406 vice3
2602 1345 2671 1396 et
2698 1355 2859 1397 cum

543 1419 830 1484 secunda
873 1415 1012 1482 vice
1057 1414 1372 1481 redissent
1410 1413 1700 1492 domum,
1748 1413 1832 1478 ab
1873 1434 1956 1478 eo
2000 1436 2131 1476 non
2170 1414 2501 1492 licentiati,
2535 1417 2688 1484 fecit
2738 1442 2858 1484 eos

543 1505 722 1592 apud
782 1501 1182 1569 Dunelmum
1236 1500 1633 1571 incarcerari.
1768 1499 1970 1576 Quod
2018 1498 2141 1585 ipsi
2200 1501 2485 1590 graviter
2543 1504 2853 1584 ferenteS,

538 1593 834 1658 fecerunt
885 1611 958 1655 se
1015 1601 1262 1674 partem
1291 1602 1524 1654 contra
1576 1586 1993 1674 Episcopum,
2028 1587 2314 1656 dicentes
2356 1611 2426 1652 se
2469 1613 2609 1656 esse
2662 1592 2858 1657 Hali-

541 1677 826 1756 τινα-10111,
881 1689 951 1742 et
990 1689 1192 1740 terras
1235 1695 1380 1740 suas
1436 1689 1654 1740 tenere
1702 1674 1785 1740 ad
1822 1671 2265 1740 defensionem
2322 1678 2607 1762 corporis
2641 1681 2851 1744 sancti

545 1763 916 1840 cuthberti,
967 1783 1087 1828 nec
1128 1760 1366 1827 debere
1417 1783 1488 1825 se
1542 1761 1720 1826 exire
1768 1764 2071 1824 terminos
2120 1762 2549 1850 episcopatuS,
2598 1766 2847 1832 scilicet

539 1854 714 1920 ultra
735 1852 994 1952 Tynam
1025 1863 1094 1914 et
1125 1849 1429 1933 Teysam,
1464 1871 1586 1932 pro
1620 1848 1801 1932 Rege
1833 1847 1933 1912 vel
1962 1847 2309 1935 Episcopo,
2390 1850 2477 1915 Et
2499 1851 2687 1936 hujus
2714 1852 2845 1916 dis-

537 1941 844 2006 sentionis
888 1935 1194 2022 capitales
1225 1949 1410 1999 erant
1461 1933 1839 2020 Ranulphus
1869 1934 1951 1998 de.
1988 1935 2179 2000 Nova
2217 1935 2384 2000 Villa
2414 1951 2483 2001 et
2510 1938 2841 2004 Johannes

539 2023 972 2094 Marmeduci.
1093 2020 1537 2088 Adhaerebant
1566 2038 1777 2086 tamen
1808 2021 1900 2087 eis
1932 2021 2063 2086 fere
2094 2044 2316 2088 onmes
2346 2024 2429 2087 de
2460 2025 2839 2112 episcopatu

535 2114 769 2180 milites
811 2127 880 2177 et
938 2109 1138 2174 libere
1193 2121 1525 2184 tenentem
1579 2123 1645 2173 et
1688 2109 2049 2194 sumptibus
2110 2133 2330 2174 eorum
2388 2115 2841 2178 communibus

531 2200 859 2289 prosecuti
887 2212 1037 2263 sunt
1067 2195 1332 2284 negotia
1360 2216 1477 2262 sua
1508 2198 1571 2258 in
1602 2194 2025 2280 parliamento
2054 2211 2119 2262 et
2143 2198 2322 2262 curia
2357 2197 2575 2284 Regis·
2660 2199 2839 2277 Odio

533 2289 732 2378 igitur
765 2283 1070 2372 Episcopi
1101 2304 1325 2348 omnes
1355 2280 1458 2348 isti
1490 2281 1693 2370 magis
1724 2283 2021 2348 zelabant
2052 2306 2170 2367 pro
2202 2301 2384 2369 parte
2424 2285 2679 2350 Prioris.

621 2371 994 2441 Transactis
1026 2371 1222 2455 igitur
1250 2369 1450 2434 tribus
1481 2370 1802 2434 mensibus
1832 2392 1872 2434 a
1900 2371 2313 2455 suspensione
2352 2371 2589 2435 Prioris
2620 2388 2686 2437 et
2718 2375 2839 2440 de-

529 2464 877 2568 positione,
932 2455 1308 2526 convocavit
1373 2457 1611 2542 Episco
1632 2479 1731 2520 ius
1780 2457 2125 2521 monachos
2170 2457 2228 2520 ei
2268 2458 2713 2536 adbaerentes3
2764 2477 2833 2528 et

528 2549 808 2638 injunxit
835 2547 953 2624 εἰς,
988 2559 1062 2610 ut
1095 2545 1387 2614 Priorem
1417 2542 1539 2606 sibi
1569 2480 1905 2627 eligerent,
1935 2543 2033 2608 vel
2067 2542 2204 2629 ipse
2234 2543 2325 2608 eis
2350 2545 2626 2631 aliquem
2658 2570 2831 2632 prae-

525 2640 746 2706 ferret.
839 2634 978 2700 Illis
1027 2653 1178 2696 vero
1221 2653 1354 2694 non
1387 2629 1938 2695 consentientibus
1969 2629 2068 2710 [iu
2119 2629 2371 2716 uuum],
2405 2633 2694 2716 praefecit
2730 2635 2826 2701 H.

523 2727 610 2791 de
643 2723 934 2807 Luceby,
975 2719 1262 2784 Priorem
1313 2718 1535 2782 Sacrae
1570 2715 1828 2793 Insulae,
1870 2717 1934 2780 in
1980 2717 2262 2783 Priorem
2300 2717 2829 2786 Dunelmensem.

521 2813 615 2879 Et
659 2811 742 2878 ad
788 2805 1218 2873 inducendum
1264 2825 1412 2868 eum
1457 2803 1523 2866 in
1552 2806 2043 2890 possessionem,
2077 2819 2139 2869 et
2170 2805 2599 2870 amovendum
2640 2806 2831 2872 Prio-

521 2922 657 2965 rem
695 2895 1065 2970 Ricardum,
1099 2891 1310 2960 adhuc
1339 2890 1728 2975 possessioni
1758 2889 2261 2968 incumbentem,
2290 2891 2458 2956 misit
2506 2892 2589 2956 ibi
2622 2893 2831 2958 fores-

519 2985 716 3052 tarios
759 3005 910 3048 suos
939 2981 1020 3046 de
1060 2977 1340 3044 Wardall
1383 2990 1450 3042 et
1491 2977 1785 3041 homines
1816 2977 1899 3042 de
1924 2977 2185 3064 Tyndal
2208 3001 2225 3052 ;
2275 2978 2384 3065 qui
2422 2978 2707 3043 Priorem
2756 2998 2828 3048 et

515 3071 866 3138 monachos
907 3069 968 3133 in
1008 3066 1334 3132 Abbathia
1363 3064 1796 3142 obsederunt3
1842 3064 1933 3128 ita
1962 3081 2135 3128 arcte
2167 3066 2611 3130 custodierunt
2642 3071 2823 3154 quod

514 3160 820 3226 victualia
835 3157 918 3222 ad
941 3177 1050 3221 eos
1074 3153 1294 3218 venire
1314 3174 1442 3216 nou
1471 3151 1923 3235 pen-miserum
1956 3150 2388 3237 aqueductum
2404 3175 2635 3222 eorum
2662 3177 2823 3218 con·

514 3249 848 3332 fregerunt
874 3267 891 3321 ;
924 3243 1159 3327 januas
1191 3240 1508 3324 prioratus
1534 3238 1793 3304 tandem
1826 3237 2227 3323 diruperunt,
2257 3252 2322 3303 et
2350 3254 2495 3322 post
2526 3241 2818 3319 claustri,

509 3350 580 3400 et
609 3337 702 3398 sic
731 3354 848 3418 per
877 3331 1156 3396 triduum
1194 3327 1485 3391 Priorem
1536 3339 1607 3390 et
1646 3325 1993 3390 monachos
2028 3327 2089 3388 in
2123 3325 2393 3391 ecclesia
2422 3327 2819 3396 obsederunt

511 3421 625 3486 ubi
655 3439 954 3502 magnam
985 3413 1319 3500 penuriam
1351 3412 1723 3480 victualium
1756 3411 2218 3476 sustinuerunt.
2312 3413 2515 3494 [Cum
2549 3415 2819 3500 quidam

511 3503 864 3571 monachus
907 3523 1136 3588 aquam
1169 3514 1489 3585 quaereret
1520 3498 1602 3563 ad
1633 3513 1900 3583 puteum
1933 3499 1999 3563 in
2031 3498 2335 3577 claustr0‚
2370 3522 2490 3585 pro
2522 3525 2819 3568 necessa·

512 3594 624 3658 riis
673 3589 916 3656 Prioris
961 3601 1028 3652 et
1079 3588 1475 3663 ConventuS,
1532 3585 1789 3672 quidam
1824 3585 1906 3650 de
1947 3586 2386 3650 obsidentibus
2430 3609 2557 3651 non
2602 3590 2813 3654 solum

511 3701 744 3768 aquam
779 3675 1002 3742 effudit
1028 3675 1140 3740 sed
1165 3675 1364 3738 eciam
1391 3672 1585 3738 ollam
1610 3673 1705 3738 fre
1755 3675 1855 3752 it.]
1953 3671 2257 3738 Monachi
2287 3689 2501 3738 tamen
2537 3675 2600 3739 in
2629 3692 2817 3742 tanta

510 3765 810 3854 angustia
839 3787 969 3829 non
1003 3760 1207 3828 minus
1231 3761 1463 3825 devote
1485 3760 1597 3824 sed
1628 3698 1948 3824 soliiunius
1988 3759 2275 3824 divinum
2308 3759 2587 3826 officium
2619 3786 2815 3848 pera-

505 3858 772 3947 gebant.
853 3849 1167 3926 Tandem,
1201 3846 1266 3912 in
1296 3847 1401 3912 die
1431 3848 1633 3912 sancti
1670 3847 2150 3926 Bartholomaei,
2194 3847 2481 3912 Priorem
2512 3849 2594 3914 de
2618 3850 2813 3916 stallo

503 3969 623 4012 suo
647 3965 766 4029 per
787 3939 1109 4027 quendam
1140 3933 1524 4000 monachum
1552 3935 1875 4020 Episcopo
1898 3933 2337 4000 adhaerentem
2361 3944 2806 4006 extraxerunt.

510 4032 681 4097 Nam
727 4025 1071 4116 quemdam
1121 4023 1204 4088 de
1247 4022 1507 4109 Tyudal
1540 4022 1927 4086 induxerant
1958 4038 2030 4087 ut
2060 4023 2183 4086 hoc
2226 4037 2486 4106 ageret;
2524 4023 2633 4088 sed
2672 4025 2809 4109 ipse

503 4119 641 4182 viso
691 4116 916 4180 Priore
960 4109 1202 4188 resiliit,
1241 4116 1341 4190 [et
1370 4109 1583 4195 quod]
1615 4109 1793 4174 nullo
1823 4131 1982 4175 auro
2012 4133 2081 4174 se
2114 4109 2238 4175 hoc
2270 4110 2581 4174 facturum
2616 4110 2805 4178 dixit.

507 4206 644 4270 Sed
695 4202 870 4290 quod
917 4203 1054 4285 ipse
1105 4197 1459 4273 abhorruit,
1519 4197 1869 4265 monachus
1922 4197 2225 4282 explevit.
2348 4198 2499 4284 Ipso
2548 4196 2638 4262 sic
2688 4222 2805 4264 ex·-

501 4306 733 4366 tractO,
782 4287 1140 4352 installatur
1181 4282 1400 4370 [alius]
1443 4284 1540 4351 Η.
1576 4281 1882 4370 [scilicet]
1928 4284 2010 4348 de
2052 4283 2348 4370 Luceby;
2396 4299 2462 4349 et
2491 4285 2805 4350 obedien·

495 4381 653 4447 tiam
701 4377 997 4442 fecerunt
1049 4373 1108 4438 ei
1159 4371 1458 4438 monachi
1510 4370 1689 4458 quasi
1743 4393 1983 4450 onmeS,
2036 4371 2095 4436 vi
2150 4388 2214 4438 et
2262 4385 2439 4438 metu
2488 4371 2799 4438 inducti!

1269 4553 1294 4577 *
1337 4546 1663 4610 Arrsxmx,
1687 4543 1788 4596 No.
1810 4561 2022 4597 xxxxv.
