3000 5117
538 470 636 539 28
1015 484 1219 537 msr.
1257 484 1621 537 nummu.
1656 472 2123 553 scalr‘roatts
2158 484 2370 539 raus.

485 643 759 738 [tamen.
788 647 975 714 aliter
1001 661 1071 714 et
1097 646 1290 713 altius
1318 648 1386 713 id
1418 645 1925 733 interpretantes,
1958 648 2241 713 sericum
2300 649 2427 726 sic}
2454 670 2591 717 esse
2620 662 2845 717 vatem

541 736 934 805 asserebant.
1045 734 1294 802 Eodem
1349 754 1625 821 namque
1676 736 1785 799 die
1834 737 2009 800 venit
2060 735 2289 801 Pandu
2314 734 2439 815 fus,
2492 760 2534 802 a
2578 760 2845 805 summo

539 822 860 889 Pontifice
913 823 1160 902 missus,
1215 834 1291 887 ut
1335 840 1482 887 eum
1539 820 1723 907 Rege
1779 821 2039 910 Angliae
2082 822 2166 888 de
2206 844 2367 908 pace
2410 840 2845 911 componeret

535 910 850 975 eeclesiae.
961 908 1094 984 Qui
1134 908 1236 973 vel
1307 906 1540 973 timore
1600 908 2015 985 Francorum,
2075 930 2353 997 quorum
2411 910 2471 976 ei
2534 911 2842 997 impetus,

533 997 902 1063 coadunato
916 1016 1154 1081 magno
1181 993 1490 1074 exercitu,
1523 1008 1681 1060 tunc
1710 994 2149 1075 imminebant,
2180 995 2442 1076 fractus,
2472 1020 2587 1063 seu
2620 1002 2846 1084 Apos-

532 1082 751 1151 tolicse
793 1081 1208 1149 districtionis
1238 1082 1470 1170 rigore,
1504 1080 1607 1146 cui
1640 1081 1811 1147 ultra
1838 1080 2127 1149 resistere
2152 1104 2283 1147 non
2313 1098 2590 1169 poterat,
2616 1083 2847 1151 devio-

534 1183 660 1250 tus,
722 1170 858 1236 sive
907 1170 1120 1257 potius
1179 1168 1587 1234 miseratione
1646 1168 1887 1234 Divina
1943 1186 2294 1256 respectus,
2355 1171 2497 1257 paci
2558 1170 2845 1238 libenter

533 1258 758 1324 annuit
785 1280 802 1323 ε
843 1271 912 1322 et
940 1256 1246 1342 deinceps
1276 1278 1346 1321 se
1376 1255 1643 1321 domino
1671 1256 1871 1340 Papoe
1898 1255 1964 1320 in
1994 1256 2291 1321 omnibus
2322 1257 2643 1324 mandatis
2672 1260 2841 1345 ejus,

533 1358 603 1412 et
655 1358 898 1411 sanctoe
929 1342 1240 1411 Ecclesiae
1269 1342 1519 1431 judicio
1546 1342 1903 1427 pariturum
1932 1343 2249 1430 promisit.
2338 1344 2541 1409 Dedit
2571 1344 2848 1431 insuper

535 1446 746 1499 totum
769 1453 1042 1517 regnum
1073 1430 1328 1519 Anglioe
1359 1445 1427 1495 et
1457 1430 1811 1517 Hyberniae
1834 1430 2032 1498 beato
2059 1430 2258 1496 Petro
2274 1444 2341 1496 et
2364 1430 2846 1497 successoribus

535 1520 672 1606 ejus
721 1519 786 1583 in
832 1530 1242 1607 perpetuum,
1293 1518 1416 1583 sub
1459 1517 1690 1604 quibus
1736 1518 1871 1603 ipse
1915 1518 2093 1604 quasi
2123 1517 2459 1585 feodarius
2490 1534 2845 1607 regnaret3

535 1606 978 1694 tributumque
1044 1627 1116 1670 se
1181 1604 1512 1671 annuatim
1582 1605 1939 1669 soluturum
2008 1605 2359 1671 concessit:
2421 1623 2487 1671 et
2545 1606 2847 1691 praestita

535 1692 836 1759 cantione
867 1694 950 1757 de
968 1691 1370 1758 restitutione
1391 1691 1779 1771 ablatorum,
1802 1692 1923 1757 sub
1944 1707 2350 1758 sacramento
2372 1692 2845 1779 optimatorurn

533 1801 822 1857 suorum,
869 1781 1112 1866 scripto
1161 1779 1342 1864 regio
1390 1778 1739 1847 roboravit.
1848 1779 2235 1845 Vacantium
2284 1802 2366 1845 ue
2416 1780 2845 1847 ecclesiarum

531 1866 838 1933 custodiis
881 1864 1296 1943 renuntiavit,
1335 1878 1404 1931 et
1433 1865 1666 1933 liberas
1698 1868 1762 1930 in
1793 1866 2077 1932 ecclesiis
2114 1868 2264 1952 Aug
2290 1870 2369 1935 iae
2400 1880 2531 1931 tam
2568 1868 2847 1953 Episco-

531 1974 762 2041 porum
811 1974 1004 2042 quam
1050 1953 1378 2019 Abbatum
1423 1953 1563 2017 fieri
1606 1952 1959 2019 electiones
2003 1956 2358 2018 constituit.
2454 1953 2607 2028 Quo
2634 1954 2841 2034 facte,

533 2042 686 2129 quia
707 2042 1004 2128 deposito
1035 2040 1388 2125 tyrannidis
1415 2042 1631 2104 animo
1660 2041 1743 2105 ad
1776 2040 2197 2105 humilitatem
2230 2040 2627 2127 poenitentiae
2656 2041 2845 2107 vide—

533 2129 728 2195 batur
755 2129 1114 2205 inclinatus,
1145 2127 1230 2193 de
1260 2127 1460 2212 regali
1491 2140 1831 2212 potestate,
1862 2150 2056 2227 quam
2088 2127 2263 2215 prins
2296 2128 2633 2207 habuerat,
2656 2128 2842 2194 dice-

533 2216 730 2281 batur
779 2218 1152 2280 minoratum
1270 2214 1603 2279 Venerunt
1652 2214 1846 2299 igitur
1900 2236 1965 2277 m
2018 2215 2341 2300 Angliam,
2392 2237 2477 2281 ex
2526 2216 2841 2281 mandato

534 2301 784 2368 domini
837 2302 1059 2387 Regis,
1113 2300 1593 2367 cantuariensis
1647 2301 2205 2389 Archiepiscopua
2260 2315 2328 2367 et
2382 2302 2701 2380 monachi,
2760 2318 2839 2367 et

537 2389 863 2477 Episcopi,
894 2403 960 2453 et
1001 2388 1244 2467 caeteri,
1276 2389 1386 2475 qui
1417 2389 1504 2453 ob
1534 2410 1789 2454 causam
1820 2389 2269 2455 ecclesiasticas
2322 2388 2631 2455 libertatis
2660 2412 2732 2455 se
2765 2390 2838 2453 in

537 2476 800 2543 exilium
833 2474 1182 2552 dederant3
1213 2488 1282 2541 et
1313 2475 1545 2560 singuli
1574 2476 1729 2541 locis
1753 2476 1883 2541 suis
1912 2492 1981 2543 et
2000 2476 2502 2559 possessionibus
2530 2478 2837 2556 restituti,

533 2581 604 2631 et
633 2564 699 2630 in
718 2565 961 2649 regiam
985 2562 1326 2628 amicitiam
1345 2576 1492 2628 sunt
1514 2562 1721 2632 acciti.
1794 2562 2336 2651 Archiepiscopus
2356 2562 2549 2649 igitur
2584 2564 2835 2649 Regem

533 2652 710 2755 apud
745 2650 1200 2715 wincestriam
1246 2649 1542 2728 absolvit,
1591 2652 1971 2738 missamque
2000 2672 2215 2717 coram
2247 2674 2331 2716 eo
2358 2651 2729 2731 celebravit,
2762 2666 2836 2716 et

533 2762 598 2806 et
655 2738 884 2803 eodem
943 2737 1050 2803 die
1107 2736 1172 2801 in
1225 2759 1443 2803 mensa
1485 2737 2002 2803 communicavit.
2118 2737 2423 2804 Nondum
2480 2738 2652 2802 enim
2712 2762 2837 2823 per

538 2826 838 2913 Angliam
871 2823 1090 2889 divina
1117 2824 1325 2909 palam
1359 2824 1853 2891 celebrabantur
1874 2840 2291 2895 sacramenta.
2392 2825 2591 2891 Erant
2616 2826 2835 2889 adhue

535 2912 824 2979 tenebras
855 2911 1174 2977 interdicti
1205 2933 1398 2998 super
1425 2912 1657 2979 faciem
1690 2910 1984 2998 AEgypti,
2018 2913 2169 3000 quia
2196 2912 2485 2977 nondum
2508 2912 2837 2999 completa

531 3012 746 3081 erant,
793 3022 940 3089 quae
973 3000 1287 3085 Angelico
1321 2998 1543 3085 Moysi
1573 3020 1719 3085 quae
1749 2999 1831 3063 ab
1863 3000 2121 3085 Angelo
2157 3000 2493 3065 Pharaone
2526 3000 2837 3087 permissa

531 3087 810 3154 fuerant.
902 3087 980 3152 In
1020 3086 1246 3153 diebus
1297 3086 1418 3149 illis
1449 3085 1687 3151 direxit
1736 3085 2033 3152 dominus
2068 3087 2247 3172 Papa
2272 3087 2489 3152 literas
2520 3086 2835 3152 universis

531 3172 745 3261 regnis
791 3188 857 3241 et
891 3166 1144 3261 populis
1179 3173 1613 3241 Christianam
1642 3172 1840 3238 fidem
1869 3174 2351 3260 profitentibus,
2384 3188 2457 3242 ut
2488 3196 2711 3239 omnes
2738 3176 2835 3239 ob

531 3262 1020 3328 subventionem
1066 3276 1255 3327 terroe
1317 3261 1868 3326 lerosolomitanoe
1915 3261 1999 3326 ad
2050 3284 2249 3325 sacroe
2296 3262 2835 3347 peregrinationis

531 3348 918 3413 desiderium
970 3348 1414 3425 attenderent3
1464 3347 1897 3413 remissionem
1942 3347 2231 3414 omnium
2260 3347 2642 3414 delictorum
2673 3370 2834 3413 con-

533 3434 714 3498 fessis
761 3434 1126 3519 indulgenS‚
1177 3435 1642 3521 defunctosque
1688 3457 1731 3500 a
1774 3436 2151 3521 purgatorio
2196 3436 2336 3501 fore
2384 3438 2725 3513 immuneS,
2758 3450 2833 3501 et

533 3520 804 3587 liberum
835 3521 918 3585 ad
942 3542 1211 3605 regnum
1243 3521 1482 3587 celeste
1512 3522 1755 3587 aditum
1787 3523 2140 3603 habituros,
2166 3524 2568 3609 promittens.
2624 3522 2745 3607 cuj
2758 3546 2835 3585 us

532 3606 825 3694 promissi
854 3606 1190 3673 dulcedine
1221 3608 1415 3672 illecti
1437 3622 1568 3672 tam
1596 3610 1711 3673 viri
1736 3632 1925 3698 quam
1950 3610 2253 3689 soeminoe,
2276 3611 2527 3695 parvuli
2542 3632 2829 3710 quoque,

532 3708 759 3761 mutua
801 3717 872 3760 se
891 3694 1238 3760 devotione
1282 3696 1715 3774 cohortantes,
1746 3718 2000 3765 crucem
2030 3711 2442 3783 acceperunt,
2475 3711 2543 3762 et
2573 3718 2637 3759 m
2667 3697 2834 3761 odo-

531 3804 670 3848 rem
713 3783 1028 3862 crucifixi,
1049 3782 1488 3849 renuntiantes
1534 3784 1853 3863 omnibus,
1887 3807 2033 3873 quae
2063 3784 2499 3870 possidebant,
2532 3783 2835 3849 alacriter

529 3882 975 3938 cucurrerunt.
1103 3869 1422 3935 Pandulso
1487 3871 1687 3959 igitur
1755 3872 2035 3938 Romam
2098 3894 2379 3950 reverso,
2442 3870 2669 3935 missus
2704 3883 2833 3935 'est

529 3956 877 4024 Michaelis
927 3957 1423 4023 Tusculanensis
1471 3966 1833 4046 episcopus,
1882 3959 2257 4047 apostolicae
2310 3959 2494 4024 Sedis
2549 3958 2828 4043 legatus,

531 4059 606 4110 ut
649 4058 716 4111 et
761 4044 917 4131 ipse,
951 4066 1112 4133 quos
1142 4058 1374 4131 posset,
1407 4047 1488 4111 ad
1520 4068 1779 4112 crucem
1812 4047 2257 4113 assumendam
2288 4047 2489 4111 verbo
2517 4044 2831 4132 praedica-

531 4132 724 4196 tionis
747 4132 1070 4208 alliceret3
1117 4146 1542 4220 vacantesque
1578 4134 1899 4213 ecclesias,
1930 4134 2135 4200 veteri
2164 4135 2489 4200 destructa
2516 4132 2831 4199 servitute

529 4217 664 4283 sive
710 4220 1198 4297 consuetudine,
1231 4220 1515 4308 erigeret
1560 4221 1642 4285 ad
1697 4220 2082 4300 libertatem,
2116 4235 2182 4287 et
2210 4244 2516 4307 personas
2538 4219 2829 4309 ydoneus

531 4306 880 4383 instituens,
929 4306 1238 4373 diutinam
1289 4329 1511 4373 earum
1558 4308 1875 4375 refoveret
1928 4308 2325 4377 viduitatem.
2444 4310 2573 4375 Sed
2639 4328 2827 4373 secus

531 4413 722 4493 quam
769 4394 1146 4477 sperabatur
1179 4394 1242 4459 in
1275 4396 1538 4484 negotio
1560 4394 1849 4460 ecclesiae
1926 4418 2245 4462 recessum
2278 4415 2395 4463 est.
2490 4394 2827 4461 Dissiden-

529 4481 700 4547 t1bus
741 4502 1023 4568 namque
1075 4482 1346 4548 Desano
1377 4498 1442 4549 et
1477 4483 1821 4549 Canonicis
1896 4484 2385 4551 'boracensibus
2417 4485 2481 4549 in
2510 4481 2827 4550 electione
