3000 5117
468 475 574 540 52
941 491 1142 543 msr.
1173 493 1525 545 DUNELM.
1566 492 2021 546 scmr'ronns
2056 493 2269 546 mas·

1471 975 1658 1050 [031⁵.
1702 985 1797 1038 ΧΥ.

1238 1131 1388 1200 [Ms.
1411 1133 1539 1200 Cap.
1562 1146 1753 1184 cxuv.
1776 1130 1865 1183 fol.
1896 1129 2053 1195 188.]‘·

575 1275 734 1343 Fost
787 1273 1162 1340 nunciorum
1223 1270 1561 1358 reditum,]
1618 1269 1924 1336 fratribus
1984 1270 2393 1356 congregatis
2452 1291 2801 1358 exponun-

486 1377 590 1428 ωι-
635 1362 980 1450 praemissa.
1094 1361 1227 1425 Sed
1273 1360 1385 1438 illi,
1432 1381 1554 1444 pro
1615 1360 1843 1444 majori
1889 1371 2096 1444 parte,
2144 1380 2187 1422 a
2228 1359 2560 1424 voluntate
2590 1361 2801 1460 priori

485 1452 709 1528 aversi,
755 1450 1060 1515 dixerunt
1102 1469 1170 1512 se
1219 1447 1522 1512 mandato
1562 1445 1831 1512 domino
1876 1445 2210 1531 Episcopo
2250 1446 2499 1511 directo
2528 1447 2793 1512 minime

485 1538 894 1614 consensisse,
929 1536 1078 1599 licet
1121 1548 1342 1613 aperte
1373 1555 1504 1598 non
1526 1534 2069 1606 reclamaverunt3
2101 1532 2298 1598 immo
2316 1535 2529 1618 potius
2551 1533 2795 1598 vellent

491 1624 684 1702 mori,
730 1645 928 1710 quam
954 1621 1233 1708 aliquam
1265 1621 1723 1706 professionem
1754 1642 1971 1685 coram
2013 1619 2335 1705 Episcopo
2364 1621 2632 1686 recitare
2662 1641 2792 1690 etc.

497 1711 820 1800 [Quidam
864 1729 1018 1774 vero
1047 1709 1353 1773 dixerunt
1383 1707 1559 1772 istud
1588 1731 1773 1794 aeque
1802 1707 1894 1771 ita
1921 1708 2295 1794 contingere
2326 1723 2803 1774 commorantes

492 1803 562 1862 in
596 1797 816 1875 cellis,
863 1796 1028 1862 sieut
1072 1796 1263 1880 ipsoS,
1296 1809 1364 1860 et
1395 1795 1547 1860 ideo
1576 1795 1715 1858 sine
1742 1795 1863 1858 illis
1887 1816 2017 1859 non
2052 1807 2349 1880 poterant
2378 1796 2807 1882 respondere.

497 1886 655 1950 Post
701 1906 992 1970 vesperas
1037 1883 1268 1948 iterum
1315 1895 1813 1971 congregantur,
1848 1903 2051 1968 usque
2080 1881 2177 1946 ad·-
2196 1896 2475 1960 noctem,
2512 1883 2621 1947 ubi
2650 1883 2795 1969 qui-

490 1973 640 2038 dam
687 1973 1012 2050 dixerunt,
1073 1993 1141 2035 se
1195 1969 1492 2056 ignorare
1541 1993 1625 2034 an
1670 1983 1865 2055 caput
1910 1969 2246 2048 habereut,
2280 1983 2349 2034 et
2392 1970 2531 2035 sine
2582 1969 2805 2055 capite

497 2060 888 2144 respondere
941 2079 1069 2122 non
1125 2071 1471 2142 poterant3
1520 2080 1661 2136 nec,
1712 2058 1846 2122 sine
1894 2057 2441 2122 commorantibus
2470 2056 2538 2122 in
2571 2057 2801 2136 cellis,

495 2147 614 2213 etsi
645 2159 843 2233 caput
872 2145 1209 2212 haberent.
1304 2144 1545 2209 Iterum
1578 2158 1723 2230 post
1752 2143 2096 2209 matutinas
2126 2157 2624 2229 congregantur,
2658 2145 2809 2223 ubi,

487 2238 683 2323 juxta
727 2233 1068 2298 consilium
1109 2231 1486 2320 aliquorum,
1536 2231 1833 2297 adierunt
1879 2253 2101 2296 omnes
2150 2231 2463 2310 Priorem,
2496 2247 2809 2316 rogantes

497 2343 667 2399 eum,
698 2322 872 2408 quod
905 2321 970 2384 in
1005 2334 1182 2385 tanta
1209 2319 1635 2420 perplexitate
1656 2341 1767 2384 eos
1796 2340 1927 2383 non
1956 2318 2363 2405 relinqueret,
2390 2318 2504 2383 sed
2530 2318 2595 2382 in
2624 2335 2806 2384 statu

499 2423 722 2488 staret,
771 2409 980 2474 donec
1019 2407 1241 2472 domui
1271 2407 1441 2472 foret
1470 2407 1699 2471 melius
1728 2406 2114 2471 ordinatum.
2204 2407 2365 2484 Qui,
2397 2406 2579 2484 flens,
2610 2420 2679 2470 et
2708 2406 2817 2471 eis·

505 2495 940 2581 compatiens,
957 2508 1269 2582 qnantum
1302 2495 1369 2558 in
1402 2492 1541 2580 ipso
1570 2494 1711 2571 fuit,
1744 2493 1990 2572 annuit,
2022 2492 2138 2558 sed
2167 2493 2291 2558 hoc
2324 2493 2388 2558 in
2420 2494 2557 2578 ejus
2584 2507 2809 2579 potes-

502 2597 638 2649 tate
683 2606 814 2648 non
867 2597 1028 2661 erat,
1061 2603 1220 2647 cum.
1245 2581 1604 2668 Episcopus
1664 2581 1925 2646 literam.
1966 2581 2267 2646 cessionis
2322 2605 2455 2647 suoe
2506 2603 2699 2667 penes
2730 2605 2805 2647 se

500 2671 790 2736 haberet.
883 2668 1074 2735 Missi
1124 2684 1273 2734 sunt
1322 2691 1477 2754 ergo
1522 2668 1587 2732 in
1620 2671 1903 2733 crastino
1932 2691 2163 2733 novem
2194 2669 2425 2734 fratres
2453 2690 2601 2733 cum
2632 2669 2809 2754 Sup-

502 2757 720 2846 priore
769 2759 854 2822 ad
892 2757 1305 2842 Episcopum,
1337 2758 1625 2840 rogaturi
1677 2777 1825 2820 eum
1874 2771 1946 2822 ut
1998 2769 2213 2840 partes
2242 2779 2389 2821 suas
2418 2757 2505 2821 ad
2532 2757 2656 2820 hoc
2686 2779 2811 2842 ap-

503 2858 798 2932 poneret,
848 2858 916 2911 et
947 2843 1164 2910 Priori.
1183 2845 1252 2909 in
1303 2845 1541 2909 virtute
1572 2843 1958 2908 obedientiae
1988 2843 2112 2908 boc
2141 2843 2520 2932 injungeret,
2552 2844 2607 2906 si
2635 2843 2811 2910 forte

503 2933 786 2998 monitus
815 2931 1227 3018 adquiescere
1268 2947 1616 3000 recusaret.
1712 2929 1957 2996 Annuit
1986 2931 2357 3017 Episcopus,
2390 2947 2459 2996 et
2486 2931 2551 2994 in
2581 2931 2811 2996 crasti-

506 3043 660 3086 num
689 3020 864 3086 venit
905 3019 1082 3106 apud
1121 3019 1500 3106 Beurepair,
1526 3019 1834 3104 promissa
1862 3018 2336 3104 completurus3
2382 3017 2495 3084 ubi
2524 3021 2810 3083 occurrit

508 3108 568 3174 ei
606 3107 792 3172 Prior
835 3128 982 3173 eum
1013 3106 1262 3172 caeteris
1299 3107 1623 3184 fratribuS,
1658 3119 1724 3170 et
1762 3105 1984 3171 Priore
2014 3106 2334 3191 allegante
2365 3106 2814 3172 infirmitatem

508 3218 690 3261 suam
734 3209 801 3261 et
843 3194 1313 3280 impotenciam,
1354 3193 1675 3280 Episcopo
1707 3216 1879 3272 vero,
1912 3217 1951 3259 e
1979 3215 2313 3272 converso,
2346 3207 2713 3279 exponente
2743 3198 2813 3259 ei

510 3283 916 3349 affectionem
968 3283 1339 3347 Con-ventus
1391 3303 1496 3368 erv
1576 3303 1747 3358 eum,
1782 3281 1951 3347 unde
1978 3281 2265 3367 gaudere
2293 3281 2581 3358 deberet,
2616 3295 2682 3346 et
2708 3281 2812 3345 eis

510 3371 790 3435 multum.
833 3368 1058 3446 teneri,
1111 3369 1375 3433 tandem
1540 3368 1791 3453 iscopus
1835 3368 1920 3447 ei,
1978 3370 2043 3433 in
2100 3369 2336 3434 virtute
2388 3367 2809 3449 obedientioe,

511 3455 788 3542 injunxit
839 3473 1008 3521 stare
1033 3479 1066 3530 t
1097 3470 1165 3520 et
1212 3455 1301 3518 sic
1354 3454 1541 3520 Prior
1583 3455 1927 3543 adquievit.
2035 3455 2571 3544 Advenienteque
2620 3455 2813 3537 hora,

513 3543 703 3608 simul
755 3542 843 3607 ibi
873 3541 1295 3626 prandebant,
1327 3543 1480 3607 satis
1501 3543 1817 3627 jocundas
1847 3543 2038 3609 facies
2068 3543 2341 3609 invicem
2371 3543 2817 3612 ostendentes.

515 3632 679 3697 Post
727 3627 1066 3715 prandium
1119 3651 1292 3703 vero,
1345 3630 1565 3694 clerici
1599 3630 1897 3717 Episcopi
1946 3643 2259 3696 vocarunt
2293 3632 2712 3718 Suppriorem
2742 3647 2817 3699 et

513 3717 674 3784 alios
721 3717 803 3782 ad
835 3716 1144 3802 capellam
1189 3733 1428 3785 sanctoe
1461 3717 1817 3797 Katerinae,
1851 3718 2135 3784 dieentes
2180 3719 2463 3784 semirari
2507 3742 2625 3784 cur
2675 3741 2820 3785 non

513 3804 983 3892 responderunt
1039 3803 1357 3891 Episcopo
1399 3805 1485 3870 ad
1529 3805 1913 3906 peticionem
1944 3805 2033 3871 eis
2062 3806 2369 3872 directam
2400 3829 2528 3892 per·
2544 3807 2821 3874 fratrem

523 3894 604 3959 R.
634 3894 718 3959 de
756 3892 1034 3958 Barnebi
1077 3914 1268 3979 super
1297 3893 1684 3978 professione
1739 3892 2031 3959 facienda
2052 3916 2085 3970 ’5
2119 3911 2185 3961 et
2206 3894 2693 3980 responderunt,
2742 3919 2827 3962 se

511 3981 639 4046 hoc
695 4002 828 4047 non
871 3979 1352 4066 praetermisisse
1401 3994 1932 4067 creontemptu,
1960 3982 2077 4046 sed
2122 3981 2277 4069 quia
2314 3981 2695 4060 nescierunt,
2726 4005 2825 4048 aa

513 4068 724 4154 capud
769 4068 1104 4146 haberent,
1150 4069 1290 4132 sine
1331 4090 1462 4169 quo
1510 4067 1695 4132 nichil
1740 4067 1951 4134 facere
1979 4081 2353 4154 potuerunt.
2445 4069 2825 4136 Mandave-

512 4169 660 4221 rant
678 4154 874 4220 etiam
895 4155 958 4220 ei
979 4154 1156 4258 quod
1175 4169 1382 4238 parati
1403 4169 1587 4220 erant
1601 4155 1818 4222 facere
1833 4178 1913 4221 ea
1932 4179 2079 4244 qnae
2104 4159 2169 4244 ly
2190 4157 2560 4222 Comana
2578 4156 2819 4238 voluit,

515 4242 632 4308 sed
665 4241 834 4308 ultra
876 4240 943 4306 id
994 4247 1206 4308 tacere
1251 4265 1383 4308 non
1413 4242 1757 4322 audebant,
1805 4245 1943 4310 sine
1992 4267 2307 4310 consensu
2350 4265 2574 4310 eorum
2603 4245 2713 4333 qui
2746 4245 2823 4310 in

521 4329 718 4396 cenis
760 4331 1058 4394 externis·
1087 4330 1521 4399 morabantur.
1619 4329 1761 4395 Hiis
1791 4331 2133 4398 intellectis
2162 4332 2246 4397 ab
2280 4331 2629 4418 Episcop0,
2660 4354 2821 4399 cum

515 4417 744 4483 &atres
773 4417 858 4482 ad
887 4439 1034 4480 eum
1063 4419 1464 4495 accederent,
1497 4417 2010 4485 benedictionem
2056 4422 2141 4485 ab
2171 4443 2250 4485 eo
2279 4419 2627 4506 accepturi,
2658 4435 2825 4485 ante

518 4527 740 4573 eorum
788 4525 1124 4585 recessum,
1174 4505 1354 4594 quasi
1405 4505 1812 4596 indignanter.
1852 4506 1942 4574 eis
1990 4507 2152 4574 dixit
2175 4531 2196 4584 3-
2244 4518 2287 4551 ‘⁶
2326 4507 2470 4594 Ego
2500 4507 2816 4595 proposui
