3000 5117
866 490 1284 544 APPEme.
1316 492 1501 543 ANN.
1542 492 2020 543 mccccxrvl.
2421 472 2573 545 ccci

268 666 340 719 et
367 674 452 716 xv
484 674 664 717 acras
694 663 884 716 terrae
913 652 1155 716 ibidem
1186 665 1251 716 et
1284 652 1500 718 reddit
1531 676 1646 739 per
1673 675 1910 718 annum
1957 651 2071 739 iij‘.
2101 676 2120 729 3
2167 664 2383 718 tamen
2430 655 2576 719 red-

268 741 427 805 dere
457 740 706 804 solebat
736 746 827 803 v‘.
918 738 1209 803 Decasus
1242 739 1333 824 ij·.

365 828 974 891 Spnnmmnonn.
995 826 1283 890 Thomas
1304 826 1587 891 Claxton
1613 826 1696 890 de
1714 824 1933 890 Veteri
1957 825 2164 890 Pareo
2181 838 2360 891 tenet
2384 850 2578 893 unam

264 913 615 999 parcellam
650 927 837 977 terrae
868 912 953 977 ad
982 912 1243 977 modum
1278 912 1579 997 trianguli
1605 912 1862 989 ibidem,
1884 926 1950 977 et
1973 912 2187 977 reddit
2211 934 2328 998 pro
2353 913 2577 980 eadem

264 1023 387 1086 per
415 1022 653 1065 annum
685 1000 777 1086 ij‘.
868 1000 1197 1065 Johannes
1232 1000 1518 1077 Broune,
1566 999 1895 1066 Johannes
1939 999 2090 1086 Joy,
2138 1013 2206 1065 et
2247 998 2576 1067 Johannes

269 1090 599 1173 Cressopp
617 1088 839 1171 junior
882 1086 965 1151 de
1010 1087 1312 1151 Tudhow
1358 1099 1670 1173 ceperunt
1716 1086 1802 1151 ad
1846 1086 2095 1151 firmam
2149 1086 2465 1151 Yorkfeld
2511 1104 2578 1153 et

276 1174 664 1261 Welhynges
697 1174 952 1250 ibidem,
985 1173 1071 1238 ad
1102 1174 1442 1238 terminum
1486 1196 1823 1252 annorum,
1869 1187 1938 1239 et
1980 1174 2262 1239 reddunt
2305 1196 2428 1259 pro
2458 1176 2580 1241 eis-

267 1262 425 1326 dem
458 1283 571 1345 per
599 1282 841 1325 annum
872 1261 1077 1345 xxvj⁸.
1106 1260 1263 1345 viijd.

364 1350 643 1413 Bnouss.
738 1346 959 1413 Unum
1006 1348 1239 1411 toftum
1286 1360 1354 1411 et
1397 1346 1506 1434 viij
1553 1368 1722 1411 acrae
1768 1359 1962 1412 terrae
1991 1369 2124 1413 una
2165 1368 2310 1411 cum
2347 1353 2426 1412 ν’.
2457 1369 2577 1433 pro

262 1435 479 1500 libero
508 1434 766 1499 redditu
800 1432 1039 1498 ibidem
1070 1433 1349 1498 reddunt
1378 1456 1494 1517 per
1525 1454 1764 1499 annum
1795 1433 1960 1517 xiij⁸.
1993 1433 2133 1518 iiijd.

361 1522 902 1588 Enuonnmam.
1008 1520 1177 1584 Vina
1208 1522 1293 1585 de
1328 1520 1804 1585 Edmondbires
1833 1542 1980 1584 cum
2011 1520 2414 1605 pertinenciis
2444 1543 2577 1587 non

260 1622 576 1674 oneratur
596 1608 719 1685 hic,
747 1631 830 1671 eo
847 1606 1023 1694 quod
1044 1606 1407 1695 assignatur
1429 1608 1516 1673 ad
1545 1609 2008 1672 incrementum
2038 1607 2304 1673 instanti
2335 1610 2576 1675 anima-

266 1696 435 1761 lium
467 1696 641 1780 apud
679 1694 1127 1783 Mogleswike.

369 1782 821 1847 Womrnnna.
914 1782 1137 1847 Abbas
1167 1781 1251 1845 de
1276 1780 1645 1845 Albalanda
1668 1792 1845 1847 tenet
1877 1779 2114 1845 ibidem
2144 1781 2345 1846 libere
2372 1804 2576 1849 unum

264 1868 511 1935 toftum
541 1883 607 1934 et
636 1870 706 1932 xl
737 1890 915 1932 acras
946 1881 1158 1945 terrae,
1192 1880 1259 1933 et
1292 1867 1504 1933 reddit
1533 1890 1648 1952 per
1677 1889 1912 1932 annum
1945 1868 2107 1952 xiij’.
2142 1869 2282 1953 iiijd.

366 1956 883 2024 Moeuswms.
978 1956 1207 2020 Terroe
1258 1953 1672 2019 dominicales
1731 1954 1816 2019 de
1873 1954 2322 2039 Mogleswike,
2383 1956 2578 2022 Cam-

264 2043 501 2121 house,
540 2042 906 2128 Edisbrigg,
947 2042 1276 2120 Whithall,
1308 2040 1727 2128 Helayselde,
1762 2040 2245 2129 Horsleyhopp,
2280 2056 2346 2109 et
2377 2044 2577 2109 Was-

264 2130 649 2215 cropbeved
682 2152 809 2195 non
835 2146 1185 2195 onerantur
1212 2129 1337 2206 hic,
1386 2151 1468 2194 eo
1498 2129 1674 2216 quod
1705 2127 2106 2213 assignantur
2138 2143 2210 2193 ut
2241 2151 2455 2216 supra,
2489 2131 2575 2196 ad

262 2216 649 2286 instaurum.
707 2216 1179 2303 Reparaciones
1210 2216 1395 2293 aulae‚
1421 2215 1704 2300 capellae,
1731 2217 1930 2291 unius,
1945 2215 2252 2305 grangiae,
2277 2232 2345 2282 et
2375 2218 2574 2282 deirae

264 2303 521 2370 ibidem
551 2317 943 2369 assessantur
974 2303 1057 2369 ad
1087 2304 1287 2388 xva¹.
1318 2302 1479 2388 xiij⁸.
1517 2302 1654 2389 iiijd.

367 2393 621 2457 Coun
654 2412 741 2455 ΕΤ
776 2390 1228 2455 Fonnnousr..
1294 2391 1482 2455 Prior
1502 2389 1587 2454 de
1625 2388 1912 2455 Finchall
1942 2402 2120 2455 tenet
2148 2401 2353 2456 certas
2375 2403 2574 2457 terras

262 2477 477 2545 libere
523 2481 587 2543 in
642 2476 792 2541 villa
837 2477 921 2541 de
955 2478 1206 2555 Coken,
1254 2498 1401 2542 cum
1454 2499 1585 2541 uno
1640 2476 1912 2562 gardino
1953 2476 2152 2563 juxta
2197 2478 2432 2543 vadum
2487 2480 2572 2546 de

268 2565 334 2631 F
334 2565 591 2643 inchall,
624 2576 693 2629 et
718 2564 935 2629 reddit
962 2586 1077 2649 per
1104 2586 1341 2629 annum
1372 2564 1461 2651 ij‘.
1496 2564 1593 2647 ijd.

366 2654 844 2752 anuaanrn
892 2670 1041 2715 ctm
1095 2670 1614 2752 reati-mancus.
1716 2650 2107 2753 ‘Manerium
2151 2650 2254 2753 d?
2287 2652 2574 2720 Beaure-

262 2754 600 2913 ἷὲζᾞῇ
625 2738 2572 2929 ;?„.?35„¹;⁰1322¹¹211m{33¹}ssssssffssdssffsztss‘szsssssszy'ffl

271 2913 694 2979 Seminantur
738 2911 973 2976 ibidem
1018 2932 1065 2975 x
1111 2935 1279 2978 acroe
1310 2934 1457 2977 cum
1488 2933 1714 2976 avena.
1885 2912 2213 3000 erbagium
2244 2916 2422 2999 parci
2453 2915 2573 2979 tbi-

268 2999 425 3063 dem
456 2999 764 3064 dividitur
794 3002 962 3063 inter
994 2999 1364 3065 Bursarium
1416 3012 1484 3065 et
1529 2996 1996 3085 supervisorem
2043 3000 2277 3086 equicii
2329 3001 2574 3066 domini

272 3086 542 3156 Prioris.
639 3085 1001 3152 Instaurum
1046 3086 1411 3151 animalium
1444 3085 1908 3165 pertinencium
1939 3086 2020 3150 ad
2053 3086 2422 3151 But-sarium
2456 3088 2574 3153 ibi-

269 3174 425 3238 dem
472 3174 924 3261 specificantur
964 3196 1178 3260 supra,
1226 3174 1375 3237 stilo
1423 3177 1730 3256 Coquina.
1820 3171 2140 3237 Instarum
2187 3174 2422 3260 equicii
2452 3174 2572 3240 ibi-

268 3261 449 3326 dem.
549 3261 627 3326 In
671 3261 890 3346 primis
936 3258 1075 3347 iiijor
1119 3282 1307 3348 equae
1350 3260 1754 3325 ambulantes
1797 3272 1864 3323 et
1909 3258 2050 3344 iiijot
2097 3273 2459 3339 trottantes,
2506 3266 2566 3351 vj

266 3348 521 3435 puliani
550 3348 834 3436 quinque
852 3369 1185 3412 annorum.
1277 3346 1468 3425 Item,
1488 3346 1772 3434 quinque
1800 3344 1958 3431 pulli
1987 3347 2265 3426 annaleS,
2295 3370 2570 3435 quorum

270 3435 410 3500 duo
442 3436 705 3501 masculi
734 3449 801 3501 et
832 3434 900 3520 iij
934 3434 1229 3503 femellae.
1296 3434 1657 3521 Reparacio
1681 3432 1944 3497 manerii
1975 3433 2235 3513 ibidem,
2267 3457 2412 3499 cum
2443 3437 2571 3501 suis

269 3523 708 3608 pertinenciiza
757 3535 1101 3588 assessatur
1146 3536 1217 3588 at
1264 3528 1347 3591 ε’.
1468 3519 1828 3607 Reparacio
1871 3520 2100 3587 domus
2145 3522 2570 3590 habitacionis

270 3611 447 3695 apud
500 3611 563 3675 le
613 3612 929 3697 Stotyate,
961 3631 1109 3674 cum
1159 3608 1299 3675 aliis
1329 3610 1626 3675 domibus
1656 3607 1915 3685 ibidem,
1944 3624 2292 3675 assessatur
2321 3611 2404 3676 ad
2434 3612 2572 3698 liij·.

270 3696 415 3783 iiijd.
516 3698 877 3784 Reparacio
908 3697 1093 3761 unius
1126 3699 1434 3762 vaccariae
1454 3698 1651 3781 juxta
1678 3694 1740 3759 le
1771 3696 1921 3780 loge
1944 3712 2289 3762 assessatur
2317 3699 2398 3763 ad
2431 3698 2570 3786 liij⁸.

270 3784 415 3870 iiijd.
546 3786 714 3850 Item
774 3785 1104 3871 reparacio
1162 3784 1246 3848 de
1298 3785 1359 3849 le
1417 3783 1766 3869 deyhouse,
1813 3803 1960 3846 cum
2003 3783 2432 3870 pertinenciiS,
2474 3809 2573 3851 as-

270 3886 553 3937 sessatur
602 3872 685 3937 ad
735 3873 852 3937 xl⁸.
1035 3874 1303 3939 Summa
1349 3872 1565 3936 totalis
1609 3868 2040 3955 reparacionis
2069 3870 2400 3956 praedictae
2428 3873 2564 3957 xij¹.

315 3960 383 4023 ⁰⁸.
420 3958 579 4027 vii'd.

272 3982 333 4045 vJ
364 3982 861 4111 Andraemon.
953 4044 1319 4111 Manerium
1350 4043 1610 4121 ibidem,
1640 4042 2164 4127 Almenerhalgh,
2187 4054 2254 4109 et
2283 4065 2466 4109 mora
2485 4043 2570 4110 de

278 4131 623 4219 Beaurepa
669 4155 721 4210 r,
768 4146 917 4195 sunt
971 4133 1037 4197 in
1086 4154 1277 4197 manu
1328 4130 1630 4208 Bursarii,
1681 4144 1941 4214 propter
1985 4128 2285 4195 animalia
2328 4130 2568 4197 ibidem

270 4219 621 4303 depascent
643 4242 701 4287 a.
803 4216 1082 4283 Stuffum
1126 4220 1365 4287 ibidem
1411 4234 1562 4282 sunt
1605 4215 1710 4300 viij
1743 4216 1960 4293 boves,
1983 4219 2012 4301 j
2047 4215 2398 4301 plaustrum
2428 4218 2568 4283 lon-

270 4326 425 4389 gum
458 4329 605 4371 cum
636 4307 791 4371 rotis
820 4306 993 4370 ferro
1023 4305 1252 4391 ligatis.
1354 4303 1712 4389 Reparacio
1741 4301 1972 4366 domus
2002 4304 2421 4370 habitacionis
2451 4306 2571 4371 ibi-

272 4392 441 4470 dem,
493 4415 637 4461 cum
687 4392 1117 4479 pertinenciis,
1174 4404 1309 4458 tam
1354 4391 1423 4457 in
1468 4389 1687 4467 muriS,
1721 4389 2048 4469 meremi0,
2082 4412 2276 4477 quam
2322 4406 2572 4459 tectura
