3000 5117
395 486 684 558 ccccxiv
923 505 1122 556 msr.
1161 503 1517 555 nummu.
1555 499 2013 554 scammatis
2050 499 2257 553 τηε.

391 667 678 752 praefatis
736 665 944 730 Priori
976 679 1039 730 et
1100 667 1460 751 precentori
1565 687 1639 730 ro
1696 683 1987 754 tempore
2035 667 2460 734 existentibus
2492 665 2706 731 visum

391 755 607 830 suerit,
635 753 698 818 in
729 751 1039 817 honorem
1072 753 1224 830 Dei,
1273 753 1481 817 beatoe
1594 753 1747 818 ariae
1780 755 2083 844 VirginiS,
2138 767 2203 818 et
2252 755 2455 820 sancti
2492 753 2709 818 Cuth-

389 839 558 904 berti
588 838 800 904 facere
829 839 1173 906 tenebitur.
1273 838 1403 902 Pro
1431 839 1661 925 quibus
1692 842 1988 906 omnibus
2018 857 2083 906 et
2118 841 2385 927 singulis
2416 839 2705 904 serviciis

393 927 564 991 bene
588 941 653 992 et
685 925 962 990 fideliter
993 925 1438 1010 impendendis
1469 939 1536 989 et
1566 927 1973 1005 sustinendiS,
2007 928 2215 992 dictus
2254 927 2441 992 Prior
2462 947 2595 1012 pro
2628 949 2705 989 se

395 1026 463 1077 et
505 1013 974 1076 successoribus
1026 1014 1154 1076 suis
1185 1011 1498 1076 concessit
1550 1011 1724 1078 dicto
1756 1013 2035 1078 Thomae
2072 1013 2434 1078 Hashewell
2470 1012 2705 1075 decem

390 1099 587 1164 libras
607 1110 886 1163 monetae
912 1097 1162 1184 Angliae
1185 1098 1267 1163 ad
1285 1112 1562 1184 quatuor
1584 1099 1729 1163 anni
1752 1099 2078 1177 terminOS,
2098 1101 2337 1165 scilicet
2356 1099 2438 1164 ad
2462 1099 2707 1162 festum

393 1185 914 1254 annunciacionis
937 1187 1146 1250 beatae
1180 1185 1410 1250 Mariae
1443 1185 1745 1270 Virginis,
1780 1186 1981 1252 sancti
2011 1186 2321 1250 Johanuis
2360 1185 2703 1269 Baptistae,

393 1271 594 1337 sancti
627 1271 965 1337 Michaelis
1005 1271 1410 1354 Archangeli,
1461 1286 1530 1335 et
1574 1271 1921 1338 nativitatis
1956 1273 2246 1350 Domini,
2294 1293 2412 1358 per
2440 1271 2707 1358 equales

395 1357 756 1446 porcioneS,
805 1381 937 1423 una
980 1381 1128 1424 cum
1169 1357 1369 1422 tribus
1399 1357 1565 1421 ulnis
1596 1359 1680 1423 de
1733 1374 1909 1424 secta
1944 1381 2399 1444 generosorum
2432 1358 2707 1422 clerico-

393 1467 538 1510 rum
561 1445 850 1532 quolibet
874 1467 1042 1509 anuo
1060 1445 1144 1509 ad
1163 1445 1563 1509 nativitatem
1592 1445 1859 1510 Domini
1881 1445 2294 1531 recipiendis;
2328 1443 2701 1509 habendum

394 1545 463 1596 et
495 1532 839 1596 tenendum
864 1531 1257 1617 supradictas
1275 1531 1499 1596 decem
1532 1531 1725 1596 libras
1754 1545 1823 1596 et
1854 1547 1985 1597 tres
2006 1533 2185 1596 ulnas
2204 1533 2397 1617 panni
2422 1531 2702 1616 praefato

395 1617 674 1682 Thomoe
704 1642 744 1682 a
773 1617 946 1682 dicto
982 1618 1208 1683 Priore
1239 1631 1304 1682 et
1335 1620 1805 1684 successoribus
1836 1619 1962 1683 suis
2010 1619 2181 1704 apud
2237 1619 2703 1683 monasterium

395 1703 834 1770 Dunelmeuse
861 1705 946 1768 ad
978 1704 1281 1770 terminos
1312 1703 1715 1789 supradictos
1746 1706 2107 1783 solvendas,
2140 1706 2441 1792 quamdiu
2478 1704 2703 1768 omnia

393 1805 462 1857 et
491 1791 741 1877 singula
768 1791 1073 1876 premissa
1101 1791 1296 1854 modo
1320 1806 1385 1855 et
1413 1789 1622 1855 forma
1650 1795 2027 1878 praenotatis
2056 1807 2121 1858 et
2150 1793 2319 1856 bene
2350 1791 2701 1878 perimple-

393 1877 579 1942 verit.
678 1877 746 1941 Si
789 1899 944 1942 vero
977 1877 1306 1961 contingat
1359 1877 1602 1941 dictum
1654 1879 1975 1944 Thomam
2009 1883 2072 1943 in
2126 1894 2367 1942 tautam
2402 1877 2699 1943 debilitar-

395 1979 524 2028 tem
565 1964 791 2027 morbo
820 1963 1126 2040 incidere,
1177 1964 1276 2027 vel
1327 1962 1722 2042 infirmitate,
1774 1967 1947 2051 quod
1980 1964 2309 2051 praemissa
2339 1964 2551 2028 facere
2583 1987 2699 2028 seu

393 2051 782 2136 perimplcre
815 2065 1116 2135 nequeat,
1150 2063 1390 2114 extunc
1423 2051 1595 2115 idem
1631 2052 1916 2116 Thomas
1948 2056 2067 2117 erit
2092 2067 2437 2116 contentus
2490 2051 2703 2136 perci-

393 2158 546 2221 pere
575 2135 906 2200 aunuatim
938 2135 1022 2200 de
1052 2135 1326 2221 praefato
1360 2137 1587 2201 Priore
1616 2153 1684 2202 et
1730 2140 2196 2204 successoribus
2226 2139 2354 2201 suis
2386 2161 2503 2224 pro
2536 2152 2701 2203 tem-

393 2243 557 2306 pore
589 2222 1052 2287 incumbenciae
1083 2245 1216 2285 suae
1246 2223 1527 2309 quinque
1558 2246 1803 2290 marcas
1838 2225 2067 2290 usualis
2100 2243 2378 2290 monetae
2414 2225 2695 2310 Angliae.

392 2307 471 2373 In
503 2310 680 2394 cujus
709 2307 798 2372 rei
833 2309 1261 2372 testimonium
1311 2309 1591 2395 sigillum
1624 2333 1963 2377 commune
1994 2311 2253 2396 capituli
2288 2312 2489 2375 nostri
2531 2334 2704 2397 prae-

391 2395 680 2459 sentibus
709 2409 807 2458 est
838 2416 1210 2480 appensum.
1306 2395 1483 2460 Data
1518 2397 1847 2475 Dunelmi,
1877 2398 1939 2462 in
1972 2399 2169 2462 domo
2198 2413 2418 2462 nostra
2448 2398 2700 2482 capitu-

389 2481 532 2560 lari,
567 2481 866 2546 vicesimo
913 2487 1074 2546 1111²⁰
1107 2480 1210 2546 die
1241 2485 1470 2545 mensis
1508 2483 1911 2563 Decembris,
1938 2507 2111 2550 anno
2144 2485 2408 2550 Domini
2440 2484 2705 2550 millesi-

389 2590 498 2636 mo
526 2567 1037 2656 quingentesimo
1083 2567 1555 2636 terciodecimo.

791 2975 1106 3022 cccxxw.
1149 2975 1402 3019 LITERA
1435 2972 1749 3017 Emscom
1784 2971 2295 3018 DUNELMENSIS.

1117 3117 1278 3184 [neg.
1317 3113 1415 3164 lv.
1441 3113 1593 3164 Parv.
1616 3111 1691 3164 fol
1728 3115 1844 3162 200.
1868 3111 1942 3177 u]

485 3257 765 3323 Brother
791 3257 995 3334 Prior,
1025 3257 1055 3322 1
1081 3254 1490 3322 recommend
1522 3276 1622 3318 rue
1646 3251 1857 3339 hartly
1884 3265 2039 3316 unto
2060 3273 2211 3337 you.
2306 3252 2459 3318 And
2484 3253 2701 3318 where

391 3367 464 3409 as
521 3345 554 3409 1
604 3345 766 3409 have
815 3345 919 3409 for
965 3343 1216 3409 diverse
1267 3340 1603 3406 resonable
1648 3337 2159 3404 consideracione»
2201 3341 2519 3422 graunted
2566 3341 2697 3404 and

393 3431 597 3495 latten
631 3444 700 3494 to
731 3429 952 3508 ferme,
987 3430 1091 3495 for
1132 3444 1394 3514 certayn
1423 3449 1625 3514 yereS‚
1662 3448 1767 3512 my
1799 3446 2021 3490 maner
2050 3424 2129 3488 of
2153 3425 2507 3510 Weylhall,
2542 3427 2697 3490 with

394 3517 510 3584 the
560 3518 868 3601 demayns
918 3516 996 3580 of
1045 3515 1155 3581 the
1201 3538 1398 3593 same,
1431 3527 1591 3577 uuto
1620 3535 1728 3598 my
1762 3511 1988 3576 trustie
2020 3511 2144 3574 and
2178 3511 2353 3598 kynd
2386 3511 2572 3576 frend
2604 3513 2697 3576 th’

397 3603 622 3670 Abbot
653 3601 731 3666 of
753 3601 980 3751 Selby,
1023 3603 1176 3680 and,
1209 3623 1366 3665 over
1397 3600 1543 3677 this,
1576 3599 1792 3716 where
1824 3621 1893 3662 as
1932 3597 1963 3660 1
1992 3597 2502 3696 have-graunted
2536 3611 2697 3662 nuto

393 3713 504 3778 '¹¹³'
536 3685 1869 3840 ⁸⁶¹'Yur1'3i12nii‘ssh{inffaififf'ssssi‘ivssrss'ffi
1874 3683 2343 3834 ffeo‘ifssffl-tyoif
2365 3683 2699 3838 fflyi'ffi

388 3793 662 3930 ggeerzrll
692 3862 1048 3928 dimissions
1078 3862 1203 3926 and
1231 3871 1531 3946 grauntts
1555 3795 1911 3944 thereupoii
1935 3857 2143 3934 made,
2178 3816 2385 3921 which
2414 3794 2577 3922 shgil
2609 3841 2697 3923 b⁶e

395 3951 654 4016 shewed
697 3969 857 4015 uuto
906 3973 1037 4036 you
1086 3950 1169 4034 by
1203 3969 1308 4033 my
1342 3961 1620 4012 tresorer
1658 3945 1756 4012 M.
1814 3943 2198 4030 Franklyne,
2232 3943 2282 4006 it
2314 3945 2691 4028 appetu-eth,

400 4037 434 4102 I
487 4037 696 4102 desire
747 4060 878 4124 you
929 4051 995 4102 to
1047 4059 1238 4102 cause
1273 4035 1380 4100 the
1425 4055 1599 4097 same
1632 4031 1991 4096 dimissions
2022 4032 2149 4095 and
2181 4044 2474 4114 grauntts
2509 4049 2577 4095 to
2608 4033 2694 4096 be

393 4125 646 4190 ratified
678 4127 806 4190 aud
836 4123 1187 4190 confirmed
1221 4121 1426 4187 under
1453 4142 1620 4207 your
1654 4121 1955 4184 Convent
1988 4117 2162 4183 seall.
2254 4117 2511 4204 [1514]

1240 4295 1422 4361 Your
1451 4293 1670 4378 loving
1697 4291 1982 4362 brother.
2019 4290 2102 4360 T.
2142 4289 2515 4382 Donusam.
