3000 5117
487 456 634 527 1202
1006 468 1207 524 msr.
1244 468 1598 523 numum.
1632 466 2088 523 scnxrronas
2122 468 2330 523 rans.

432 642 437 647 “
480 636 837 723 Episcopos
880 632 1151 721 legimus
1195 630 1600 701 renunciasse
1647 630 2139 717 Episcopatibus
2180 630 2450 719 pacifice
2467 632 2606 718 jam
2635 653 2792 719 pos-

476 722 697 801 sessis3
749 722 865 789 sed
909 726 1157 809 paucos
1196 720 1299 790 vel
1341 719 1551 787 nullos
1577 733 1836 785 sanctos
1864 719 2037 787 circa
2067 718 2489 806 Episcopatus
2521 742 2638 807 per
2665 722 2794 786 ob-

468 813 686 897 jectus
730 808 1003 896 legimus
1054 808 1355 899 litigasse.
1446 806 1647 875 color
1691 829 1812 894 pro
1869 806 2164 873 Roberto
2209 806 2332 874 fuit
2359 807 2506 873 iste.
2551 849 2557 856 ·
2597 808 2792 910 Papa

482 898 975 984 Episcopatum.
994 896 1497 963 Dunelmeusem
1541 892 1732 959 unica
1772 895 1913 960 vice
1950 910 2017 961 et
2047 916 2178 960 non
2207 916 2460 982 semper
2487 916 2624 959 suae
2650 895 2792 961 dns-

476 984 781 1071 positioni
837 983 1209 1063 reservavit,
1268 996 1341 1049 et
1393 981 1478 1047 de
1529 981 1762 1047 eadem
1811 980 2124 1067 disposuit
2181 995 2335 1048 ante
2393 980 2788 1049 electionem

480 1070 777 1151 Roberti,
822 1071 977 1161 quia
1018 1093 1136 1160 per
1178 1091 1380 1135 unum
1422 1068 1596 1134 diem
1640 1080 1790 1134 ante
1807 1091 1828 1147 3
1873 1080 1946 1133 ut
1980 1081 2162 1156 patet
2189 1092 2274 1136 ex
2302 1068 2512 1139 dictis.
2607 1071 2786 1138 Cum

480 1158 499 1172 '
550 1158 677 1225 'tur
717 1157 1059 1243 disponere
1100 1159 1185 1225 sit
1220 1157 1486 1222 verbum
1518 1155 1671 1221 facti
1701 1167 1771 1221 et
1801 1176 1928 1220 non
1949 1154 2154 1242 juris3
2197 1178 2314 1243 per
2343 1156 2788 1244 provisionem

506 1258 717 1313 actam
766 1244 1053 1313 Ricardo
1096 1268 1179 1311 ex
1227 1244 1413 1311 iravit
1434 1242 1782 1309 reservatio
1810 1266 1958 1331 quae
1984 1242 2333 1328 praecessit.
2426 1243 2579 1310 Non
2603 1245 2790 1312 enim

476 1346 651 1400 stant
694 1331 906 1413 simul,
1001 1331 1134 1398 uod
1182 1267 1363 1419 §apa
1398 1330 1733 1417 disposuit,
1765 1344 1832 1396 et
1861 1329 2038 1419 quod
2065 1330 2414 1399 reservatio
2445 1331 2615 1398 facta
2641 1354 2788 1398 suae

477 1418 882 1507 dispositioni
1020 1420 1145 1486 huc
1194 1419 1259 1484 in
1308 1441 1429 1483 suo
1475 1418 1712 1484 robore
1763 1418 2022 1483 mansit.
2113 1418 2342 1485 Posset
2391 1422 2567 1485 enim
2619 1434 2790 1489 tunc

479 1508 663 1595 Papa
687 1508 775 1573 de
820 1506 1054 1575 eodem
1104 1507 1163 1573 Ε
1210 1507 1496 1592 iscopatu
1543 1504 1775 1572 iterato
1823 1504 2187 1589 disponere,
2231 1504 2467 1572 virtute
2494 1528 2792 1574 reserva-

480 1594 675 1663 tionis
700 1593 1052 1680 praedictae.
1129 1530 1458 1679 ‘fempore
1488 1614 1646 1679 ergo
1696 1590 2024 1659 electionis
2077 1592 2349 1659 Roberti
2377 1593 2555 1661 nulla
2577 1616 2790 1661 reser-

479 1682 657 1748 vatio
704 1681 848 1761 fuit,
901 1703 1059 1770 ergo
1103 1678 1403 1747 electioni
1454 1702 1589 1745 suae
1641 1676 1802 1745 nihil
1849 1677 2100 1746 obstitit
2126 1679 2247 1745 nisi
2294 1681 2577 1767 provisio
2603 1682 2790 1750 facta

477 1768 745 1834 domino
823 1767 1126 1835 Ricardo.
1217 1767 1289 1835 Si
1316 1789 1474 1854 ergo
1504 1766 1614 1833 illa
1640 1778 1856 1855 posset
1883 1766 2058 1833 infici
2086 1789 2204 1854 per
2228 1768 2527 1855 objectus
2549 1792 2568 1847 ς
2609 1770 2788 1837 soret

472 1855 583 1942 jus
632 1854 907 1923 Roberti
950 1856 1215 1922 clarum.
1308 1856 1475 1921 Item
1522 1854 1615 1921 ita
1654 1856 1900 1920 clarum
1918 1854 2028 1940 jus
2057 1854 2254 1921 habet
2289 1856 2660 1943 Capitulum
2691 1860 2788 1925 ad

478 1943 875 2030 eligendum,
946 1943 1111 2011 sicut
1160 1941 1244 2007 ali
1294 1942 1391 2008 uis
1436 1937 1704 2009 clericus
1751 1942 1836 2008 ad
1888 1942 2318 2031 quodcunque
2363 1945 2784 2026 beneficium,

526 2030 631 2097 uia
680 2031 986 2098 collatum
1030 2030 1151 2096 sibi
1174 2052 1217 2096 a
1364 2052 1449 2115 ge
1494 2043 1565 2095 et
1691 2052 1726 2094 r
1774 2029 2010 2096 multos
2057 2030 2270 2118 Papas
2303 2034 2784 2107 confirmatum,

476 2054 709 2195 ¹baare
752 2118 950 2208 igitur
991 2130 1210 2205 potest
1252 2116 1458 2205 magis
1500 2139 1584 2182 au
1613 2139 1756 2183 erre
1797 2117 1883 2182 ab
1911 2115 2006 2182 eis
2034 2116 2415 2185 electionem
2443 2141 2622 2185 suam
2654 2120 2786 2187 sibi

481 2230 526 2272 a
578 2206 863 2293 Regibus
909 2225 1275 2272 concessam
1326 2218 1395 2271 et
1445 2226 1563 2290 per
1615 2204 1826 2305 Papas
1869 2204 2338 2286 confirmatam,
2370 2228 2563 2295 qnam
2592 2207 2784 2274 alteri

477 2293 714 2361 clerico
763 2292 1149 2360 beneficium
1200 2290 1321 2357 sibi
1366 2312 1405 2357 a
1442 2314 1568 2357 suo
1608 2291 1936 2378 Episcopo
1963 2292 2290 2373 collatum,
2323 2294 2606 2361 maxime
2633 2296 2785 2363 sine

476 2403 692 2449 causae
737 2378 1123 2469 cognitione,
1172 2390 1240 2445 et
1284 2400 1510 2445 eorum
1555 2378 1946 2465 negligentia
1973 2378 2096 2446 hoc
2124 2380 2488 2446 nullatenus
2517 2404 2782 2468 prome-

476 2484 663 2537 rente
683 2470 719 2537 ?
769 2470 935 2536 Item
965 2466 1241 2537 maxime
1270 2480 1368 2533 est
1389 2466 1609 2535 hocin
1629 2465 2074 2554 praejudicium
2105 2468 2343 2557 Regis3
2373 2470 2528 2557 quia
2543 2471 2778 2541 eadem

474 2557 723 2624 ratione
773 2567 989 2643 posset
1046 2554 1229 2641 Papa
1272 2575 1597 2619 reservare
1643 2576 1867 2620 omnes
1921 2554 2346 2641 Episcopatus
2391 2557 2672 2643 Anglioe,
2707 2573 2782 2627 et

473 2668 588 2711 eos
610 2644 908 2710 conferre
926 2640 1375 2708 cardinalibus
1396 2640 1500 2706 vel
1530 2641 1670 2707 aliis
1694 2654 1879 2708 extra
1897 2662 2168 2731 regnum
2190 2647 2738 2711 commorantibus
2752 2670 2778 2724 ς

476 2746 547 2799 et
575 2731 1118 2817 depauperaretur
1146 2750 1415 2818 regnum
1444 2750 1561 2815 per
1588 2728 2043 2795 abductionem
2077 2729 2389 2815 pecuniae,
2421 2745 2488 2798 et
2515 2733 2780 2819 pericli-

474 2832 724 2887 taretur
742 2840 861 2906 pro
908 2831 1007 2884 ter
1032 2815 1356 2883 defectum
1384 2815 1648 2895 consilii,
1679 2816 1858 2904 quod
1884 2816 2102 2902 vigere
2131 2818 2298 2885 solet
2331 2818 2398 2882 in
2433 2819 2778 2907 Episcopis

480 2906 737 2993 Regni:
782 2929 862 2972 ve
912 2902 1277 2989 alienigenis
1306 2902 1599 2969 conferre
1629 2916 1866 2990 posset,
1896 2905 2010 2991 qui
2039 2904 2105 2969 in
2138 2917 2309 2972 terra
2333 2923 2772 2978 remanerent.

478 2994 569 3060 Et
598 2994 813 3063 adhuc
856 2992 1025 3059 foret
1058 2990 1224 3076 Regi
1270 2989 1644 3078 periculum,
1709 2991 1883 3079 quod
1929 3005 2030 3057 tot
2057 2992 2352 3059 extranei
2379 3010 2780 3081 occuparent

482 3082 907 3169 Episcopatus
937 3081 1005 3144 in
1040 3078 1295 3168 Anglia,
1326 3091 1540 3145 castra
1572 3092 1641 3145 et
1669 3078 1796 3145 alia
1823 3077 1916 3143 eis
1945 3080 2355 3164 pertinentia,
2385 3080 2538 3168 quia
2565 3081 2778 3149 insur-

472 3182 701 3257 gerent
730 3190 875 3235 cum
902 3164 1272 3253 alienigenis
1294 3178 1523 3231 contra
1557 3166 1827 3251 Regem.
1891 3165 2042 3231 Rex
2071 3165 2264 3233 etiam
2287 3168 2541 3253 juratus
2569 3184 2668 3237 est
2687 3171 2780 3237 ad

476 3256 786 3347 Magnam
821 3255 1124 3331 Cartam3
1199 3254 1382 3339 cujus
1428 3275 1590 3319 unus
1641 3252 1946 3319 articulus
1979 3267 2099 3332 est,
2138 3268 2212 3320 ut
2258 3254 2602 3323 electiones
2641 3256 2780 3323 sint

468 3344 715 3413 liberae.
811 3339 1029 3406 Multa
1066 3353 1251 3405 erant
1294 3339 1439 3419 alia,
1481 3362 1629 3430 quoe
1669 3340 1941 3425 majores
1970 3341 2152 3425 regni
2187 3343 2541 3410 monebant
2567 3346 2652 3411 ad
2675 3345 2780 3412 lo·-

468 3431 801 3520 quendum
829 3427 915 3495 de
957 3428 1082 3493 ista
1109 3426 1398 3493 materia.
1430 3460 1461 3488 =

558 3689 1062 3761 Memorandum
1132 3690 1309 3778 quod
1369 3690 1607 3757 Beatus
1679 3691 2078 3758 cuthbertus
2134 3692 2418 3778 suscepit
2476 3692 2778 3760 habitum

470 3780 933 3850 monachorum
974 3778 1149 3864 apud
1184 3776 1476 3858 Mailros,
1524 3800 1696 3844 anno
1733 3778 1998 3843 Domini
2046 3786 2262 3847 nc⁰1,1.
2349 3778 2434 3843 Et
2473 3800 2622 3844 cum
2650 3802 2776 3845 xxv

470 3872 539 3938 in
608 3868 834 3935 habit'u
894 3878 1117 3953 ageret
1178 3886 1417 3931 annum
1477 3866 1682 3931 factus
1745 3865 1868 3933 fuit
1929 3864 2118 3931 Prior
2181 3866 2775 3953 Lyndisfarnensis,

473 3959 586 4024 ubi
616 3978 761 4023 cum
794 3975 897 4019 xn
943 3963 1166 4039 ageret
1201 3974 1465 4031 annum,
1514 3953 1720 4018 factus
1761 3968 1858 4019 est
1897 3952 2269 4019 anachorita
2314 3952 2380 4017 in
2425 3954 2658 4033 Fax-ne,
2706 3970 2778 4022 et

470 4068 620 4111 cum
666 4044 756 4109 ibi
801 4040 1212 4127 transegisset
1255 4060 1328 4104 lx
1394 4062 1603 4106 annos
1667 4054 2080 4106 consecratus
2119 4056 2216 4107 est
2273 4041 2340 4104 in
2391 4039 2780 4127 episcopum

471 4130 642 4218 apud
682 4131 1044 4196 Eboracum
1094 4148 1161 4193 νι
1211 4128 1337 4193 kal.
1392 4128 1647 4213 Aprilis,
1694 4127 1833 4213 ipso
1879 4128 1986 4193 die
2021 4128 2311 4206 Paschae,
2343 4130 2776 4214 praesentibus

474 4220 662 4305 Rege
684 4217 974 4303 ngrido,
1001 4228 1067 4282 et
1082 4236 1178 4279 vu
1194 4215 1554 4301 Episcopis‚
1575 4217 1742 4281 inter
1763 4238 1922 4304 quos
1946 4214 2332 4281 Theodorus
2350 4215 2779 4302 archiepisco-

470 4329 589 4392 pus
612 4304 1018 4392 praesidebat,
1042 4326 1223 4368 anno
1245 4318 1393 4380 etc.,
1422 4309 1791 4371 nc⁰12xxxv.
1859 4303 1942 4367 Et
1972 4326 2118 4368 curn
2149 4304 2210 4367 in
2237 4303 2611 4389 episcopatu
2637 4306 2778 4371 fere

472 4395 635 4459 duos
664 4391 1071 4477 transegisset
1100 4412 1321 4467 annOS,
1354 4392 1609 4475 repetiit
1643 4391 1908 4456 insulam
1947 4391 2175 4471 Farne,
2210 4391 2318 4456 ubi
2345 4408 2488 4477 post
2531 4395 2773 4472 natale,
