3000 5117
445 426 663 484 cccxx
895 428 1108 479 ms'r.·
1160 428 1521 479 DUNELM·
1580 424 2043 479 SCRIPTOREs
2096 426 2309 480 TRES.

445 589 684 657 nostris
713 610 831 673 per
857 590 1098 653 clerum
1137 588 1559 655 Eboracensis
1586 587 1944 654 Provincias
1973 601 2206 674 perse,
2236 588 2297 652 in
2330 588 2541 676 aliqua
2574 590 2755 653 Con-

447 677 792 742 vocacione
823 675 976 739 cleri
1003 674 1330 763 utriusque
1351 676 1700 740 earundem
1736 675 2211 739 provinciarum
2237 698 2493 740 exnunc
2518 694 2760 739 conce-

443 758 700 841 dendiS,
731 774 797 828 et
826 763 910 825 de
939 762 1092 847 ipsis
1125 784 1296 826 nunc
1359 760 1583 827 Priore
1614 776 1679 825 et
1714 762 2082 839 Conventu,
2130 784 2243 826 seu
2274 764 2753 827 successoribus

445 856 598 928 ειιίε,
632 872 744 914 εει]
776 847 859 913 de
888 849 987 912 vel
1022 868 1141 933 pro
1173 848 1375 924 terris,
1414 846 1812 926 tenementis,
1866 846 2086 925 cellis,
2121 848 2427 926 ecclesiis,
2459 848 2756 932 capellis,

443 936 549 1003 vel
593 936 732 1001 aliis
761 933 1262 1020 possessionibus
1301 932 1429 997 suis
1479 932 1914 1019 spiritualibus
1943 933 2473 1034 quibuscumque,
2504 946 2617 999 aut
2662 936 2753 999 de

444 1024 546 1091 vel
585 1044 708 1109 pro
760 1020 1219 1106 temporalibus
1269 1018 1396 1083 suis
1447 1019 1884 1106 spiritualibus
1934 1022 2065 1083 suis
2130 1042 2416 1099 annexis,
2472 1016 2763 1097 racione,

441 1111 660 1176 colore
689 1122 804 1173 aut
851 1121 1151 1193 pretextu
1198 1108 1466 1190 alicujus
1498 1106 1950 1182 concessionis,
1994 1106 2199 1185 nobis,
2246 1106 2611 1171 haeredibus
2634 1120 2758 1171 aut

442 1194 915 1263 successoribus
967 1195 1200 1258 nostris
1259 1215 1375 1277 per
1415 1194 1656 1257 clerum
1708 1190 2034 1278 utriusque
2084 1193 2565 1257 Provinciarum
2628 1216 2753 1257 ex-

446 1304 617 1349 nunc
678 1280 934 1357 fiendae,
990 1280 1347 1365 aliqualiter
1398 1278 1714 1355 levandas,
1780 1277 1909 1342 sint
1962 1277 2163 1364 quieti
2216 1294 2285 1343 et
2334 1280 2586 1364 penitus
2634 1302 2747 1343 ex·

447 1366 714 1445 onerati,
777 1380 931 1450 erga
999 1387 1139 1443 noS,
1202 1362 1472 1431 heredes
1546 1377 1615 1429 et
1690 1386 2085 1428 successores
2154 1380 2413 1430 nostros
2488 1387 2755 1429 exnunc

447 1457 917 1539 imperpetuum
1006 1473 1131 1536 per,
1203 1465 1579 1537 praesenteS,
1666 1472 2051 1536 quamquam
2139 1451 2334 1515 iidem
2414 1451 2602 1515 Prior
2678 1468 2753 1515 et

452 1544 832 1608 Conventus
895 1538 997 1603 vel
1053 1558 1444 1602 successores
1504 1538 1622 1614 sui,
1696 1559 1807 1601 seu
1854 1537 2027 1601 idem
2094 1537 2279 1601 Prior
2337 1559 2455 1623 per
2516 1561 2584 1602 se
2646 1538 2755 1601 vel

447 1648 842 1693 successores
922 1625 1018 1688 sui
1105 1623 1418 1711 aliquibus
1499 1622 1863 1707 hujusmodi
1946 1622 2461 1689 concessionibus
2526 1638 2751 1709 partes

443 1727 740 1799 agentes,
805 1711 1246 1787 concedentes,
1305 1731 1416 1773 εει]
1490 1709 1973 1774 consencientes
2024 1710 2261 1775 fuerint
2302 1710 2371 1776 in
2430 1709 2749 1778 futurum.

449 1802 540 1867 Et
607 1798 894 1875 ulterius,
949 1797 1032 1861 de
1093 1795 1384 1881 ampliori
1447 1794 1663 1879 gracia
1726 1808 1962 1872 nostra,
2032 1818 2118 1861 ex
2184 1818 2366 1863 mero
2438 1814 2619 1861 motu
2681 1812 2759 1861 et

445 1903 624 1953 certa
663 1886 938 1949 sciencia
976 1882 1209 1947 nostris
1249 1881 1595 1967 praedictiS,
1634 1882 2057 1947 concessimus
2102 1904 2221 1967 pro
2251 1884 2458 1961 nob1S,
2491 1878 2757 1947 heredi-

446 1974 568 2039 bus
613 1988 680 2037 et
730 1970 1196 2035 successoribus
1243 1971 1490 2046 nostris,
1538 1967 1779 2033 eisdem
1826 1990 1992 2032 nunc
2036 1967 2243 2033 Priori
2273 1984 2339 2034 et
2373 1971 2753 2035 Conventui

448 2074 516 2125 et
539 2056 1009 2124 successoribus
1041 2057 1193 2132 suis,
1229 2056 1403 2140 quod
1438 2054 1559 2139 ipsi
1586 2068 1655 2119 et
1682 2076 2075 2119 successores
2104 2054 2222 2132 sui,
2254 2069 2322 2121 et
2352 2056 2565 2121 Cenae-
2586 2079 2751 2132 suae,

445 2145 922 2232 imperpetuum
967 2143 1096 2205 sint
1139 2140 1337 2241 quieti
1369 2156 1436 2205 et
1465 2142 1796 2205 exonerati
1826 2142 1911 2205 de
1940 2140 2294 2205 collecione·
2322 2155 2389 2205 et
2418 2142 2751 2206 levaeione

449 2252 994 2319 quarumcumque
1045 2228 1437 2291 decimarum
1489 2240 1557 2290 et
1608 2227 1949 2311 cujuslibet
1978 2229 2175 2311 partis
2205 2227 2621 2307 decimarum,
2670 2252 2753 2293 ac

447 2318 902 2393 subsidiorum,
923 2314 1329 2392 auxiliorum,
1357 2326 1721 2401 quotarum,
1756 2328 1824 2377 et
1848 2314 2405 2377 contribucionum
2436 2336 2748 2400 quorum-

447 2426 740 2491 cumque,
775 2403 978 2479 nobiS,
1012 2400 1358 2467 heredibus
1403 2416 1517 2464 aut
1560 2400 2031 2464 successoribus
2060 2400 2291 2465 nostris
2321 2422 2439 2485 per
2474 2400 2755 2465 Clerum·

447 2492 776 2578 utriusque
813 2488 1288 2553 Provinciarum
1337 2486 1791 2572 praedictarum
1836 2484 2251 2571 imposterum
2290 2486 2751 2551 concedendo-

449 2600 616 2657 rum,
667 2590 737 2643 et
788 2576 961 2662 quod
1017 2576 1162 2640 licet
1209 2574 1381 2638 idem
1435 2596 1605 2637 nunc
1638 2572 1826 2637 Prior
1874 2596 1985 2638 seu
2033 2594 2431 2638 successores
2476 2574 2595 2651 sui,
2628 2596 2747 2637 seu

450 2667 654 2731 Cellae
685 2686 838 2741 suae,
885 2684 997 2725 seu
1043 2682 1266 2725 eorum
1313 2659 1539 2746 aliquis
1584 2659 1669 2723 ad
1712 2659 2161 2724 colleccionem
2192 2682 2305 2725 seu
2346 2660 2745 2724 levacionem

445 2752 810 2818 hu'usmodi
840 2747 1228 2813 decimarum
1260 2769 1370 2811 εει]
1403 2746 1688 2833 parcium
1719 2745 2129 2823 decimarum,
2152 2762 2265 2811 aut
2291 2744 2561 2811 aliorum
2592 2748 2751 2811 sub-

444 2776 774 2915 sidiorum,
825 2834 1233 2910 auxiliorum,
1291 2849 1653 2921 quotarum,
1710 2845 1778 2897 et
1828 2833 2383 2897 contribucionum
2436 2854 2749 2919 quorum-

444 2947 741 3011 cumque,
775 2922 983 2999 nobis,
1018 2921 1360 2985 heredibus
1407 2934 1519 2984 aut
1566 2918 2035 2984 successoribus
2066 2920 2293 2983 nostris
2324 2942 2441 3004 per
2472 2920 2748 2985 Clerum

444 3014 773 3098 utriusque
809 3006 1283 3075 provinciarum
1331 3006 1783 3090 praedictarum
1829 3005 2245 3091 imposterum
2292 3007 2752 3071 concedenda-

445 3120 588 3166 rum
618 3119 704 3163 ex
733 3117 922 3173 nunc,
957 3116 1073 3179 per
1125 3116 1239 3158 nos
1291 3115 1402 3158 seu
1457 3093 1651 3157 alium
1684 3114 2176 3180 quemcumque,
2212 3112 2321 3157 seu
2360 3093 2518 3157 alios
2548 3114 2753 3180 quos-

446 3207 736 3271 cumque,
787 3183 1224 3258 nominentur,
1274 3180 1687 3265 deputentur,
1738 3202 1852 3244 εει]
1904 3179 2263 3264 aliqualiter
2308 3181 2743 3263 assignentur,

443 3271 830 3346 nominetur,
855 3269 1226 3351 deputetur,
1251 3290 1362 3331 εει]
1383 3266 1745 3353 aliqualiter
1772 3266 2151 3353 assignetur,
2172 3267 2347 3352 quod
2374 3266 2488 3350 ipsi
2522 3280 2750 3332 tamen

443 3360 534 3423 sic
564 3354 893 3431 nominati,
940 3353 1232 3439 deputati
1278 3354 1376 3418 vel
1424 3351 1722 3437 assignati
1756 3352 1841 3415 ad
1884 3353 2251 3437 hujusmodi
2282 3353 2745 3419 colleccionem

443 3446 577 3509 sive
617 3438 1013 3507 levacionem
1058 3438 1414 3504 faciendam
1469 3439 1649 3503 nullo
1696 3438 1890 3502 modo
1940 3450 2299 3515 teneantur,
2346 3460 2465 3503 nec
2510 3462 2753 3505 eorum

445 3528 674 3616 aliquis
704 3528 786 3593 ad
819 3526 943 3589 hoc
971 3524 1330 3589 faciendum
1361 3526 1589 3611 quovis
1620 3526 1817 3589 modo
1846 3540 2161 3591 teneatur.
2254 3526 2342 3590 Et
2371 3526 2547 3613 quod
2580 3526 2743 3592 licet

441 3616 581 3703 ipsi,
616 3638 728 3680 seu
753 3612 910 3699 ipse,
935 3611 1154 3675 taliter
1174 3612 1508 3687 nominati,
1542 3610 1834 3697 deputati
1858 3613 1990 3677 sive
2018 3612 2343 3697 assignati,
2370 3612 2748 3677 nominatus

443 3706 790 3789 deputatus
820 3698 952 3762 sive
987 3700 1362 3781 assignatus,
1397 3698 1760 3783 hujusmodi
1803 3698 2254 3764 colleccionem
2292 3700 2425 3764 sive
2458 3700 2747 3764 l'evacio-

442 3813 591 3856 nem
620 3810 814 3875 super
840 3808 910 3850 se
933 3807 1255 3851 assumere
1279 3788 1735 3862 recusaverint,
1756 3808 1865 3851 seu
1896 3788 2308 3863 recusaverit,
2340 3786 2516 3873 quod
2540 3786 2742 3852 iidem

443 3892 657 3945 tamen
688 3875 902 3941 taliter
929 3885 1316 3949 recusantes,
1349 3894 1424 3935 ac
1471 3871 1606 3958 ipse
1649 3874 1739 3937 sic
1769 3894 2089 3950 recusam,
2124 3873 2369 3937 nullum
2402 3887 2743 3958 contemp-

443 3980 603 4042 tum,
637 3964 984 4047 dampnum
1011 3982 1120 4024 seu
1143 3958 1549 4043 deperditum
1568 3980 1720 4044 erga
1742 3981 1878 4037 nos,
1905 3960 2172 4024 heredes
2196 3974 2307 4025 aut
2335 3982 2740 4027 successores

443 4066 720 4126 nostros,
743 4072 822 4114 ea
849 4048 933 4113 de
959 4069 1154 4112 causa
1185 4046 1513 4111 incurrant
1544 4047 1640 4110 vel
1676 4048 1998 4122 incurrat3
2042 4046 2159 4110 sed
2186 4046 2313 4111 sint
2343 4046 2463 4133 ipsi
2492 4061 2562 4112 et
2590 4070 2743 4111 suc-

444 4160 729 4205 cessores
780 4136 898 4212 sui,
949 4147 1014 4199 et
1067 4156 1287 4199 eorum
1334 4134 1627 4221 quilibet,
1660 4134 1741 4198 de
1774 4133 2276 4220 quibuscumque
2308 4134 2742 4219 impeticioni-

444 4229 586 4302 bus,
621 4222 1150 4298 districcionibus,
1185 4220 1441 4295 finibuS‚
1477 4223 1967 4306 contemptibuS,
2000 4220 2371 4307 deperditiS,
2407 4236 2473 4285 et
2500 4245 2737 4309 grava-

443 4311 740 4387 minibus,
763 4310 852 4373 eis
882 4332 991 4372 seu
1018 4330 1243 4373 eorum
1262 4307 1451 4371 alicui
1473 4330 1559 4371 ex
1583 4307 1947 4392 hujusmodi
1964 4330 2155 4372 causa
2174 4308 2738 4396 qualitercumque

443 4396 754 4465 faciendis
797 4416 910 4459 seu
956 4394 1360 4479 imponendis
1405 4396 1531 4458 sint
1576 4393 1915 4459 exonerati
1960 4395 2213 4479 penitus
2259 4409 2327 4460 et
2372 4394 2598 4481 quieti,
2650 4400 2739 4464 sit

441 4494 826 4553 exoneratus
871 4480 1126 4565 penitus
1171 4495 1238 4547 et
1283 4481 1535 4569 quietus
1574 4502 1731 4566 erga
1760 4504 1899 4561 ιιοε,
1933 4482 2206 4549 heredes
2237 4497 2305 4549 et
2334 4504 2739 4550 successores
