3000 5117
533 438 724 511 xxxii
1004 464 1208 514 msr.
1242 464 1600 515 DUNELM.
1642 464 2107 516 semri-onus
2137 466 2352 521 rans.

526 620 699 698 ham,
755 635 822 687 et
872 625 1168 689 omnibus
1216 625 1565 691 baronibus
1611 636 1678 691 et
1717 626 2014 692 fidelibus
2044 629 2173 692 suis
2203 630 2286 696 de
2321 630 2620 699 Eboraco
2649 650 2718 701 et
2747 636 2825 702 de

530 707 1100 797 Notinghamscira
1128 712 1419 779 salutem.
1517 713 1686 777 Volo
1716 727 1784 777 et
1813 716 2103 781 concedo
2133 730 2202 780 et
2229 718 2498 784 firmiter
2525 724 2827 809 praecipio

524 796 703 881 quod
732 810 990 861 sauctus
1015 798 1413 863 Cuthbertus
1444 811 1511 863 et
1541 800 1841 865 monachi
1871 801 1970 865 sui
2001 804 2084 867 de
2109 804 2444 870 Dunelmo
2475 808 2642 874 bene
2675 813 2827 875 etin

522 902 683 966 pace
711 896 779 947 et
808 884 1025 971 quiete
1055 899 1122 949 et
1151 885 1510 950 honorifice
1541 899 1807 951 teneant
1837 910 1877 951 a
1905 887 2103 953 modo
2127 892 2189 952 in
2215 908 2603 979 perpetuum
2630 910 2828 961 terras

524 981 593 1032 et
623 969 993 1036 molendina
1024 986 1090 1037 et
1122 971 1341 1036 omnia
1368 994 1518 1059 quae
1548 975 1615 1037 in
1646 972 2214 1059 Notinghamscira
2240 978 2480 1045 habent
2509 996 2575 1045 et
2607 996 2830 1049 tenent

524 1057 945 1123 concessione
992 1080 1175 1134 mea3
1224 1058 1390 1123 sicut
1432 1073 1614 1125 carta
1656 1082 1802 1125 mea
1845 1074 2141 1141 testatur,
2173 1086 2380 1151 quam.
2401 1090 2526 1151 ego
2557 1069 2826 1148 firmavi,

523 1162 718 1291 <luam
774 1144 1031 1211 habent.
1150 1144 1239 1210 Et
1284 1168 1324 1211 a
1370 1146 1568 1211 modo
1615 1170 1747 1211 non
1841 1161 2122 1213 onantur
2167 1150 2322 1216 inde
2372 1152 2442 1219 in
2495 1154 2828 1239 placitum.

528 1228 545 1250 '
590 1230 837 1295 estibus
895 1232 1185 1298 Roberto
1230 1232 1556 1317 Episcopo
1590 1234 1796 1298 Linco
1822 1236 2024 1313 riensi,
2059 1249 2124 1301 et
2159 1237 2420 1323 Nigello
2449 1240 2535 1306 de
2567 1243 2828 1307 Albinn’

522 1328 589 1378 et
628 1315 947 1414 ⁸Willelruo
976 1319 1059 1383 de
1089 1318 1313 1396 Tauc’,
1346 1334 1412 1383 et
1448 1320 1799 1406 Radulpho
1837 1321 2085 1387 Basset.
2155 1325 2354 1409 Apud
2395 1326 2833 1396 Westmonas-

528 1414 779 1467 tenum.

698 1697 853 1745 XXV.
908 1698 1129 1741 CARTA
1176 1697 1473 1742 mmmm
1523 1696 1727 1741 PRIMI
1769 1696 1858 1739 DE
1903 1696 2294 1741 Lmnn‘rATE
2337 1700 2656 1745 CALUMP-

742 1784 1025 1828 MARUM
1058 1785 1337 1830 CONTRA
1370 1783 1904 1828 NORTHUMBROS
1936 1783 2120 1827 APUD
2155 1784 2605 1831 No'rmGnAM.

1448 1902 1622 1968 [Cart.
1647 1900 1696 1952 1.
1718 1900 1756 1951 f.
1785 1901 1896 1964 aa]

612 2021 757 2105 Ego
804 2019 1298 2086 Henricus·Dei
1326 2020 1546 2108 gracia
1583 2018 1727 2083 Rex
1758 2019 2153 2105 Anglorum,
2173 2019 2340 2084 filius
2369 2022 2588 2106 magni
2623 2022 2830 2107 Regis

522 2107 891 2186 willielmi,
937 2111 1050 2195 qui
1093 2111 1305 2174 beatae
1350 2106 1679 2171 memoriae
1730 2106 1895 2189 Regi
1930 2105 2254 2171 Edwardo
2284 2107 2348 2171 in
2381 2130 2652 2193 regnum
2683 2132 2833 2174 suc-

518 2196 729 2272 cessit,
786 2208 1009 2271 terras,
1057 2195 1299 2260 scilicet
1350 2193 1663 2258 Burdune
1709 2204 1776 2256 et
1827 2193 2181 2257 Carlenton
2227 2207 2295 2257 et
2344 2194 2630 2273 Heaclif,
2664 2218 2830 2283 quas

517 2281 812 2346 homines
839 2282 1421 2359 NorhumbrenseS,
1439 2281 1523 2345 de
1554 2281 1866 2344 comitatu
1900 2302 2040 2345 esse
2071 2281 2381 2360 dicenteS,
2414 2304 2610 2381 super
2639 2306 2833 2347 sanc-

517 2386 658 2433 tum
710 2368 1147 2434 Cuthbertum
1190 2381 1259 2435 et
1309 2367 1725 2453 Ranulphum
1778 2366 2152 2453 episcopum
2195 2367 2825 2453 calumpniabantur,

520 2454 672 2520 Deo
701 2468 770 2520 et
799 2470 1024 2521 sancto
1058 2457 1445 2533 Cuthberto,
1478 2470 1547 2519 et
1575 2452 1862 2518 ecclesioe
1899 2454 2344 2531 Dunelmensi,
2377 2468 2445 2519 et
2478 2455 2828 2542 Ranulpho

518 2541 862 2627 Episcopo,
914 2557 980 2608 et
1028 2543 1321 2608 omnibus
1366 2540 1836 2607 successoribus
1877 2541 2008 2605 suis
2054 2541 2162 2619 do,
2205 2542 2458 2628 quietas
2489 2555 2554 2607 et
2583 2542 2827 2608 liberas

514 2643 837 2716 perpetuo
882 2630 1257 2706 habendas3
1306 2630 1469 2693 sicut
1511 2642 1769 2692 sanctus
1821 2628 2216 2693 Cuthbertus
2263 2629 2458 2693 habet
2489 2652 2634 2693 suas
2663 2630 2826 2695 alias

515 2727 740 2797 terras,
767 2738 913 2817 quae
941 2718 1268 2803 pertinent
1292 2717 1374 2781 ad
1398 2714 1733 2781 ecclesiam
1757 2737 1962 2793 suam,
1990 2715 2215 2779 melius
2238 2714 2502 2802 quietam
2568 2717 2830 2782 Praeter

513 2802 655 2868 haec
708 2825 909 2868 eciam
957 2804 1559 2889 calumpniabantur
1610 2800 2172 2867 Norhumbrenses
2228 2802 2464 2868 Franci
2507 2817 2576 2868 et
2617 2805 2826 2893 Angli

512 2912 631 2975 per
652 2912 904 2957 cursum
938 2892 1023 2956 ad
1048 2891 1409 2956 venandum
1443 2890 1508 2955 in
1537 2888 1709 2952 silvis
1739 2888 1939 2954 sancti
1976 2889 2322 2954 Cuthberti
2353 2890 2521 2954 inter
2552 2890 2825 2955 Teisam

514 2990 580 3041 et
628 2976 881 3056 Tinam,
932 2994 1001 3043 et
1046 3002 1167 3079 pro
1212 3000 1343 3042 uno
1387 2974 1656 3041 denario
1701 2974 1892 3041 licere
1923 2976 2044 3041 sibi
2074 2975 2312 3041 habere
2339 2976 2516 3061 ligna
2544 2976 2609 3039 in
2641 2977 2823 3044 silvis

516 3064 731 3130 Sancti
782 3066 1105 3153 praedicti,
1157 3078 1468 3152 quantum
1517 3083 1650 3127 uno
1697 3084 1888 3129 curru
1943 3062 2090 3127 vehi
2135 3077 2349 3149 potest
2393 3086 2508 3148 per
2549 3086 2820 3129 anuum.

519 3152 1141 3239 Calumpniabantur
1186 3155 1389 3219 eciam
1434 3174 1554 3237 pro
1595 3170 1726 3215 uno
1772 3172 2040 3215 nummo
2084 3150 2322 3215 debere
2349 3150 2589 3215 habere
2617 3172 2822 3239 quam

509 3243 814 3325 majorem
848 3240 1161 3324 eligerent
1190 3241 1487 3304 arborem
1518 3240 1582 3302 in
1607 3236 1849 3303 eisdem
1875 3236 2047 3302 silvis
2069 3238 2154 3302 ad
2177 3259 2406 3302 navem
2429 3236 2816 3307 faciendam.

514 3326 822 3391 Similiter
864 3328 1063 3389 eciam
1112 3326 1712 3411 calumpniabantur
1747 3324 2244 3390 consuetudines
2275 3324 2340 3388 in
2371 3324 2554 3411 aquis
2588 3326 2820 3390 Sancti

518 3412 867 3475 Cuthberti
911 3413 995 3477 de
1042 3412 1234 3477 Tina.
1328 3413 1512 3490 Quas
1557 3435 1780 3478 omnes
1825 3411 2326 3477 consuetudines
2357 3425 2425 3476 et
2455 3434 2678 3477 earum
2709 3434 2820 3477 ca-

507 3497 822 3582 lumpnias
876 3498 1297 3563 ditacionavit
1350 3500 1653 3565 adversus
1699 3500 1842 3564 illos
1902 3498 2283 3585 Ranulphus
2337 3498 2701 3584 Episcopus
2749 3501 2816 3563 in

506 3605 655 3648 mea
682 3598 750 3648 et
788 3583 1110 3651 Baronum
1136 3607 1423 3650 meorum
1456 3586 1826 3671 praesencia.
1919 3582 2007 3649 Et
2029 3608 2067 3650 e
2179 3608 2285 3651 eas
2305 3587 2457 3650 Deo
2477 3600 2544 3650 et
2568 3588 2816 3651 Sancto

513 3671 879 3736 Cuthberto
910 3685 978 3738 et
1008 3672 1294 3738 ecclesiae
1329 3673 1752 3739 Dunelmensi
1783 3688 1852 3738 et
1881 3673 2066 3737 Ranu
2095 3673 2230 3757 pho
2251 3671 2555 3757 episcopo
2577 3686 2648 3736 et
2677 3695 2817 3737 om-

504 3757 691 3824 nibus
722 3760 1191 3825 successoribus
1221 3760 1348 3824 suis
1379 3762 1644 3826 omnino
1685 3760 1935 3849 quietas
1965 3772 2035 3824 et
2065 3760 2296 3824 liberas
2339 3759 2814 3843 imperpetuum

504 3847 812 3911 concedo·
910 3848 1079 3912 Haec
1110 3847 1385 3912 donacio
1413 3847 1584 3913 facta
1613 3862 1712 3912 est
1743 3869 1912 3912 auno
1942 3848 2026 3911 ab
2057 3844 2506 3911 incarnacione
2541 3846 2813 3911 Domini

505 3934 843 3999 millesimo
896 3934 1023 4013 cix,
1081 3933 1147 3998 in
1211 3933 1507 3999 Concilio
1566 3935 1771 4000 tocius
1832 3934 2091 4019 Angliae
2150 3932 2320 4019 apud
2389 3931 2815 4017 Notingham.

504 4020 809 4086 Testibus
841 4021 1102 4086 Thoma
1160 4021 1660 4107 Archiepiscopo
1695 4022 2110 4097 Eboracensi,
2143 4035 2209 4085 et
2245 4018 2530 4083 Ricardo
2567 4018 2817 4084 Londi-

503 4109 708 4172 niensi
757 4110 1081 4194 episcopo,
1115 4121 1179 4173 et
1234 4107 1572 4173 willielmo
1621 4108 1973 4173 Exoniensi
2003 4106 2332 4192 episcop0,
2366 4119 2435 4172 et
2469 4106 2815 4171 Rodberto

507 4196 857 4259 Cestriensi
892 4196 1237 4282 EpiscopO,
1272 4209 1335 4259 et
1374 4194 1700 4261 Herberto
1737 4193 2132 4259 Norwicensi
2166 4192 2510 4278 Episcop0‚
2538 4207 2607 4257 et
2635 4192 2821 4258 Her-

502 4282 647 4346 veio
704 4282 945 4346 Eliensi
1000 4282 1341 4367 Episcop0‚
1375 4295 1442 4345 et
1495 4282 1774 4347 Giberto
1823 4282 2084 4346 Abbate
2141 4279 2715 4358 westmonasterii,
2749 4294 2820 4345 et

506 4367 846 4434 Rodberto
891 4369 1124 4434 comite
1173 4369 1255 4433 de
1292 4368 1471 4446 Mel’,
1507 4384 1574 4434 et
1610 4368 1950 4433 Willielmo
1979 4367 2062 4432 de
2097 4366 2373 4441 wan-an,
2408 4380 2474 4431 et
2509 4366 2822 4432 Gilberto

502 4458 583 4522 de
621 4458 876 4545 Aquila,
906 4470 971 4523 et
999 4454 1259 4541 Nigello
1290 4456 1373 4521 de
1410 4457 1666 4535 Alben’‚
1695 4468 1762 4521 et
1793 4454 2139 4522 Rodberto
2167 4454 2253 4545 gie
2278 4454 2544 4533 Laceio,
2570 4467 2638 4519 et
2675 4452 2826 4519 Un-
