<?xml version="1.0" encoding="UTF-8"?>
<!DOCTYPE html PUBLIC "-//W3C//DTD XHTML 1.0 Transitional//EN"
    "http://www.w3.org/TR/xhtml1/DTD/xhtml1-transitional.dtd">
<html xmlns="http://www.w3.org/1999/xhtml" xml:lang="en" lang="en">
 <head>
  <title>
</title>
<meta http-equiv="Content-Type" content="text/html;charset=utf-8" />
  <meta name='ocr-system' content='tesseract 3.04.00' />
  <meta name='ocr-capabilities' content='ocr_page ocr_carea ocr_par ocr_line ocrx_word'/>
</head>
<body>
  <div class='ocr_page' id='page_1' title='image "./historiaedunelm00raingoog_0160.png"; bbox 0 0 3000 5117; ppageno 0'>
   <div class='ocr_carea' id='block_1_1' title="bbox 451 473 2297 550">
    <p class='ocr_par' dir='ltr' id='par_1_1' title="bbox 451 473 2297 550">
     <span class='ocr_line' id='line_1_1' title="bbox 451 473 2297 550; baseline -0.005 -2"><span class='ocrx_word' id='word_1_1' title='bbox 451 473 554 550; x_wconf 78' lang='lat'><strong>94</strong></span> <span class='ocrx_word' id='word_1_2' title='bbox 929 491 1149 544; x_wconf 58' lang='lat' dir='ltr'><strong>mss«</strong></span> <span class='ocrx_word' id='word_1_3' title='bbox 1175 485 1539 543; x_wconf 65' lang='lat' dir='ltr'><strong>numum.</strong></span> <span class='ocrx_word' id='word_1_4' title='bbox 1582 485 2041 540; x_wconf 64' lang='lat' dir='ltr'><strong>scam-roam</strong></span> <span class='ocrx_word' id='word_1_5' title='bbox 2080 487 2297 541; x_wconf 74' lang='lat' dir='ltr'><strong>rans.</strong></span> 
     </span>
    </p>
   </div>
   <div class='ocr_carea' id='block_1_2' title="bbox 627 957 2571 1099">
    <p class='ocr_par' dir='ltr' id='par_1_2' title="bbox 627 957 2571 1099">
     <span class='ocr_line' id='line_1_2' title="bbox 627 957 2571 1014; baseline -0.001 -6"><span class='ocrx_word' id='word_1_6' title='bbox 627 963 782 1012; x_wconf 73' lang='lat' dir='ltr'><strong>cAP.</strong></span> <span class='ocrx_word' id='word_1_7' title='bbox 825 957 1030 1011; x_wconf 64' lang='lat' dir='ltr'>XXXV.</span> <span class='ocrx_word' id='word_1_8' title='bbox 1124 963 1472 1014; x_wconf 75' lang='lat' dir='ltr'><strong>QUOMODO</strong></span> <span class='ocrx_word' id='word_1_9' title='bbox 1538 964 1687 1008; x_wconf 75' lang='lat'>18&#39;1&#39;13</span> <span class='ocrx_word' id='word_1_10' title='bbox 1752 957 2095 1010; x_wconf 71' lang='lat' dir='ltr'><strong>meanDus</strong></span> <span class='ocrx_word' id='word_1_11' title='bbox 2158 961 2234 1007; x_wconf 77' lang='lat' dir='ltr'><strong>m</strong></span> <span class='ocrx_word' id='word_1_12' title='bbox 2298 957 2571 1008; x_wconf 73' lang='lat' dir='ltr'><strong>EPlsco-</strong></span> 
     </span>
     <span class='ocr_line' id='line_1_3' title="bbox 1278 1049 1910 1099; baseline 0.006 -5"><span class='ocrx_word' id='word_1_13' title='bbox 1278 1051 1454 1094; x_wconf 76' lang='lat' dir='ltr'>PATU</span> <span class='ocrx_word' id='word_1_14' title='bbox 1499 1051 1577 1094; x_wconf 76' lang='lat' dir='ltr'><strong>SE</strong></span> <span class='ocrx_word' id='word_1_15' title='bbox 1622 1049 1910 1099; x_wconf 66' lang='lat' dir='ltr'><strong>nanurl&#39;.</strong></span> 
     </span>
    </p>
   </div>
   <div class='ocr_carea' id='block_1_3' title="bbox 1199 1183 2038 1255">
    <p class='ocr_par' dir='ltr' id='par_1_3' title="bbox 1199 1183 2038 1255">
     <span class='ocr_line' id='line_1_4' title="bbox 1199 1183 2038 1255; baseline -0.001 -16"><span class='ocrx_word' id='word_1_16' title='bbox 1199 1183 1350 1254; x_wconf 72' lang='grc' dir='ltr'><strong>[ΜΒ.</strong></span> <span class='ocrx_word' id='word_1_17' title='bbox 1387 1183 1517 1255; x_wconf 72' lang='lat' dir='ltr'><strong>Cap-</strong></span> <span class='ocrx_word' id='word_1_18' title='bbox 1550 1199 1792 1239; x_wconf 67' lang='lat' dir='ltr'><strong>ctxvm.</strong></span> <span class='ocrx_word' id='word_1_19' title='bbox 1824 1186 1859 1238; x_wconf 86' lang='lat' dir='ltr'><strong>f.</strong></span> <span class='ocrx_word' id='word_1_20' title='bbox 1894 1187 2038 1252; x_wconf 63' lang='lat'><strong>208]</strong></span> 
     </span>
    </p>
   </div>
   <div class='ocr_carea' id='block_1_4' title="bbox 429 1321 2752 4544">
    <p class='ocr_par' dir='ltr' id='par_1_4' title="bbox 437 1321 2752 2730">
     <span class='ocr_line' id='line_1_5' title="bbox 523 1321 2752 1413; baseline -0.002 -18"><span class='ocrx_word' id='word_1_21' title='bbox 523 1326 994 1408; x_wconf 66' lang='lat' dir='ltr'><strong>[Omissa-atus</strong></span> <span class='ocrx_word' id='word_1_22' title='bbox 1033 1327 1264 1412; x_wconf 82' lang='lat' dir='ltr'><strong>igitur]</strong></span> <span class='ocrx_word' id='word_1_23' title='bbox 1313 1326 1629 1392; x_wconf 78' lang='lat' dir='ltr'><strong>Ricardus</strong></span> <span class='ocrx_word' id='word_1_24' title='bbox 1666 1331 1771 1406; x_wconf 89' lang='lat' dir='ltr'><strong>[et</strong></span> <span class='ocrx_word' id='word_1_25' title='bbox 1800 1321 2246 1413; x_wconf 81' lang='lat' dir='ltr'><strong>intronizatus]</strong></span> <span class='ocrx_word' id='word_1_26' title='bbox 2280 1341 2535 1412; x_wconf 79' lang='lat' dir='ltr'><strong>semper</strong></span> <span class='ocrx_word' id='word_1_27' title='bbox 2562 1321 2752 1392; x_wconf 80' lang='lat' dir='ltr'><strong>sami&#39;-</strong></span> 
     </span>
     <span class='ocr_line' id='line_1_6' title="bbox 443 1411 2745 1498; baseline -0 -18"><span class='ocrx_word' id='word_1_28' title='bbox 443 1415 684 1480; x_wconf 89' lang='lat' dir='ltr'><strong>liariter</strong></span> <span class='ocrx_word' id='word_1_29' title='bbox 729 1435 885 1498; x_wconf 80' lang='lat' dir='ltr'><strong>erga</strong></span> <span class='ocrx_word' id='word_1_30' title='bbox 931 1415 1276 1479; x_wconf 81' lang='lat' dir='ltr'><strong>monachos</strong></span> <span class='ocrx_word' id='word_1_31' title='bbox 1327 1435 1396 1478; x_wconf 79' lang='lat' dir='ltr'><strong>se</strong></span> <span class='ocrx_word' id='word_1_32' title='bbox 1449 1411 1697 1492; x_wconf 81' lang='lat' dir='ltr'><strong>habuit,</strong></span> <span class='ocrx_word' id='word_1_33' title='bbox 1736 1414 1924 1480; x_wconf 80' lang='lat' dir='ltr'><strong>laetus</strong></span> <span class='ocrx_word' id='word_1_34' title='bbox 1972 1413 2056 1478; x_wconf 87' lang='lat' dir='ltr'><strong>de</strong></span> <span class='ocrx_word' id='word_1_35' title='bbox 2100 1432 2327 1478; x_wconf 87' lang='lat' dir='ltr'><strong>eorum</strong></span> <span class='ocrx_word' id='word_1_36' title='bbox 2372 1415 2745 1498; x_wconf 76' lang='lat' dir='ltr'><strong>praesentia,</strong></span> 
     </span>
     <span class='ocr_line' id='line_1_7' title="bbox 443 1497 2751 1587; baseline -0 -22"><span class='ocrx_word' id='word_1_37' title='bbox 443 1515 574 1566; x_wconf 85' lang='lat' dir='ltr'><strong>tres</strong></span> <span class='ocrx_word' id='word_1_38' title='bbox 604 1501 710 1567; x_wconf 86' lang='lat' dir='ltr'><strong>vel</strong></span> <span class='ocrx_word' id='word_1_39' title='bbox 752 1515 1030 1587; x_wconf 86' lang='lat' dir='ltr'><strong>quatuor</strong></span> <span class='ocrx_word' id='word_1_40' title='bbox 1075 1497 1380 1566; x_wconf 80' lang='lat' dir='ltr'>continue</span> <span class='ocrx_word' id='word_1_41' title='bbox 1407 1519 1625 1565; x_wconf 87' lang='lat' dir='ltr'><strong>secum</strong></span> <span class='ocrx_word' id='word_1_42' title='bbox 1660 1514 1924 1576; x_wconf 78' lang='lat' dir='ltr'><strong>tenens3</strong></span> <span class='ocrx_word' id='word_1_43' title='bbox 1968 1517 2245 1587; x_wconf 85' lang='lat' dir='ltr'><strong>quorum</strong></span> <span class='ocrx_word' id='word_1_44' title='bbox 2284 1515 2449 1563; x_wconf 85' lang='lat' dir='ltr'><strong>unus</strong></span> <span class='ocrx_word' id='word_1_45' title='bbox 2492 1503 2751 1566; x_wconf 85' lang='lat' dir='ltr'><strong>cancel-</strong></span> 
     </span>
     <span class='ocr_line' id='line_1_8' title="bbox 441 1583 2749 1672; baseline 0 -19"><span class='ocrx_word' id='word_1_46' title='bbox 441 1588 661 1667; x_wconf 80' lang='lat' dir='ltr'><strong>larius,</strong></span> <span class='ocrx_word' id='word_1_47' title='bbox 707 1603 776 1653; x_wconf 89' lang='lat' dir='ltr'><strong>et</strong></span> <span class='ocrx_word' id='word_1_48' title='bbox 809 1587 973 1652; x_wconf 88' lang='lat' dir='ltr'><strong>alter</strong></span> <span class='ocrx_word' id='word_1_49' title='bbox 1019 1587 1470 1666; x_wconf 76' lang='lat' dir='ltr'><strong>seneschallus,</strong></span> <span class='ocrx_word' id='word_1_50' title='bbox 1516 1588 1603 1652; x_wconf 89' lang='lat' dir='ltr'><strong>de</strong></span> <span class='ocrx_word' id='word_1_51' title='bbox 1662 1588 1959 1652; x_wconf 83' lang='lat' dir='ltr'><strong>omnibus</strong></span> <span class='ocrx_word' id='word_1_52' title='bbox 2010 1583 2309 1672; x_wconf 80' lang='lat' dir='ltr'>expensis</span> <span class='ocrx_word' id='word_1_53' title='bbox 2354 1595 2419 1651; x_wconf 87' lang='lat' dir='ltr'><strong>et</strong></span> <span class='ocrx_word' id='word_1_54' title='bbox 2464 1588 2749 1672; x_wconf 70' lang='lat' dir='ltr'><strong>receptis</strong></span> 
     </span>
     <span class='ocr_line' id='line_1_9' title="bbox 447 1673 2750 1774; baseline 0 -35"><span class='ocrx_word' id='word_1_55' title='bbox 447 1677 695 1774; x_wconf 79' lang='lat' dir='ltr'><strong>[quasi]</strong></span> <span class='ocrx_word' id='word_1_56' title='bbox 747 1674 1137 1759; x_wconf 88' lang='lat' dir='ltr'><strong>superiorem</strong></span> <span class='ocrx_word' id='word_1_57' title='bbox 1183 1693 1402 1740; x_wconf 84' lang='lat' dir='ltr'><strong>curam</strong></span> <span class='ocrx_word' id='word_1_58' title='bbox 1451 1695 1701 1758; x_wconf 84' lang='lat' dir='ltr'><strong>gerens,</strong></span> <span class='ocrx_word' id='word_1_59' title='bbox 1735 1687 1803 1740; x_wconf 82' lang='lat' dir='ltr'><strong>et</strong></span> <span class='ocrx_word' id='word_1_60' title='bbox 1846 1673 2076 1738; x_wconf 85' lang='lat' dir='ltr'><strong>tertius</strong></span> <span class='ocrx_word' id='word_1_61' title='bbox 2118 1673 2450 1739; x_wconf 79' lang='lat' dir='ltr'><strong>confessor</strong></span> <span class='ocrx_word' id='word_1_62' title='bbox 2492 1676 2630 1758; x_wconf 90' lang='lat' dir='ltr'><strong>ejus</strong></span> <span class='ocrx_word' id='word_1_63' title='bbox 2676 1688 2750 1740; x_wconf 90' lang='lat' dir='ltr'><strong>et</strong></span> 
     </span>
     <span class='ocr_line' id='line_1_10' title="bbox 439 1759 2747 1846; baseline 0 -21"><span class='ocrx_word' id='word_1_64' title='bbox 439 1763 808 1825; x_wconf 76' lang='lat' dir='ltr'><strong>ministrans</strong></span> <span class='ocrx_word' id='word_1_65' title='bbox 851 1760 913 1826; x_wconf 91' lang='lat' dir='ltr'><strong>ei</strong></span> <span class='ocrx_word' id='word_1_66' title='bbox 957 1761 1022 1824; x_wconf 86' lang='lat' dir='ltr'><strong>iu</strong></span> <span class='ocrx_word' id='word_1_67' title='bbox 1066 1761 1278 1826; x_wconf 90' lang='lat' dir='ltr'><strong>officio</strong></span> <span class='ocrx_word' id='word_1_68' title='bbox 1323 1759 1545 1844; x_wconf 79' lang='lat' dir='ltr'><strong>divino</strong></span> <span class='ocrx_word' id='word_1_69' title='bbox 1589 1776 1747 1826; x_wconf 80' lang='lat' dir='ltr'><strong>erat.</strong></span> <span class='ocrx_word' id='word_1_70' title='bbox 1842 1759 2088 1825; x_wconf 83' lang='lat' dir='ltr'>Milites</span> <span class='ocrx_word' id='word_1_71' title='bbox 2132 1760 2216 1826; x_wconf 90' lang='lat' dir='ltr'><strong>de</strong></span> <span class='ocrx_word' id='word_1_72' title='bbox 2259 1761 2635 1846; x_wconf 86' lang='lat' dir='ltr'><strong>episcopatu</strong></span> <span class='ocrx_word' id='word_1_73' title='bbox 2673 1773 2747 1826; x_wconf 89' lang='lat' dir='ltr'><strong>et</strong></span> 
     </span>
     <span class='ocr_line' id='line_1_11' title="bbox 443 1845 2745 1934; baseline -0 -21"><span class='ocrx_word' id='word_1_74' title='bbox 443 1862 770 1913; x_wconf 85' lang='lat' dir='ltr'><strong>servantes</strong></span> <span class='ocrx_word' id='word_1_75' title='bbox 817 1847 997 1934; x_wconf 81' lang='lat' dir='ltr'><strong>quasi</strong></span> <span class='ocrx_word' id='word_1_76' title='bbox 1045 1869 1266 1912; x_wconf 82' lang='lat' dir='ltr'><strong>omnes</strong></span> <span class='ocrx_word' id='word_1_77' title='bbox 1319 1847 1403 1911; x_wconf 88' lang='lat' dir='ltr'><strong>ad</strong></span> <span class='ocrx_word' id='word_1_78' title='bbox 1453 1848 1644 1911; x_wconf 87' lang='lat' dir='ltr'><strong>robas</strong></span> <span class='ocrx_word' id='word_1_79' title='bbox 1691 1869 1836 1912; x_wconf 87' lang='lat' dir='ltr'><strong>suas</strong></span> <span class='ocrx_word' id='word_1_80' title='bbox 1886 1848 2117 1911; x_wconf 90' lang='lat' dir='ltr'><strong>tenuit.</strong></span> <span class='ocrx_word' id='word_1_81' title='bbox 2210 1845 2625 1932; x_wconf 84' lang='lat' dir='ltr'><strong>Rannlphum</strong></span> <span class='ocrx_word' id='word_1_82' title='bbox 2658 1849 2745 1913; x_wconf 72' lang='lat' dir='ltr'><strong>d²e</strong></span> 
     </span>
     <span class='ocr_line' id='line_1_12' title="bbox 441 1929 2747 2020; baseline -0 -21"><span class='ocrx_word' id='word_1_83' title='bbox 441 1935 635 2000; x_wconf 86' lang='lat' dir='ltr'><strong>Nova</strong></span> <span class='ocrx_word' id='word_1_84' title='bbox 663 1934 836 1999; x_wconf 87' lang='lat' dir='ltr'><strong>Villa</strong></span> <span class='ocrx_word' id='word_1_85' title='bbox 879 1955 999 2020; x_wconf 90' lang='lat' dir='ltr'><strong>pro</strong></span> <span class='ocrx_word' id='word_1_86' title='bbox 1035 1929 1278 1998; x_wconf 85' lang='lat' dir='ltr'><strong>incestu</strong></span> <span class='ocrx_word' id='word_1_87' title='bbox 1311 1955 1456 1998; x_wconf 89' lang='lat' dir='ltr'><strong>cum</strong></span> <span class='ocrx_word' id='word_1_88' title='bbox 1488 1934 1627 1998; x_wconf 89' lang='lat' dir='ltr'><strong>filia</strong></span> <span class='ocrx_word' id='word_1_89' title='bbox 1655 1933 1915 2018; x_wconf 86' lang='lat' dir='ltr'><strong>propria</strong></span> <span class='ocrx_word' id='word_1_90' title='bbox 1942 1933 2027 1997; x_wconf 88' lang='lat' dir='ltr'><strong>ad</strong></span> <span class='ocrx_word' id='word_1_91' title='bbox 2055 1933 2502 2019; x_wconf 89' lang='lat' dir='ltr'><strong>poenitentiam</strong></span> <span class='ocrx_word' id='word_1_92' title='bbox 2531 1935 2747 2020; x_wconf 83' lang='lat' dir='ltr'><strong>publi-</strong></span> 
     </span>
     <span class='ocr_line' id='line_1_13' title="bbox 441 2019 2747 2106; baseline -0.001 -20"><span class='ocrx_word' id='word_1_93' title='bbox 441 2043 584 2086; x_wconf 89' lang='lat' dir='ltr'><strong>cam</strong></span> <span class='ocrx_word' id='word_1_94' title='bbox 642 2020 878 2106; x_wconf 86' lang='lat' dir='ltr'><strong>coegit.</strong></span> <span class='ocrx_word' id='word_1_95' title='bbox 1015 2020 1409 2086; x_wconf 86' lang='lat' dir='ltr'><strong>Schavaldos</strong></span> <span class='ocrx_word' id='word_1_96' title='bbox 1463 2021 1865 2105; x_wconf 84' lang='lat' dir='ltr'><strong>insurgentes</strong></span> <span class='ocrx_word' id='word_1_97' title='bbox 1926 2021 1994 2084; x_wconf 91' lang='lat' dir='ltr'><strong>in</strong></span> <span class='ocrx_word' id='word_1_98' title='bbox 2053 2019 2425 2105; x_wconf 85' lang='lat' dir='ltr'><strong>episcopatu</strong></span> <span class='ocrx_word' id='word_1_99' title='bbox 2488 2021 2747 2086; x_wconf 80' lang='lat' dir='ltr'><strong>sortiter</strong></span> 
     </span>
     <span class='ocr_line' id='line_1_14' title="bbox 440 2105 2746 2194; baseline -0.001 -20"><span class='ocrx_word' id='word_1_100' title='bbox 440 2107 882 2194; x_wconf 85' lang='lat' dir='ltr'><strong>compescuit3</strong></span> <span class='ocrx_word' id='word_1_101' title='bbox 951 2106 1148 2194; x_wconf 81' lang='lat' dir='ltr'>aliqui</span> <span class='ocrx_word' id='word_1_102' title='bbox 1191 2107 1769 2186; x_wconf 76' lang='lat' dir='ltr'><strong>suspendebantur,</strong></span> <span class='ocrx_word' id='word_1_103' title='bbox 1816 2107 2012 2193; x_wconf 81' lang='lat' dir='ltr'><strong>aliqui</strong></span> <span class='ocrx_word' id='word_1_104' title='bbox 2056 2120 2248 2170; x_wconf 86' lang='lat' dir='ltr'><strong>extra</strong></span> <span class='ocrx_word' id='word_1_105' title='bbox 2294 2105 2746 2193; x_wconf 87' lang='lat' dir='ltr'><strong>episcopatum</strong></span> 
     </span>
     <span class='ocr_line' id='line_1_15' title="bbox 439 2191 2746 2281; baseline 0.001 -23"><span class='ocrx_word' id='word_1_106' title='bbox 439 2195 848 2281; x_wconf 82' lang='lat' dir='ltr'><strong>fugabantur.</strong></span> <span class='ocrx_word' id='word_1_107' title='bbox 966 2193 1185 2278; x_wconf 87' lang='lat' dir='ltr'><strong>Hujus</strong></span> <span class='ocrx_word' id='word_1_108' title='bbox 1229 2193 1639 2279; x_wconf 79' lang='lat' dir='ltr'><strong>episcopatus</strong></span> <span class='ocrx_word' id='word_1_109' title='bbox 1690 2214 1865 2258; x_wconf 89' lang='lat' dir='ltr'><strong>anno</strong></span> <span class='ocrx_word' id='word_1_110' title='bbox 1924 2192 2205 2258; x_wconf 88' lang='lat' dir='ltr'><strong>secundo</strong></span> <span class='ocrx_word' id='word_1_111' title='bbox 2257 2191 2591 2258; x_wconf 87' lang='lat' dir='ltr'><strong>combusta</strong></span> <span class='ocrx_word' id='word_1_112' title='bbox 2640 2210 2746 2260; x_wconf 88' lang='lat' dir='ltr'><strong>est</strong></span> 
     </span>
     <span class='ocr_line' id='line_1_16' title="bbox 441 2278 2751 2380; baseline -0.001 -32"><span class='ocrx_word' id='word_1_113' title='bbox 441 2281 837 2348; x_wconf 88' lang='lat' dir='ltr'><strong>Dunelmum</strong></span> <span class='ocrx_word' id='word_1_114' title='bbox 880 2302 994 2365; x_wconf 84' lang='lat' dir='ltr'><strong>per</strong></span> <span class='ocrx_word' id='word_1_115' title='bbox 1025 2281 1300 2360; x_wconf 75' lang='lat' dir='ltr'><strong>Scottus,</strong></span> <span class='ocrx_word' id='word_1_116' title='bbox 1333 2295 1403 2345; x_wconf 92' lang='lat' dir='ltr'><strong>et</strong></span> <span class='ocrx_word' id='word_1_117' title='bbox 1437 2301 1676 2380; x_wconf 84' lang='lat' dir='ltr'><strong>magna</strong></span> <span class='ocrx_word' id='word_1_118' title='bbox 1700 2302 1848 2366; x_wconf 87' lang='lat' dir='ltr'><strong>pars</strong></span> <span class='ocrx_word' id='word_1_119' title='bbox 1878 2278 2278 2365; x_wconf 73' lang='lat' dir='ltr'><strong>episcopatus</strong></span> <span class='ocrx_word' id='word_1_120' title='bbox 2308 2281 2643 2346; x_wconf 87' lang='lat' dir='ltr'><strong>combusta</strong></span> <span class='ocrx_word' id='word_1_121' title='bbox 2672 2296 2751 2346; x_wconf 76' lang='lat' dir='ltr'><strong>et</strong></span> 
     </span>
     <span class='ocr_line' id='line_1_17' title="bbox 437 2363 2747 2454; baseline -0 -21"><span class='ocrx_word' id='word_1_122' title='bbox 437 2369 834 2454; x_wconf 83' lang='lat' dir='ltr'><strong>depraedata,</strong></span> <span class='ocrx_word' id='word_1_123' title='bbox 891 2367 948 2430; x_wconf 85' lang='lat' dir='ltr'><strong>E</strong></span> <span class='ocrx_word' id='word_1_124' title='bbox 994 2369 1211 2452; x_wconf 83' lang='lat' dir='ltr'><strong>iseopo</strong></span> <span class='ocrx_word' id='word_1_125' title='bbox 1256 2379 1410 2432; x_wconf 88' lang='lat' dir='ltr'><strong>tunc</strong></span> <span class='ocrx_word' id='word_1_126' title='bbox 1451 2378 1773 2432; x_wconf 74' lang='lat' dir='ltr'><strong>existente</strong></span> <span class='ocrx_word' id='word_1_127' title='bbox 1821 2363 2183 2432; x_wconf 85' lang='lat' dir='ltr'><strong>Londoniae</strong></span> <span class='ocrx_word' id='word_1_128' title='bbox 2222 2366 2309 2430; x_wconf 89' lang='lat' dir='ltr'><strong>ad</strong></span> <span class='ocrx_word' id='word_1_129' title='bbox 2342 2366 2747 2432; x_wconf 87' lang='lat' dir='ltr'><strong>Parliamen-</strong></span> 
     </span>
     <span class='ocr_line' id='line_1_18' title="bbox 439 2390 2741 2544; baseline -0.001 -23"><span class='ocrx_word' id='word_1_130' title='bbox 439 2469 580 2521; x_wconf 88' lang='lat' dir='ltr'><strong>tum</strong></span> <span class='ocrx_word' id='word_1_131' title='bbox 613 2454 834 2544; x_wconf 85' lang='lat' dir='ltr'><strong>Regis.</strong></span> <span class='ocrx_word' id='word_1_132' title='bbox 935 2390 1086 2530; x_wconf 51' lang='lat' dir='ltr'><strong>&amp;aa</strong></span> <span class='ocrx_word' id='word_1_133' title='bbox 1113 2455 1562 2520; x_wconf 82' lang='lat' dir='ltr'><strong>combustione</strong></span> <span class='ocrx_word' id='word_1_134' title='bbox 1591 2453 1785 2532; x_wconf 84' lang='lat' dir='ltr'><strong>facta,</strong></span> <span class='ocrx_word' id='word_1_135' title='bbox 1816 2451 2099 2518; x_wconf 85' lang='lat' dir='ltr'><strong>inierunt</strong></span> <span class='ocrx_word' id='word_1_136' title='bbox 2128 2452 2219 2516; x_wconf 85' lang='lat' dir='ltr'><strong>illi</strong></span> <span class='ocrx_word' id='word_1_137' title='bbox 2248 2453 2332 2518; x_wconf 86' lang='lat' dir='ltr'><strong>de</strong></span> <span class='ocrx_word' id='word_1_138' title='bbox 2362 2453 2741 2539; x_wconf 83' lang='lat' dir='ltr'><strong>episcopatu</strong></span> 
     </span>
     <span class='ocr_line' id='line_1_19' title="bbox 439 2535 2747 2628; baseline 0 -21"><span class='ocrx_word' id='word_1_139' title='bbox 439 2556 694 2628; x_wconf 81' lang='lat' dir='ltr'><strong>treugas</strong></span> <span class='ocrx_word' id='word_1_140' title='bbox 725 2563 874 2606; x_wconf 89' lang='lat' dir='ltr'><strong>cum</strong></span> <span class='ocrx_word' id='word_1_141' title='bbox 895 2537 1129 2620; x_wconf 89' lang='lat' dir='ltr'><strong>Scotis,</strong></span> <span class='ocrx_word' id='word_1_142' title='bbox 1154 2535 1320 2605; x_wconf 88' lang='lat' dir='ltr'><strong>datis</strong></span> <span class='ocrx_word' id='word_1_143' title='bbox 1339 2540 1513 2606; x_wconf 90' lang='lat' dir='ltr'><strong>mille</strong></span> <span class='ocrx_word' id='word_1_144' title='bbox 1536 2539 1765 2606; x_wconf 82' lang='lat' dir='ltr'><strong>marcis</strong></span> <span class='ocrx_word' id='word_1_145' title='bbox 1786 2545 2021 2626; x_wconf 85' lang='lat' dir='ltr'><strong>[usque</strong></span> <span class='ocrx_word' id='word_1_146' title='bbox 2044 2539 2126 2604; x_wconf 85' lang='lat' dir='ltr'><strong>ad</strong></span> <span class='ocrx_word' id='word_1_147' title='bbox 2151 2553 2399 2604; x_wconf 81' lang='lat' dir='ltr'><strong>certum</strong></span> <span class='ocrx_word' id='word_1_148' title='bbox 2423 2541 2747 2628; x_wconf 60' lang='lat' dir='ltr'><strong>tempus-J,</strong></span> 
     </span>
     <span class='ocr_line' id='line_1_20' title="bbox 442 2625 2741 2730; baseline -0 -36"><span class='ocrx_word' id='word_1_149' title='bbox 442 2629 669 2694; x_wconf 89' lang='lat' dir='ltr'><strong>Tertio</strong></span> <span class='ocrx_word' id='word_1_150' title='bbox 698 2627 1103 2730; x_wconf 81' lang='lat' dir='ltr'><strong>episcopatus</strong></span> <span class='ocrx_word' id='word_1_151' title='bbox 1147 2625 1244 2692; x_wconf 86' lang='lat' dir='ltr'><strong>sui</strong></span> <span class='ocrx_word' id='word_1_152' title='bbox 1289 2648 1460 2692; x_wconf 88' lang='lat' dir='ltr'><strong>anno</strong></span> <span class='ocrx_word' id='word_1_153' title='bbox 1505 2639 1719 2692; x_wconf 90' lang='lat' dir='ltr'><strong>motus</strong></span> <span class='ocrx_word' id='word_1_154' title='bbox 1760 2639 1857 2692; x_wconf 87' lang='lat' dir='ltr'><strong>est</strong></span> <span class='ocrx_word' id='word_1_155' title='bbox 1904 2627 2135 2712; x_wconf 59' lang='lat' dir='ltr'><strong>[Rex]</strong></span> <span class='ocrx_word' id='word_1_156' title='bbox 2152 2639 2384 2692; x_wconf 83' lang='lat' dir='ltr'><strong>contra</strong></span> <span class='ocrx_word' id='word_1_157' title='bbox 2410 2649 2604 2704; x_wconf 79' lang='lat' dir='ltr'><strong>eum3</strong></span> <span class='ocrx_word' id='word_1_158' title='bbox 2652 2652 2741 2693; x_wconf 86' lang='lat' dir='ltr'><strong>eo</strong></span> 
     </span>
    </p>

    <p class='ocr_par' dir='ltr' id='par_1_5' title="bbox 483 2712 2744 2801">
     <span class='ocr_line' id='line_1_21' title="bbox 483 2712 2744 2801; baseline 0 -21"><span class='ocrx_word' id='word_1_159' title='bbox 483 2713 614 2780; x_wconf 90' lang='lat' dir='ltr'><strong>uod</strong></span> <span class='ocrx_word' id='word_1_160' title='bbox 636 2713 991 2801; x_wconf 71' lang='lat' dir='ltr'><strong>Episcopus</strong></span> <span class='ocrx_word' id='word_1_161' title='bbox 1009 2715 1257 2779; x_wconf 83' lang='lat' dir='ltr'><strong>nonita</strong></span> <span class='ocrx_word' id='word_1_162' title='bbox 1277 2713 1534 2778; x_wconf 89' lang='lat' dir='ltr'><strong>fortiter</strong></span> <span class='ocrx_word' id='word_1_163' title='bbox 1554 2712 1723 2798; x_wconf 85' lang='lat' dir='ltr'><strong>Regi</strong></span> <span class='ocrx_word' id='word_1_164' title='bbox 1750 2712 1957 2778; x_wconf 85' lang='lat' dir='ltr'><strong>astitit</strong></span> <span class='ocrx_word' id='word_1_165' title='bbox 1974 2714 2058 2778; x_wconf 88' lang='lat' dir='ltr'><strong>ad</strong></span> <span class='ocrx_word' id='word_1_166' title='bbox 2081 2714 2436 2778; x_wconf 86' lang='lat' dir='ltr'><strong>fovendum</strong></span> <span class='ocrx_word' id='word_1_167' title='bbox 2468 2715 2744 2780; x_wconf 79' lang='lat' dir='ltr'><strong>Petrum</strong></span> 
     </span>
    </p>

    <p class='ocr_par' dir='ltr' id='par_1_6' title="bbox 429 2799 2743 4544">
     <span class='ocr_line' id='line_1_22' title="bbox 489 2799 2736 2886; baseline -0.001 -18"><span class='ocrx_word' id='word_1_168' title='bbox 489 2825 526 2868; x_wconf 91' lang='lat' dir='ltr'><strong>e</strong></span> <span class='ocrx_word' id='word_1_169' title='bbox 581 2801 950 2868; x_wconf 84' lang='lat' dir='ltr'><strong>Gaverston</strong></span> <span class='ocrx_word' id='word_1_170' title='bbox 1009 2812 1236 2865; x_wconf 86' lang='lat' dir='ltr'><strong>contra</strong></span> <span class='ocrx_word' id='word_1_171' title='bbox 1287 2800 1816 2866; x_wconf 82' lang='lat' dir='ltr'><strong>communitatem</strong></span> <span class='ocrx_word' id='word_1_172' title='bbox 1869 2799 2076 2886; x_wconf 81' lang='lat' dir='ltr'><strong>regni,</strong></span> <span class='ocrx_word' id='word_1_173' title='bbox 2123 2801 2292 2866; x_wconf 89' lang='lat' dir='ltr'><strong>sicut</strong></span> <span class='ocrx_word' id='word_1_174' title='bbox 2326 2801 2477 2865; x_wconf 86' lang='lat' dir='ltr'><strong>Rex</strong></span> <span class='ocrx_word' id='word_1_175' title='bbox 2507 2802 2736 2867; x_wconf 89' lang='lat' dir='ltr'><strong>voluit.</strong></span> 
     </span>
     <span class='ocr_line' id='line_1_23' title="bbox 441 2885 2743 2973; baseline -0.001 -19"><span class='ocrx_word' id='word_1_176' title='bbox 441 2885 837 2971; x_wconf 88' lang='lat' dir='ltr'><strong>[Videbatur</strong></span> <span class='ocrx_word' id='word_1_177' title='bbox 888 2885 1062 2953; x_wconf 90' lang='lat' dir='ltr'><strong>enim</strong></span> <span class='ocrx_word' id='word_1_178' title='bbox 1121 2885 1309 2972; x_wconf 82' lang='lat' dir='ltr'><strong>Regi,</strong></span> <span class='ocrx_word' id='word_1_179' title='bbox 1362 2887 1541 2973; x_wconf 88' lang='lat' dir='ltr'><strong>quod</strong></span> <span class='ocrx_word' id='word_1_180' title='bbox 1595 2885 1952 2971; x_wconf 77' lang='lat' dir='ltr'><strong>Episcopus</strong></span> <span class='ocrx_word' id='word_1_181' title='bbox 2000 2886 2225 2951; x_wconf 89' lang='lat' dir='ltr'><strong>debuit</strong></span> <span class='ocrx_word' id='word_1_182' title='bbox 2272 2888 2391 2951; x_wconf 83' lang='lat' dir='ltr'><strong>sibi</strong></span> <span class='ocrx_word' id='word_1_183' title='bbox 2422 2887 2637 2954; x_wconf 85' lang='lat' dir='ltr'><strong>favere</strong></span> <span class='ocrx_word' id='word_1_184' title='bbox 2666 2889 2743 2952; x_wconf 70' lang='lat' dir='ltr'><strong>iu</strong></span> 
     </span>
     <span class='ocr_line' id='line_1_24' title="bbox 437 2972 2737 3062; baseline 0 -22"><span class='ocrx_word' id='word_1_185' title='bbox 437 2974 754 3054; x_wconf 80' lang='lat' dir='ltr'><strong>omnibus,</strong></span> <span class='ocrx_word' id='word_1_186' title='bbox 801 2987 872 3042; x_wconf 88' lang='lat' dir='ltr'><strong>et</strong></span> <span class='ocrx_word' id='word_1_187' title='bbox 913 2996 1061 3040; x_wconf 88' lang='lat' dir='ltr'><strong>cum</strong></span> <span class='ocrx_word' id='word_1_188' title='bbox 1107 2972 1259 3039; x_wconf 88' lang='lat' dir='ltr'><strong>totis</strong></span> <span class='ocrx_word' id='word_1_189' title='bbox 1299 2973 1561 3052; x_wconf 82' lang='lat' dir='ltr'><strong>viribus,</strong></span> <span class='ocrx_word' id='word_1_190' title='bbox 1594 2987 1859 3059; x_wconf 87' lang='lat' dir='ltr'><strong>propter</strong></span> <span class='ocrx_word' id='word_1_191' title='bbox 1885 2972 2159 3061; x_wconf 82' lang='lat' dir='ltr'><strong>gratiam</strong></span> <span class='ocrx_word' id='word_1_192' title='bbox 2184 2995 2507 3059; x_wconf 85' lang='lat' dir='ltr'><strong>magnam,</strong></span> <span class='ocrx_word' id='word_1_193' title='bbox 2537 2997 2737 3062; x_wconf 88' lang='lat' dir='ltr'><strong>quam</strong></span> 
     </span>
     <span class='ocr_line' id='line_1_25' title="bbox 435 3059 2743 3148; baseline -0.001 -18"><span class='ocrx_word' id='word_1_194' title='bbox 435 3061 496 3130; x_wconf 90' lang='lat' dir='ltr'><strong>ei</strong></span> <span class='ocrx_word' id='word_1_195' title='bbox 538 3061 780 3132; x_wconf 82' lang='lat' dir='ltr'><strong>fecerat</strong></span> <span class='ocrx_word' id='word_1_196' title='bbox 807 3059 872 3128; x_wconf 89' lang='lat' dir='ltr'><strong>in</strong></span> <span class='ocrx_word' id='word_1_197' title='bbox 901 3061 1189 3127; x_wconf 86' lang='lat' dir='ltr'><strong>novitate</strong></span> <span class='ocrx_word' id='word_1_198' title='bbox 1218 3081 1354 3129; x_wconf 84' lang='lat' dir='ltr'><strong>sua.</strong></span> <span class='ocrx_word' id='word_1_199' title='bbox 1449 3059 1844 3126; x_wconf 85' lang='lat' dir='ltr'><strong>Movebatur</strong></span> <span class='ocrx_word' id='word_1_200' title='bbox 1887 3059 2082 3125; x_wconf 88' lang='lat' dir='ltr'><strong>etiam</strong></span> <span class='ocrx_word' id='word_1_201' title='bbox 2118 3059 2483 3148; x_wconf 79' lang='lat' dir='ltr'><strong>Episcopus</strong></span> <span class='ocrx_word' id='word_1_202' title='bbox 2512 3085 2551 3126; x_wconf 91' lang='lat' dir='ltr'><strong>e</strong></span> <span class='ocrx_word' id='word_1_203' title='bbox 2578 3084 2743 3127; x_wconf 81' lang='lat' dir='ltr'><strong>cen-</strong></span> 
     </span>
     <span class='ocr_line' id='line_1_26' title="bbox 435 3143 2737 3236; baseline 0 -20"><span class='ocrx_word' id='word_1_204' title='bbox 435 3163 536 3216; x_wconf 86' lang='lat' dir='ltr'><strong>tra</strong></span> <span class='ocrx_word' id='word_1_205' title='bbox 587 3171 676 3216; x_wconf 83' lang='lat' dir='ltr'><strong>ex</strong></span> <span class='ocrx_word' id='word_1_206' title='bbox 725 3143 1136 3226; x_wconf 86' lang='lat' dir='ltr'><strong>conscientia,</strong></span> <span class='ocrx_word' id='word_1_207' title='bbox 1183 3167 1251 3214; x_wconf 83' lang='lat' dir='ltr'><strong>et</strong></span> <span class='ocrx_word' id='word_1_208' title='bbox 1297 3149 1450 3234; x_wconf 88' lang='lat' dir='ltr'><strong>quia</strong></span> <span class='ocrx_word' id='word_1_209' title='bbox 1489 3167 1688 3236; x_wconf 79' lang='lat' dir='ltr'><strong>grave</strong></span> <span class='ocrx_word' id='word_1_210' title='bbox 1716 3160 1855 3212; x_wconf 85' lang='lat' dir='ltr'><strong>erat</strong></span> <span class='ocrx_word' id='word_1_211' title='bbox 1885 3147 1943 3211; x_wconf 89' lang='lat' dir='ltr'><strong>ei</strong></span> <span class='ocrx_word' id='word_1_212' title='bbox 1976 3147 2417 3214; x_wconf 80' lang='lat' dir='ltr'><strong>communitati</strong></span> <span class='ocrx_word' id='word_1_213' title='bbox 2446 3147 2737 3216; x_wconf 83' lang='lat' dir='ltr'><strong>obviare.</strong></span> 
     </span>
     <span class='ocr_line' id='line_1_27' title="bbox 439 3231 2739 3323; baseline 0 -21"><span class='ocrx_word' id='word_1_214' title='bbox 439 3235 835 3304; x_wconf 83' lang='lat' dir='ltr'><strong>Movebatur</strong></span> <span class='ocrx_word' id='word_1_215' title='bbox 889 3231 1040 3301; x_wconf 84' lang='lat' dir='ltr'><strong>Rex</strong></span> <span class='ocrx_word' id='word_1_216' title='bbox 1090 3257 1177 3300; x_wconf 83' lang='lat' dir='ltr'><strong>ex</strong></span> <span class='ocrx_word' id='word_1_217' title='bbox 1227 3233 1358 3300; x_wconf 87' lang='lat' dir='ltr'><strong>alia</strong></span> <span class='ocrx_word' id='word_1_218' title='bbox 1406 3257 1619 3302; x_wconf 84' lang='lat' dir='ltr'><strong>causa.</strong></span> <span class='ocrx_word' id='word_1_219' title='bbox 1719 3232 2025 3312; x_wconf 86' lang='lat' dir='ltr'><strong>Quidam,</strong></span> <span class='ocrx_word' id='word_1_220' title='bbox 2066 3233 2265 3314; x_wconf 81' lang='lat' dir='ltr'><strong>euim,</strong></span> <span class='ocrx_word' id='word_1_221' title='bbox 2290 3235 2401 3323; x_wconf 88' lang='lat' dir='ltr'><strong>qui</strong></span> <span class='ocrx_word' id='word_1_222' title='bbox 2431 3237 2739 3321; x_wconf 80' lang='lat' dir='ltr'><strong>portabat</strong></span> 
     </span>
     <span class='ocr_line' id='line_1_28' title="bbox 435 3319 2737 3410; baseline -0 -22"><span class='ocrx_word' id='word_1_223' title='bbox 435 3325 625 3390; x_wconf 87' lang='lat' dir='ltr'><strong>robas</strong></span> <span class='ocrx_word' id='word_1_224' title='bbox 671 3321 1000 3410; x_wconf 81' lang='lat' dir='ltr'><strong>Episcopi,</strong></span> <span class='ocrx_word' id='word_1_225' title='bbox 1047 3335 1116 3387; x_wconf 86' lang='lat' dir='ltr'><strong>et</strong></span> <span class='ocrx_word' id='word_1_226' title='bbox 1144 3332 1284 3386; x_wconf 80' lang='lat' dir='ltr'><strong>erat</strong></span> <span class='ocrx_word' id='word_1_227' title='bbox 1314 3319 1381 3386; x_wconf 88' lang='lat' dir='ltr'><strong>in</strong></span> <span class='ocrx_word' id='word_1_228' title='bbox 1411 3319 1770 3386; x_wconf 87' lang='lat' dir='ltr'><strong>munitione</strong></span> <span class='ocrx_word' id='word_1_229' title='bbox 1800 3322 1994 3386; x_wconf 82' lang='lat' dir='ltr'><strong>castri</strong></span> <span class='ocrx_word' id='word_1_230' title='bbox 2024 3321 2108 3386; x_wconf 89' lang='lat' dir='ltr'><strong>de</strong></span> <span class='ocrx_word' id='word_1_231' title='bbox 2143 3321 2461 3402; x_wconf 83' lang='lat' dir='ltr'><strong>Norbam,</strong></span> <span class='ocrx_word' id='word_1_232' title='bbox 2494 3324 2737 3388; x_wconf 82' lang='lat' dir='ltr'><strong>occidit</strong></span> 
     </span>
     <span class='ocr_line' id='line_1_29' title="bbox 435 3405 2735 3498; baseline -0.001 -23"><span class='ocrx_word' id='word_1_233' title='bbox 435 3410 762 3498; x_wconf 85' lang='lat' dir='ltr'><strong>quendam</strong></span> <span class='ocrx_word' id='word_1_234' title='bbox 811 3405 1228 3473; x_wconf 85' lang='lat' dir='ltr'><strong>scbavaldum</strong></span> <span class='ocrx_word' id='word_1_235' title='bbox 1287 3406 1393 3472; x_wconf 81' lang='lat' dir='ltr'><strong>vel</strong></span> <span class='ocrx_word' id='word_1_236' title='bbox 1455 3407 1855 3494; x_wconf 61' lang='lat' dir='ltr'><strong>pandonem,</strong></span> <span class='ocrx_word' id='word_1_237' title='bbox 1908 3407 2273 3474; x_wconf 74' lang='lat' dir='ltr'><strong>,Iohannem</strong></span> <span class='ocrx_word' id='word_1_238' title='bbox 2328 3411 2415 3476; x_wconf 92' lang='lat' dir='ltr'><strong>de</strong></span> <span class='ocrx_word' id='word_1_239' title='bbox 2478 3410 2735 3475; x_wconf 89' lang='lat' dir='ltr'><strong>Wardal</strong></span> 
     </span>
     <span class='ocr_line' id='line_1_30' title="bbox 433 3491 2737 3582; baseline 0 -20"><span class='ocrx_word' id='word_1_240' title='bbox 433 3497 719 3576; x_wconf 88' lang='lat' dir='ltr'><strong>nomine,</strong></span> <span class='ocrx_word' id='word_1_241' title='bbox 761 3493 876 3560; x_wconf 87' lang='lat' dir='ltr'><strong>sed</strong></span> <span class='ocrx_word' id='word_1_242' title='bbox 933 3491 1099 3578; x_wconf 88' lang='lat' dir='ltr'><strong>Regi</strong></span> <span class='ocrx_word' id='word_1_243' title='bbox 1147 3491 1549 3574; x_wconf 82' lang='lat' dir='ltr'><strong>familiarem,</strong></span> <span class='ocrx_word' id='word_1_244' title='bbox 1596 3495 1661 3559; x_wconf 90' lang='lat' dir='ltr'><strong>in</strong></span> <span class='ocrx_word' id='word_1_245' title='bbox 1690 3495 1914 3561; x_wconf 84' lang='lat' dir='ltr'><strong>Insula</strong></span> <span class='ocrx_word' id='word_1_246' title='bbox 1946 3497 2163 3575; x_wconf 72' lang='lat' dir='ltr'><strong>Sacra,</strong></span> <span class='ocrx_word' id='word_1_247' title='bbox 2196 3510 2263 3562; x_wconf 91' lang='lat' dir='ltr'><strong>et</strong></span> <span class='ocrx_word' id='word_1_248' title='bbox 2304 3497 2451 3562; x_wconf 81' lang='lat' dir='ltr'><strong>Rex</strong></span> <span class='ocrx_word' id='word_1_249' title='bbox 2476 3497 2737 3582; x_wconf 86' lang='lat' dir='ltr'><strong>culpam</strong></span> 
     </span>
     <span class='ocr_line' id='line_1_31' title="bbox 439 3579 2739 3671; baseline 0.001 -23"><span class='ocrx_word' id='word_1_250' title='bbox 439 3583 769 3671; x_wconf 87' lang='lat' dir='ltr'><strong>Episcopo</strong></span> <span class='ocrx_word' id='word_1_251' title='bbox 813 3579 1140 3668; x_wconf 87' lang='lat' dir='ltr'><strong>imposuit,</strong></span> <span class='ocrx_word' id='word_1_252' title='bbox 1189 3602 1476 3648; x_wconf 82' lang='lat' dir='ltr'><strong>asserens</strong></span> <span class='ocrx_word' id='word_1_253' title='bbox 1521 3582 1649 3646; x_wconf 90' lang='lat' dir='ltr'><strong>hoc</strong></span> <span class='ocrx_word' id='word_1_254' title='bbox 1696 3605 1780 3648; x_wconf 83' lang='lat' dir='ltr'><strong>ex</strong></span> <span class='ocrx_word' id='word_1_255' title='bbox 1824 3595 2153 3668; x_wconf 84' lang='lat' dir='ltr'><strong>praecepto</strong></span> <span class='ocrx_word' id='word_1_256' title='bbox 2186 3583 2285 3648; x_wconf 72' lang='lat' dir='ltr'><strong>vel</strong></span> <span class='ocrx_word' id='word_1_257' title='bbox 2313 3584 2587 3648; x_wconf 84' lang='lat' dir='ltr'><strong>sciencia</strong></span> <span class='ocrx_word' id='word_1_258' title='bbox 2614 3607 2739 3650; x_wconf 85' lang='lat' dir='ltr'><strong>sua</strong></span> 
     </span>
     <span class='ocr_line' id='line_1_32' title="bbox 432 3665 2735 3756; baseline 0 -22"><span class='ocrx_word' id='word_1_259' title='bbox 432 3669 736 3747; x_wconf 64' lang='lat' dir='ltr'><strong>factunm]</strong></span> <span class='ocrx_word' id='word_1_260' title='bbox 827 3665 1174 3734; x_wconf 87' lang='lat' dir='ltr'><strong>Nitebatur</strong></span> <span class='ocrx_word' id='word_1_261' title='bbox 1217 3687 1375 3755; x_wconf 85' lang='lat' dir='ltr'><strong>ergo</strong></span> <span class='ocrx_word' id='word_1_262' title='bbox 1426 3667 1583 3734; x_wconf 71' lang='lat' dir='ltr'><strong>Rex</strong></span> <span class='ocrx_word' id='word_1_263' title='bbox 1624 3669 1970 3734; x_wconf 81' lang='lat' dir='ltr'><strong>transferre</strong></span> <span class='ocrx_word' id='word_1_264' title='bbox 2004 3669 2419 3756; x_wconf 82' lang='lat' dir='ltr'><strong>Episcopum,</strong></span> <span class='ocrx_word' id='word_1_265' title='bbox 2450 3671 2735 3736; x_wconf 82' lang='lat' dir='ltr'><strong>scribens</strong></span> 
     </span>
     <span class='ocr_line' id='line_1_33' title="bbox 433 3753 2735 3844; baseline 0.001 -23"><span class='ocrx_word' id='word_1_266' title='bbox 433 3778 625 3844; x_wconf 85' lang='lat' dir='ltr'><strong>super</strong></span> <span class='ocrx_word' id='word_1_267' title='bbox 681 3755 806 3820; x_wconf 90' lang='lat' dir='ltr'><strong>hoc</strong></span> <span class='ocrx_word' id='word_1_268' title='bbox 863 3753 952 3820; x_wconf 87' lang='lat' dir='ltr'><strong>ad</strong></span> <span class='ocrx_word' id='word_1_269' title='bbox 1012 3755 1276 3820; x_wconf 88' lang='lat' dir='ltr'><strong>Curiam</strong></span> <span class='ocrx_word' id='word_1_270' title='bbox 1337 3756 1740 3833; x_wconf 79' lang='lat' dir='ltr'><strong>Romanam3</strong></span> <span class='ocrx_word' id='word_1_271' title='bbox 1815 3757 2141 3821; x_wconf 87' lang='lat' dir='ltr'><strong>nitebatur</strong></span> <span class='ocrx_word' id='word_1_272' title='bbox 2198 3757 2403 3822; x_wconf 85' lang='lat' dir='ltr'><strong>eciam</strong></span> <span class='ocrx_word' id='word_1_273' title='bbox 2468 3758 2735 3824; x_wconf 85' lang='lat' dir='ltr'><strong>fratrem</strong></span> 
     </span>
     <span class='ocr_line' id='line_1_34' title="bbox 434 3841 2737 3932; baseline 0.001 -23"><span class='ocrx_word' id='word_1_274' title='bbox 434 3842 744 3932; x_wconf 85' lang='lat' dir='ltr'><strong>Episcopi</strong></span> <span class='ocrx_word' id='word_1_275' title='bbox 765 3842 1180 3922; x_wconf 85' lang='lat' dir='ltr'><strong>incarcerare,</strong></span> <span class='ocrx_word' id='word_1_276' title='bbox 1212 3856 1278 3909; x_wconf 88' lang='lat' dir='ltr'><strong>et</strong></span> <span class='ocrx_word' id='word_1_277' title='bbox 1308 3841 1375 3906; x_wconf 90' lang='lat' dir='ltr'><strong>in</strong></span> <span class='ocrx_word' id='word_1_278' title='bbox 1405 3843 1750 3909; x_wconf 83' lang='lat' dir='ltr'><strong>vindictam</strong></span> <span class='ocrx_word' id='word_1_279' title='bbox 1784 3844 2116 3928; x_wconf 81' lang='lat' dir='ltr'><strong>[alterius]</strong></span> <span class='ocrx_word' id='word_1_280' title='bbox 2138 3843 2331 3910; x_wconf 81' lang='lat' dir='ltr'><strong>occisi</strong></span> <span class='ocrx_word' id='word_1_281' title='bbox 2362 3844 2428 3908; x_wconf 85' lang='lat' dir='ltr'><strong>in</strong></span> <span class='ocrx_word' id='word_1_282' title='bbox 2456 3857 2737 3912; x_wconf 87' lang='lat' dir='ltr'><strong>mortem</strong></span> 
     </span>
     <span class='ocr_line' id='line_1_35' title="bbox 429 3927 2741 4016; baseline -0 -19"><span class='ocrx_word' id='word_1_283' title='bbox 429 3932 724 4008; x_wconf 83' lang='lat' dir='ltr'><strong>tradere3</strong></span> <span class='ocrx_word' id='word_1_284' title='bbox 768 3929 884 3996; x_wconf 90' lang='lat' dir='ltr'><strong>sed</strong></span> <span class='ocrx_word' id='word_1_285' title='bbox 928 3927 998 3996; x_wconf 88' lang='lat' dir='ltr'><strong>in</strong></span> <span class='ocrx_word' id='word_1_286' title='bbox 1047 3941 1278 3995; x_wconf 88' lang='lat' dir='ltr'><strong>neutro</strong></span> <span class='ocrx_word' id='word_1_287' title='bbox 1323 3929 1629 4016; x_wconf 80' lang='lat' dir='ltr'><strong>profecit.</strong></span> <span class='ocrx_word' id='word_1_288' title='bbox 1712 3930 2031 4010; x_wconf 88' lang='lat' dir='ltr'><strong>Tandem,</strong></span> <span class='ocrx_word' id='word_1_289' title='bbox 2064 3947 2263 3997; x_wconf 88' lang='lat' dir='ltr'><strong>eunte</strong></span> <span class='ocrx_word' id='word_1_290' title='bbox 2300 3931 2484 4016; x_wconf 82' lang='lat' dir='ltr'><strong>Rege</strong></span> <span class='ocrx_word' id='word_1_291' title='bbox 2516 3953 2741 3998; x_wconf 84' lang='lat' dir='ltr'><strong>versus</strong></span> 
     </span>
     <span class='ocr_line' id='line_1_36' title="bbox 438 4015 2738 4106; baseline 0 -21"><span class='ocrx_word' id='word_1_292' title='bbox 438 4015 936 4097; x_wconf 88' lang='lat' dir='ltr'><strong>Bannocburne,</strong></span> <span class='ocrx_word' id='word_1_293' title='bbox 1012 4017 1523 4100; x_wconf 81' lang='lat' dir='ltr'><strong>[reJconciliatus</strong></span> <span class='ocrx_word' id='word_1_294' title='bbox 1596 4030 1697 4084; x_wconf 84' lang='lat' dir='ltr'><strong>est</strong></span> <span class='ocrx_word' id='word_1_295' title='bbox 1769 4017 1829 4083; x_wconf 91' lang='lat' dir='ltr'><strong>ei</strong></span> <span class='ocrx_word' id='word_1_296' title='bbox 1889 4017 2271 4106; x_wconf 80' lang='lat' dir='ltr'><strong>Episcopus,</strong></span> <span class='ocrx_word' id='word_1_297' title='bbox 2332 4019 2499 4085; x_wconf 86' lang='lat' dir='ltr'><strong>datis</strong></span> <span class='ocrx_word' id='word_1_298' title='bbox 2560 4019 2738 4086; x_wconf 79' lang='lat' dir='ltr'><strong>mil-le</strong></span> 
     </span>
     <span class='ocr_line' id='line_1_37' title="bbox 432 4097 2739 4194; baseline 0 -22"><span class='ocrx_word' id='word_1_299' title='bbox 432 4105 660 4172; x_wconf 87' lang='lat' dir='ltr'><strong>marcis</strong></span> <span class='ocrx_word' id='word_1_300' title='bbox 705 4119 778 4172; x_wconf 90' lang='lat' dir='ltr'><strong>et</strong></span> <span class='ocrx_word' id='word_1_301' title='bbox 819 4127 952 4170; x_wconf 86' lang='lat' dir='ltr'><strong>uno</strong></span> <span class='ocrx_word' id='word_1_302' title='bbox 995 4103 1328 4170; x_wconf 86' lang='lat' dir='ltr'><strong>dextrario</strong></span> <span class='ocrx_word' id='word_1_303' title='bbox 1370 4125 1502 4169; x_wconf 90' lang='lat' dir='ltr'><strong>nou</strong></span> <span class='ocrx_word' id='word_1_304' title='bbox 1544 4103 1885 4171; x_wconf 86' lang='lat' dir='ltr'><strong>mediocris</strong></span> <span class='ocrx_word' id='word_1_305' title='bbox 1913 4097 2156 4190; x_wconf 85' lang='lat' dir='ltr'><strong>precii;</strong></span> <span class='ocrx_word' id='word_1_306' title='bbox 2198 4127 2391 4192; x_wconf 89' lang='lat' dir='ltr'><strong>super</strong></span> <span class='ocrx_word' id='word_1_307' title='bbox 2412 4129 2544 4194; x_wconf 79' lang='lat' dir='ltr'><strong>quo</strong></span> <span class='ocrx_word' id='word_1_308' title='bbox 2572 4108 2739 4172; x_wconf 80' lang='lat' dir='ltr'><strong>dex-</strong></span> 
     </span>
     <span class='ocr_line' id='line_1_38' title="bbox 433 4191 2733 4274; baseline 0 -15"><span class='ocrx_word' id='word_1_309' title='bbox 433 4192 631 4260; x_wconf 87' lang='lat' dir='ltr'><strong>trario</strong></span> <span class='ocrx_word' id='word_1_310' title='bbox 677 4191 923 4258; x_wconf 85' lang='lat' dir='ltr'><strong>occisus</strong></span> <span class='ocrx_word' id='word_1_311' title='bbox 971 4207 1068 4257; x_wconf 88' lang='lat' dir='ltr'><strong>est</strong></span> <span class='ocrx_word' id='word_1_312' title='bbox 1118 4193 1354 4258; x_wconf 79' lang='lat' dir='ltr'><strong>Comes</strong></span> <span class='ocrx_word' id='word_1_313' title='bbox 1391 4191 1763 4258; x_wconf 80' lang='lat' dir='ltr'><strong>Gloverniae</strong></span> <span class='ocrx_word' id='word_1_314' title='bbox 1795 4193 1861 4258; x_wconf 81' lang='lat' dir='ltr'><strong>in</strong></span> <span class='ocrx_word' id='word_1_315' title='bbox 1906 4192 2079 4258; x_wconf 90' lang='lat' dir='ltr'><strong>bello</strong></span> <span class='ocrx_word' id='word_1_316' title='bbox 2110 4194 2197 4260; x_wconf 89' lang='lat' dir='ltr'><strong>de</strong></span> <span class='ocrx_word' id='word_1_317' title='bbox 2236 4191 2733 4274; x_wconf 84' lang='lat' dir='ltr'><strong>Baunocburne,</strong></span> 
     </span>
     <span class='ocr_line' id='line_1_39' title="bbox 433 4279 2733 4368; baseline 0.001 -24"><span class='ocrx_word' id='word_1_318' title='bbox 433 4281 534 4364; x_wconf 88' lang='lat' dir='ltr'><strong>[in</strong></span> <span class='ocrx_word' id='word_1_319' title='bbox 587 4279 955 4358; x_wconf 89' lang='lat' dir='ltr'><strong>vindictam,</strong></span> <span class='ocrx_word' id='word_1_320' title='bbox 1007 4291 1082 4343; x_wconf 92' lang='lat' dir='ltr'><strong>ut</strong></span> <span class='ocrx_word' id='word_1_321' title='bbox 1131 4279 1435 4356; x_wconf 81' lang='lat' dir='ltr'><strong>creditur,</strong></span> <span class='ocrx_word' id='word_1_322' title='bbox 1471 4279 1621 4344; x_wconf 90' lang='lat' dir='ltr'><strong>mali</strong></span> <span class='ocrx_word' id='word_1_323' title='bbox 1668 4279 1987 4346; x_wconf 86' lang='lat' dir='ltr'><strong>commissi</strong></span> <span class='ocrx_word' id='word_1_324' title='bbox 2029 4293 2259 4348; x_wconf 85' lang='lat' dir='ltr'><strong>contra</strong></span> <span class='ocrx_word' id='word_1_325' title='bbox 2316 4281 2733 4368; x_wconf 88' lang='lat' dir='ltr'><strong>Episcopum.</strong></span> 
     </span>
     <span class='ocr_line' id='line_1_40' title="bbox 439 4365 2737 4455; baseline -0.001 -21"><span class='ocrx_word' id='word_1_326' title='bbox 439 4367 601 4434; x_wconf 86' lang='lat' dir='ltr'><strong>Erat</strong></span> <span class='ocrx_word' id='word_1_327' title='bbox 643 4365 813 4433; x_wconf 88' lang='lat' dir='ltr'><strong>enim</strong></span> <span class='ocrx_word' id='word_1_328' title='bbox 846 4366 1084 4432; x_wconf 85' lang='lat' dir='ltr'><strong>Comes</strong></span> <span class='ocrx_word' id='word_1_329' title='bbox 1127 4367 1234 4432; x_wconf 87' lang='lat' dir='ltr'><strong>ille</strong></span> <span class='ocrx_word' id='word_1_330' title='bbox 1271 4365 1468 4452; x_wconf 88' lang='lat' dir='ltr'><strong>Regis</strong></span> <span class='ocrx_word' id='word_1_331' title='bbox 1497 4366 1793 4446; x_wconf 88' lang='lat' dir='ltr'><strong>sororius,</strong></span> <span class='ocrx_word' id='word_1_332' title='bbox 1826 4381 1893 4432; x_wconf 83' lang='lat' dir='ltr'><strong>et</strong></span> <span class='ocrx_word' id='word_1_333' title='bbox 1920 4369 2089 4434; x_wconf 85' lang='lat' dir='ltr'><strong>inter</strong></span> <span class='ocrx_word' id='word_1_334' title='bbox 2114 4369 2512 4436; x_wconf 81' lang='lat' dir='ltr'><strong>adversarios</strong></span> <span class='ocrx_word' id='word_1_335' title='bbox 2546 4369 2737 4455; x_wconf 82' lang='lat' dir='ltr'><strong>Epis·</strong></span> 
     </span>
     <span class='ocr_line' id='line_1_41' title="bbox 433 4451 2733 4544; baseline 0 -23"><span class='ocrx_word' id='word_1_336' title='bbox 433 4453 580 4542; x_wconf 88' lang='lat' dir='ltr'><strong>copi</strong></span> <span class='ocrx_word' id='word_1_337' title='bbox 609 4477 744 4522; x_wconf 89' lang='lat' dir='ltr'><strong>non</strong></span> <span class='ocrx_word' id='word_1_338' title='bbox 776 4453 1057 4520; x_wconf 84' lang='lat' dir='ltr'><strong>ultimus.</strong></span> <span class='ocrx_word' id='word_1_339' title='bbox 1155 4451 1332 4530; x_wconf 83' lang='lat' dir='ltr'><strong>Quid</strong></span> <span class='ocrx_word' id='word_1_340' title='bbox 1349 4453 1633 4542; x_wconf 82' lang='lat' dir='ltr'><strong>justius?</strong></span> <span class='ocrx_word' id='word_1_341' title='bbox 1724 4455 1972 4522; x_wconf 86' lang='lat' dir='ltr'><strong>Contra</strong></span> <span class='ocrx_word' id='word_1_342' title='bbox 2008 4455 2403 4544; x_wconf 81' lang='lat' dir='ltr'><strong>Episcopum</strong></span> <span class='ocrx_word' id='word_1_343' title='bbox 2436 4457 2733 4544; x_wconf 85' lang='lat' dir='ltr'><strong>deliquit,</strong></span> 
     </span>
    </p>
   </div>
  </div>
 </body>
</html>
