3000 5117
875 480 1294 532 APPENDIX.
1349 482 1534 531 ANN.
1576 480 2002 532 mccccxlx.
2405 468 2569 537 ccxi

431 952 724 996 CLXXXV.
775 952 1255 996 CONFIRMATIO
1311 950 1879 996 PRIVILRGIORUM
1930 952 2018 995 m:
2084 952 2213 997 USU
2270 954 2383 999 Ml·

583 1038 738 1083 TRAE
769 1040 856 1083 ET
888 1038 1146 1084 BACULI
1180 1038 1595 1083 PASTORAMS
1626 1040 1871 1083 PRIOR!
1908 1038 2222 1088 DUNELM.

1194 1156 1362 1223 [Cart.
1385 1158 1432 1209 1.
1456 1156 1495 1208 f.
1516 1160 1623 1227 ει]

271 1330 276 1335 .
339 1272 666 1338 Martinus
712 1272 1038 1362 (quintus)
1092 1273 1468 1360 EpiscopuS,
1501 1296 1717 1339 servus
1750 1296 2087 1341 servornm
2122 1276 2271 1355 Dei,
2303 1278 2385 1342 ad
2414 1298 2561 1363 per-

245 1372 517 1443 petuam
570 1361 664 1425 rei
711 1358 1108 1425 memoriam.
1201 1360 1308 1438 Iis,
1369 1382 1519 1447 quae
1577 1361 1660 1426 ad
1706 1361 2139 1443 ecclesiarum,
2201 1365 2558 1449 praesertim

249 1447 769 1525 Cathedralium,
824 1446 1126 1511 decorem
1175 1460 1242 1512 et
1292 1448 1551 1511 laudem
1598 1448 1891 1532 graciose
1940 1470 2241 1515 concessa
2283 1466 2449 1530 sunt,
2486 1464 2557 1515 ut

241 1532 580 1617 amplioris
628 1534 965 1599 obtineant
1015 1534 1262 1598 roboris
1315 1534 1706 1610 firmitatem,
1762 1558 1909 1599 cum
1960 1558 2001 1600 a
2050 1536 2236 1601 nobis
2287 1539 2553 1623 petitur,

239 1636 490 1685 nostrae
532 1620 947 1687 solicitudinis
992 1638 1206 1705 partes
1249 1620 1521 1685 libenter
1564 1620 1960 1701 adhibemuS,
1996 1644 2198 1710 eaque
2228 1624 2555 1690 favoribus

239 1707 693 1794 prosequimur
739 1708 1096 1790 oportunis.
1188 1707 1498 1771 Exhibita
1570 1708 1883 1794 siquidem
1930 1709 2113 1774 nobis
2176 1733 2378 1797 nuper
2432 1734 2555 1796 pro

240 1808 436 1877 parte
488 1794 868 1859 dilectorum
923 1792 1198 1858 filiorum
1252 1793 1490 1859 Prioris
1539 1808 1605 1859 et
1659 1794 1944 1880 Capituli
1990 1796 2275 1861 ecclesiae
2308 1796 2557 1862 Dunel-

235 1879 504 1958 mensis,
550 1881 792 1946 ordinis
836 1882 1040 1945 sancti
1095 1880 1446 1958 Benedicti,
1478 1880 1717 1966 peticio
1748 1882 2141 1960 continebat,
2166 1884 2342 1971 quod
2372 1884 2549 1962 olim,

237 1968 596 2053 quondam,
651 1966 978 2045 Urbanus,
1012 1966 1078 2031 in
1121 1990 1238 2032 sua
1279 1966 1677 2045 obediencia,
1726 1968 1807 2033 de
1838 1992 1967 2057 qua
1994 1984 2208 2055 partes
2240 1970 2367 2035 illae
2399 1985 2555 2036 tunc

238 2066 459 2131 erant,
493 2055 638 2139 vjm'
667 2066 1097 2140 nuncupatus,
1130 2068 1203 2119 ut
1233 2054 1404 2121 idem
1440 2054 1627 2119 Prior
1655 2068 1723 2120 et
1753 2078 2143 2122 successores
2168 2060 2262 2121 sui
2299 2058 2557 2123 Priores

242 2140 448 2205 dietae
493 2140 800 2219 ecclesiae,
832 2142 943 2229 qui
987 2164 1106 2227 pro
1137 2154 1430 2227 tempore
1458 2142 1689 2219 forent,
1720 2142 1932 2221 mitra,
1964 2144 2196 2209 baculo
2225 2144 2552 2231 pastorali,

236 2224 512 2307 annulo,
567 2251 642 2293 ac
689 2228 1010 2307 sandaliis,
1061 2241 1128 2293 et
1171 2229 1310 2294 aliis
1340 2229 1810 2314 pontificalibus
1841 2229 1957 2293 insi
2050 2230 2143 2310 iis,
2178 2232 2378 2297 libere
2408 2254 2578 2318 pos-x

236 2328 394 2379 sent
423 2314 540 2393 uti,
577 2315 632 2379 si
661 2328 728 2379 et
756 2315 822 2379 in
854 2328 1168 2403 quantum
1191 2316 1384 2402 aliqui
1416 2316 1523 2380 alii
1551 2316 1805 2381 Priores
1836 2318 1959 2382 Cat
2006 2319 2318 2383 edralium
2348 2320 2557 2385 eccle-

235 2402 484 2466 siarum
530 2402 688 2466 dicti
732 2402 973 2467 ordinis
1001 2402 1067 2465 in
1099 2425 1300 2502 regno
1337 2403 1591 2490 Angliae
1620 2404 2111 2469 consistencium
2143 2406 2265 2469 illis
2298 2420 2557 2471 uteren-

234 2504 375 2566 tur,
425 2488 664 2553 eisdem
723 2488 928 2553 Priori
977 2489 1262 2554 ecclesiae
1319 2489 1791 2566 Dunelmens‘rs,
1846 2506 1913 2555 et
1954 2493 2443 2571 successoribus,
2476 2515 2554 2558 ac

243 2575 580 2661 capitulo,
610 2576 988 2641 auctoritate
1016 2576 1369 2661 apostolica
1397 2576 1482 2641 de
1512 2576 1773 2661 speciali
1796 2578 2013 2677 gracia
2029 2601 2147 2665 per
2163 2602 2306 2643 suas
2334 2578 2553 2655 literas

235 2665 527 2728 duxerat
575 2662 1062 2752 indulgendum,
1112 2676 1308 2749 prout
1358 2663 1424 2727 in
1477 2662 1719 2728 eisdem
1773 2664 1972 2728 literis
2022 2666 2255 2730 dicitur
2301 2666 2551 2751 plenius

233 2748 598 2827 contineri3
651 2772 797 2814 cum
843 2763 1084 2827 autem,
1139 2749 1303 2815 sicut
1349 2748 1580 2814 eadem
1626 2749 1863 2835 peticio
1906 2752 2356 2841 subjungebat,
2392 2775 2551 2818 non-

235 2836 402 2901 nulli
453 2836 517 2900 in
565 2838 806 2921 Anglia
847 2836 1338 2901 consistencium
1371 2836 1775 2901 ecclesiarum
1808 2838 1963 2902 dicti
1994 2839 2237 2903 ordinis
2272 2840 2549 2917 Priores,

233 2916 614 3008 hujusmodi
658 2924 866 2998 mitra,
915 2923 1148 2987 baculo
1178 2922 1500 3008 pastorali,
1534 2924 1750 3001 anulo,
1784 2925 2103 3003 sandaliiS,
2136 2940 2201 2989 et
2228 2925 2364 2990 aliis
2389 2950 2553 3012 pon-

233 3011 588 3075 tificalibus
639 3010 948 3095 insigniiS,
999 3022 1290 3095 tempore
1333 3009 1760 3074 concessionis
1804 3011 2167 3095 hujusmodi
2200 3024 2549 3090 uterentur,

229 3110 440 3183 prout
492 3097 612 3182 ipsi
671 3110 740 3162 et
791 3096 1098 3184 praefatus
1157 3096 1342 3165 Prior
1395 3096 1851 3161 Dunelmensis
1898 3111 2168 3162 utuntur
2214 3098 2417 3162 eciam
2468 3100 2553 3163 de

231 3184 576 3269 praesenti,
623 3206 744 3269 pro
789 3197 970 3269 parte
1014 3184 1365 3248 eorundem
1401 3182 1639 3249 Prioris
1670 3184 1959 3248 ecclesiae
1993 3184 2452 3249 Dunelmensis
2484 3199 2550 3250 et

239 3270 534 3355 Capituli
553 3271 675 3335 fuit
695 3270 1023 3335 humiliter
1045 3270 1496 3356 supplicatum,
1525 3283 1596 3334 ut
1620 3270 2019 3335 concessioni
2040 3270 2407 3335 hu'usmodi
2432 3294 2551 3357 pro

231 3356 436 3441 ipsius
484 3360 852 3423 substancia
895 3357 1164 3423 firmiori
1205 3370 1440 3435 nostrae
1487 3356 1997 3421 confirmacionis
2044 3380 2118 3421 ro
2164 3380 2241 3421 ur
2270 3358 2551 3443 adjicere

233 3444 320 3508 de
383 3444 538 3508 beni
587 3445 790 3509 nitate
849 3444 1202 3530 apostolica
1253 3442 1683 3528 dignaremur.
1794 3444 1934 3509 Nos
1986 3445 2007 3506 i
2054 3444 2203 3523 itur,
2256 3444 2551 3511 volentes

231 3530 512 3595 eandem
622 3530 1058 3595 unelmensem
1089 3530 1422 3596 ecclesiam
1441 3530 1523 3593 ad
1548 3530 1893 3595 earundem
1918 3470 2327 3596 eccilesiarum
2354 3534 2553 3597 instar

231 3617 574 3693 honorem,
607 3640 682 3681 ac
717 3618 1011 3683 Priorem
1051 3617 1336 3702 ejusdem
1371 3617 1831 3681 Dunelmensis
1860 3617 2149 3682 ecclesiae
2179 3631 2248 3683 et
2282 3619 2549 3704 Capitu-

230 3705 372 3768 lum
404 3703 710 3789 praefatos
741 3704 1067 3769 favoribus
1097 3702 1464 3789 apostolicis
1494 3704 1793 3790 prosequi
1821 3704 2147 3788 graciosis,
2178 3704 2547 3788 hujusmodi

231 3790 818 3875 supplicacionibus
889 3790 1197 3867 inclinati,
1275 3789 1613 3875 praefatam
1681 3790 1925 3855 eisdem
1990 3790 2197 3855 Priori
2256 3793 2547 3857 ecclesiae

233 3876 700 3942 Dunelmensis
728 3892 794 3943 et
821 3876 1292 3942 successoribus
1322 3898 1398 3939 ac
1421 3875 1730 3961 capitulo,
1756 3890 1830 3941 ut
1856 3876 2287 3961 praemittitur,
2308 3876 2545 3942 factam

231 3962 667 4029 concessionis
696 3964 978 4048 graciam
1008 3976 1211 4029 ratam
1243 3962 1557 4028 habentes
1584 3975 1650 4026 et
1679 3977 1947 4047 gratam,
1982 3984 2123 4027 eam
2156 3966 2545 4028 auctoritate

229 4050 592 4135 apostolica
635 4053 1108 4129 confirmamuS,
1155 4064 1224 4115 et
1252 4048 1589 4135 praesentis
1620 4048 1836 4133 scripti
1868 4046 2225 4134 patrocinio
2258 4070 2549 4113 commu-

231 4137 734 4202 nimuS.--Data
787 4138 1162 4214 Florenciae,
1215 4157 1310 4200 vu
1359 4135 1486 4199 kal.
1534 4136 1833 4211 Octobr.‚
1886 4134 2306 4199 pontificatus
2346 4136 2551 4201 nostri

232 4245 412 4289 anno
441 4224 1082 4315 secundo.--[Anno
1116 4222 1384 4288 Domini
1413 4242 1643 4286 mcccc
1678 4222 1929 4287 decimo
1961 4226 2195 4300 nona]
