3000 5117
489 427 738 502 ccccxl
921 444 1128 496 ffls‘r.
1167 443 1533 496 DUNELM.
1574 445 2034 498 senuvrouss
2054 445 2289 500 runs.

497 619 829 676 senectute
871 608 1230 693 longaevus,
1275 605 1345 671 id
1387 617 1486 670 est
1524 607 1857 692 octoginta
1882 629 2115 673 novem
2144 630 2482 690 annorum,
2514 611 2582 677 in
2616 611 2818 696 aegri-

506 696 800 763 tudinem
848 695 1114 773 decidit,
1162 714 1280 780 per
1322 715 1515 781 quam
1546 715 1633 756 ex
1662 693 1785 758 hac
1813 695 1955 760 luce
1988 696 2351 762 subtractus
2376 712 2503 764 est.
2598 701 2817 784 Cujus

506 784 717 848 morbi
746 781 951 847 letalis
981 803 1182 867 prope
1213 781 1426 858 finem,
1459 793 1815 846 extremam
1847 780 2042 866 peciit
2074 784 2465 863 unctionem,
2498 807 2633 872 qua
2660 807 2818 870 per-

509 883 675 948 acta,
723 868 1018 954 profusus
1067 870 1132 931 in
1185 867 1496 944 lacrimas,
1546 888 1691 932 cum
1738 868 2023 952 singultu
2076 881 2141 934 et
2170 871 2453 957 suspiriis
2486 895 2527 936 a
2556 875 2817 936 cunetis

505 957 809 1022 fratribus
839 953 1412 1032 circumstantibus,
1445 955 1498 1016 si
1528 952 1746 1018 forsan
1777 967 2005 1020 contra
2032 979 2253 1021 eorum
2286 957 2563 1046 aliquem
2596 959 2662 1023 iu
2692 978 2819 1023 suo

509 1044 827 1128 regimine
880 1041 1268 1129 deliquisset,
1315 1040 1571 1105 veniam
1599 1041 1929 1105 humiliter
1958 1043 2340 1127 imploravit.
2432 1045 2498 1110 Ο
2529 1059 2817 1132 quantus

509 1131 728 1196 luctus
767 1131 1056 1194 omnium
1110 1142 1261 1192 tunc
1307 1127 1548 1192 ibidem
1595 1127 2037 1211 praesencium,
2082 1129 2405 1215 praecipue
2454 1133 2819 1197 monacho-

513 1219 702 1282 ruml
753 1216 1036 1281 Perinde
1079 1215 1163 1279 ab
1209 1214 1320 1278 illo
1365 1227 1655 1298 tempore
1685 1237 1803 1300 per
1826 1229 2034 1279 totum
2066 1215 2389 1282 residuum
2420 1219 2571 1297 diei,
2606 1241 2820 1308 quan-

511 1305 729 1404 doque
773 1303 1016 1387 gracias
1067 1301 1216 1366 Deo
1262 1323 1476 1384 agenS,
1511 1299 1831 1365 interdum
1864 1300 2362 1368 misericordiam
2397 1305 2526 1369 Dei
2555 1319 2817 1390 petens

513 1391 770 1456 decimo
799 1389 1074 1474 septimo
1103 1387 1407 1452 kalendas
1452 1387 1776 1466 OctobriS,
1809 1389 1877 1452 in
1908 1390 2114 1452 noctis
2144 1391 2483 1480 principio,
2518 1393 2821 1477 spiritum

514 1479 816 1546 exalavit.
915 1475 1240 1551 Quocirca
1283 1495 1428 1540 cum
1476 1473 1559 1538 sit
1588 1496 1747 1552 moS,
1781 1475 2137 1561 praesertim
2168 1477 2635 1560 religiosorum,
2663 1501 2822 1544 suos

517 1564 861 1630 defunctos
905 1561 1165 1628 alternis
1205 1561 1497 1647 precibus
1529 1561 1889 1638 memorari,
1916 1576 2145 1625 vestrae
2174 1565 2655 1630 communitatis
2684 1567 2825 1630 cle-

514 1651 830 1717 menciam
885 1649 1296 1735 imploramus
1347 1648 1612 1725 obnixe,
1662 1648 1960 1735 quatinus
2010 1648 2365 1732 dignemini
2408 1651 2564 1716 dicti
2612 1652 2825 1736 patris

517 1738 721 1804 nostri
771 1737 1046 1803 animam
1098 1758 1244 1800 cum
1287 1734 1622 1799 animabus
1669 1750 2027 1799 vestrorum
2074 1735 2159 1800 ab
2203 1737 2323 1801 hac
2354 1738 2497 1802 luce
2524 1741 2829 1804 subtrac-

519 1838 732 1890 torum
783 1823 1102 1888 memoriis
1147 1821 1431 1886 corditer
1475 1821 1829 1898 reminisci;
1876 1836 1949 1886 ut
1980 1822 2161 1886 vobis
2191 1841 2257 1888 et
2287 1823 2512 1888 vestris
2543 1825 2607 1888 in
2638 1848 2827 1891 com-

519 1912 824 1976 munione
872 1909 1182 1975 consimili
1229 1908 1508 1973 strictius
1560 1907 1921 1992 obligemur
1970 1909 2053 1973 ad
2102 1931 2323 1992 parem
2352 1912 2609 1996 pietatis
2638 1935 2829 1978 com-

518 2019 826 2082 pensam3
887 2010 1126 2060 vestros
1185 1995 1404 2060 titulos
1455 1993 1605 2058 huic
1648 1995 1891 2081 scripto
1942 2009 2166 2060 nostro
2218 1997 2501 2062 caritatis
2548 1999 2823 2079 intuitu,

520 2105 904 2170 quaesumus,
935 2082 1424 2148 subscribentes.

613 2172 852 2237 Anima
895 2169 1135 2234 domini
1181 2168 1494 2234 Johannis
1530 2167 1771 2232 Prioris
1805 2166 2274 2248 Dunelmensis,
2322 2181 2387 2234 et
2416 2171 2648 2237 animoe
2678 2195 2831 2238 om-

523 2260 702 2321 nium
761 2257 1048 2322 fidelium
1107 2255 1558 2320 defunctorum
1611 2276 1729 2340 per
1783 2253 1912 2318 Dei
1946 2253 2466 2321 misericordiam
2526 2259 2591 2322 in
2650 2282 2825 2359 pace

523 2345 944 2434 requiescant,
980 2346 1210 2410 Amen.
1310 2342 1652 2406 Oravimus
1680 2363 1800 2427 pro
1832 2341 2077 2420 vestris,
2110 2357 2293 2408 orate
2322 2366 2443 2430 pro
2471 2350 2779 2411 nostris!

850 2757 1178 2803 cccxmn.
1229 2757 1319 2800 Ex
1352 2757 1511 2804 ROT.
1546 2759 1831 2803 xx-xxl.
1872 2761 2143 2806 ‘rnoMAE
2174 2761 2495 2808 LANGLBY

1338 2844 1656 2889 El’lscopl
1689 2846 2007 2892 DUNELM.

1435 2983 1531 3050 [in
1558 2982 1708 3035 ome.
1735 2985 1903 3050 Aua}

619 3127 914 3192 Solutum
970 3125 1250 3192 Thomoe
1295 3125 1592 3212 Egliston
1637 3146 1755 3209 pro
1785 3095 2153 3210 signacione
2185 3131 2288 3214 xvj
2322 3129 2519 3195 boum
2552 3131 2831 3198 Domini

527 3236 676 3278 cum
721 3213 974 3298 signeto
1021 3215 1223 3278 sancti
1259 3213 1571 3292 wilfridi,
1604 3233 1725 3298 pro
1771 3214 2050 3300 quadam
2096 3215 2469 3284 infirmitate
2501 3235 2734 3288 vocata
2765 3221 2831 3286 le

525 3323 754 3389 mot-yn
782 3299 1104 3380 evitanda,
1138 3299 1252 3365 ix4.

527 3477 751 3555 [From
777 3475 876 3537 tlte
903 3475 1084 3537 Lead
1111 3474 1262 3537 Rou
1287 3478 1374 3537 20
1401 3482 1464 3537 to
1493 3477 1573 3538 21
1610 3476 1693 3557 qs
1708 3475 1951 3558 Bishop
1976 3477 2282 3560 Lanyley,
2305 3479 2413 3542 but
2436 3480 2536 3544 the
2560 3486 2741 3560 eutr-31
2768 3482 2829 3545 2⁰8

894 3563 1120 3624 drawn
1146 3561 1407 3643 throuqlz
1437 3564 1588 3626 with
1608 3585 1653 3626 a
1664 3583 1814 3645 pen,
1846 3586 1924 3628 as
1944 3567 2017 3646 if
2026 3577 2133 3628 not
2149 3567 2463 3647 allowed]

603 3741 628 3768 ⁰
651 3734 782 3788 This
801 3737 1102 3799 supplicatio
1136 3733 1449 3786 constitutes
1487 3735 1581 3786 the
1620 3735 1843 3808 heading
1880 3737 1943 3790 of
1968 3738 2060 3790 the
2094 3738 2338 3792 {dentical
2374 3739 2499 3790 Roll
2533 3739 2699 3792 which
2724 3755 2828 3792 vas

523 3802 722 3856 carried
761 3805 831 3870 by
868 3805 960 3855 the
993 3806 1251 3854 Breviator
1289 3802 1420 3853 from
1459 3804 1771 3871 Mouastery
1795 3813 1851 3856 to
1886 3806 2198 3874 Monastery
2220 3807 2301 3858 for
2323 3808 2417 3859 the
2438 3807 2681 3874 specified
2704 3823 2831 3873 pur-

528 3889 683 3940 posez
703 3873 804 3924 and
831 3872 994 3923 which
1011 3873 1244 3923 contains
1266 3886 1330 3921 an
1355 3874 1711 3922 enumeration
1736 3873 1798 3923 of
1810 3889 1970 3939 every
1999 3875 2059 3925 M
2065 3881 2301 3940 antistet-y
2329 3877 2384 3925 in
2413 3873 2673 3944 Brigianii,
2698 3875 2829 3926 with

529 3943 599 3992 its
622 3941 792 3991 Order
829 3941 928 3990 and
964 3940 1285 4001 Dedication‚
1307 3955 1362 3988 ss
1385 3939 1511 4006 they
1550 3955 1685 3991 were
1720 3941 2067 4008 respectively
2091 3942 2279 3993 visited
2303 3944 2373 4008 by
2398 3941 2490 3993 the
2518 3941 2685 3994 Monk
2712 3943 2829 3992 who

527 4023 632 4058 was
669 4007 896 4074 deputed
935 4013 990 4059 to
1025 4008 1194 4059 solicit
1225 4007 1363 4058 their
1385 4022 1611 4072 prayers.
1682 4007 1781 4058 See
1822 4024 1852 4058 s
1888 4009 2109 4061 License
2144 4018 2201 4060 to
2222 4025 2253 4060 a
2278 4014 2553 4073 Breviator,
2574 4027 2635 4062 or
2658 4009 2831 4062 Brief-

523 4076 721 4137 bearet,
747 4080 890 4127 when
913 4076 1123 4152 leaving
1145 4077 1296 4128 home
1318 4091 1384 4127 on
1407 4090 1439 4125 a
1459 4073 1655 4152 similat:
1676 4077 1875 4136 errand,
1900 4079 2063 4128 above
2088 4077 2186 4128 No.
2216 4093 2453 4138 cxxxiv,
