3000 5117
863 410 1294 463 Arrssnnlx.
1336 410 1518 461 nm.
1556 412 2101 464 mccccxcvnt.
2256 392 2634 467 ccclxxxix

473 910 696 955 CCCH·
789 909 1165 955 connssssro
1197 909 1348 955 snm
1379 908 1685 955 mommo
1730 910 1933 957 Missa
1964 910 2315 958 BCCLRSIAE
2347 914 2437 958 DE

1215 997 1703 1043 BILLYNGHAM.

1097 1136 1262 1207 [ηερ
1301 1135 1695 1190 1v.rm.f01.
1720 1139 1835 1205 η]

394 1252 686 1321 Thomas
707 1253 1124 1341 permissione
1153 1254 1372 1321 divina
1401 1254 1591 1319 Prior
1619 1254 1909 1320 ecclesioe
1940 1254 2325 1321 cathedralis
2358 1254 2609 1323 Dunel-

285 1342 561 1421 mensis,
592 1342 1070 1410 Achidiaconus
1097 1342 1164 1410 in
1195 1341 1492 1408 omnibus
1523 1342 1806 1407 ecclesiis
1836 1342 1957 1407 sibi
2000 1354 2066 1407 et
2114 1342 2418 1427 Capitulo
2461 1344 2606 1411 Du..

293 1429 620 1494 nelmensi
648 1429 1092 1515 appropriatis,
1125 1429 1338 1507 unitis,
1359 1442 1427 1494 et
1445 1428 1734 1507 annexi&
1760 1428 1998 1494 dilecto
2030 1428 2213 1493 nobis
2243 1429 2309 1493 in
2340 1430 2599 1495 Christo

285 1529 616 1601 perpetuo
659 1516 895 1582 vicario
947 1516 1236 1583 ecclesiae
1287 1514 1665 1603 parochialis
1717 1516 1801 1581 de
1861 1514 2292 1604 Byllingham,
2352 1516 2599 1584 Dunel·

289 1604 534 1668 mensis
562 1602 914 1683 dioceseos,
948 1602 1308 1670 salutem-in
1339 1616 1604 1668 auctore
1635 1602 1875 1671 salutis.
1971 1602 2158 1669 Licet
2200 1603 2386 1669 Deus
2432 1605 2595 1669 Om-

288 1689 614 1775 nipotens,
639 1714 784 1755 cum
817 1690 898 1756 sit
930 1691 1112 1757 Deus
1141 1690 1454 1768 omnium,
1497 1689 1832 1754 ecclesiam
1862 1689 2226 1777 specialiter
2253 1692 2596 1757 asseruerit

287 1774 556 1841 domum
590 1800 794 1857 suam,
841 1791 908 1843 et
951 1800 1094 1843 eam
1143 1800 1278 1842 non
1329 1776 1801 1865 negociacionis
1830 1778 1946 1843 sed
1985 1776 2297 1841 oracionis
2328 1778 2593 1843 domum

287 1864 574 1929 voluerit
599 1864 938 1942 nominari,
972 1879 1220 1931 tantum
1251 1857 1604 1929 abhorrens
1649 1864 1715 1928 in
1758 1864 2013 1949 *templo
2058 1864 2591 1948 negociacionum

281 1951 678 2017 commercia
703 1950 1012 2031 exerceri,
1047 1966 1139 2030 ut,
1171 1952 1346 2017 facto
1375 1950 1633 2036 flagello
1670 1950 1751 2016 de
1781 1950 2095 2029 funiculis,
2131 1950 2485 2016 vendentes·
2506 1953 2591 2017 de

285 2040 537 2123 templo
581 2038 841 2125 ejiceret
870 2052 936 2105 et
975 2054 1288 2116 ementes,
1332 2052 1557 2123 aperte
1596 2037 1967 2121 significans
2020 2060 2209 2125 quam
2255 2039 2591 2104 detestan-

285 2123 446 2189 dum
465 2126 559 2189 -sit
581 2126 890 2191 delictum
914 2148 1160 2204 eorum,
1193 2127 1306 2212 qui
1336 2125 1402 2189 in
1431 2124 1715 2189 ecclesiis
1747 2139 1812 2205 et
1842 2124 2167 2189 cimiteriis
2201 2125 2351 2190 Deo
2374 2148 2591 2191 sacra·

285 2211 370 2277 tis
399 2228 684 2277 mercata
713 2212 976 2291 faciunt,
1013 2213 1499 2299 negociaciones
1528 2234 1641 2276 seu
1663 2212 1789 2277 alia
1811 2212 2148 2299 inhonesta
2170 2226 2235 2277 et
2258 2212 2589 2299 prophana

277 2314 614 2378 exercent,
640 2299 724 2365 de
754 2301 950 2365 domo
998 2299 1126 2365 Dei
1170 2300 1538 2385 speluncam
1584 2298 1905 2363 latronum
1954 2313 2018 2363 et
2048 2300 2309 2363 domum
2342 2300 2585 2366 diaboli

281 2386 603 2451 faciendo.
699 2386 1046 2453 Relacione
1079 2386 1410 2470 fidedigna
1436 2386 1520 2451 ad
1568 2402 1857 2451 nostrum
1902 2386 2195 2451 auditum
2240 2388 2473 2473 saepius
2517 2402 2585 2454 et

278 2495 491 2559 nuper
520 2486 620 2539 est
649 2475 998 2558 prolatum,
1032 2474 1207 2561 quod
1238 2473 1302 2538 in
1331 2472 1605 2537 ecclesia
1633 2473 1715 2537 de
1750 2471 2136 2557 Billingham
2158 2474 2487 2557 praedicta,
2514 2486 2581 2539 et

273 2562 640 2647 praesertim
673 2562 740 2625 in
759 2560 1085 2626 cimiterio
1113 2560 1420 2645 ejusdem,
1444 2560 1547 2623 vel
1580 2559 1808 2624 saltem
1841 2582 2045 2645 prope
2076 2581 2331 2624 murum
2354 2561 2469 2645 huj
2481 2584 2582 2624 us-

273 2648 456 2712 modi
473 2648 808 2725 cimiterii,
843 2660 1124 2712 mercata
1153 2646 1330 2735 quasi
1361 2649 1688 2725 continue,
1735 2648 1997 2731 singulis
2044 2645 2271 2711 diebus
2302 2648 2579 2711 domini-

269 2733 368 2799 eis
397 2750 466 2801 et
493 2734 736 2801 festivis
768 2749 1170 2813 exercentur,
1218 2757 1294 2799 ac
1337 2756 1436 2799 res
1481 2749 1549 2798 et
1596 2735 1767 2799 bona
1814 2733 2250 2799 vendicacioni
2298 2734 2575 2817 publicae

271 2834 714 2907 exponuntur,
759 2844 876 2906 per
918 2820 1208 2885 homines
1253 2820 1583 2909 utriusque
1626 2843 1841 2898 sexuS,
1890 2836 1955 2885 et
2007 2822 2097 2884 sic
2144 2820 2209 2883 in
2251 2842 2575 2885 sacrorum

269 2930 596 2973 canonum
625 2924 1085 2994 contemptum,
1117 2908 1403 2975 ecclesiae
1432 2923 1669 2973 sanctae
1712 2908 2333 2984 dehonestacionem,
2382 2922 2450 2971 et
2484 2908 2577 2993 ip-

265 2995 408 3060 sius
437 2996 567 3062 Dei
601 2994 1080 3080 Omnipotentis
1103 2996 1429 3073 offensam,
1465 3017 1593 3069 non
1614 2994 1871 3059 modica
1886 3008 2354 3079 perpetrantur.
2406 2996 2575 3061 Cum

268 3082 472 3167 igitur
523 3104 639 3167 per
691 3083 1184 3147 constituciones
1235 3088 1601 3155 sanctorum
1654 3095 1911 3167 patrum
1965 3081 2297 3145 inhibitum
2353 3082 2456 3159 sit,
2508 3099 2578 3147 et

267 3169 624 3235 inhibendo
651 3182 986 3245 statutum,
1023 3183 1092 3234 ut
1123 3168 1500 3245 inecclesiis
1524 3171 2049 3255 quibuscumque,
2084 3191 2195 3232 seu
2230 3167 2570 3247 cimiteriis,

267 3270 574 3335 mercatu,
637 3256 1072 3333 mercimonia,
1127 3256 1633 3343 negociacione8‚
1695 3254 2061 3319 nullatenus
2119 3268 2567 3333 exerceantur,

265 3366 344 3409 ac
379 3344 738 3430 EpiscopiS,
787 3342 1324 3429 ArchiepiscopiS,
1369 3357 1709 3419 eteorum
1757 3341 2150 3421 officialibus,
2199 3365 2312 3407 seu
2345 3364 2571 3407 eorum

267 3430 440 3497 vices
469 3428 862 3516 gerentibus,
893 3432 959 3493 in
985 3436 1218 3494 virtute
1249 3426 1645 3495 obedienciae
1684 3442 1753 3493 et
1798 3431 1917 3494 sub
1946 3451 2139 3514 poena
2167 3443 2571 3515 contemptus

267 3518 540 3583 firmiter
569 3518 652 3583 sit
703 3518 1083 3603 injunctum,
1147 3532 1218 3581 ut
1246 3516 1368 3581 hoc
1413 3515 1667 3583 salubre
1697 3530 2009 3581 statutum
2061 3539 2176 3602 per
2234 3539 2573 3583 censuram

261 3604 762 3671 ecclesiasticam
797 3604 1074 3669 fideliter
1103 3602 1342 3669 faciant
1363 3602 1725 3680 observari3
1775 3626 1911 3681 noe,
1943 3602 2161 3687 igitur,
2197 3604 2574 3670 municioni-

265 3693 386 3757 bus
417 3704 488 3757 et
531 3693 810 3777 paternis
860 3690 1314 3754 tradicionibus
1363 3689 1728 3774 hujusmodi
1787 3691 2077 3768 obedire,
2130 3704 2201 3755 ut
2256 3706 2567 3768 tenemur,

265 3780 585 3855 volenteS,
620 3778 799 3841 vobis
829 3778 894 3842 in
929 3780 1163 3842 virtute
1193 3777 1611 3853 obedienciae,
1666 3791 1735 3841 et
1768 3777 1885 3841 sub
1932 3799 2125 3861 poena
2160 3793 2568 3862 contemptus

261 3866 542 3930 firmiter
570 3864 963 3952 injungendo
993 3864 1388 3941 mandamus,
1437 3878 1750 3950 quatenus
1798 3884 2017 3927 omnes
2048 3876 2113 3926 et
2140 3862 2425 3945 singulos
2456 3887 2571 3948 pa-

257 3951 602 4018 rochianos
635 3966 874 4016 vestros
905 3950 988 4016 de
1017 3951 1428 4037 Billingham,
1476 3965 1543 4014 et
1590 3950 1727 4015 aliis
1757 3947 1911 4013 locis
1958 3949 2040 4011 ab
2072 3949 2291 4011 eadem
2325 3950 2569 4034 depen-

255 4040 563 4105 dentibus
592 4038 852 4125 publice
881 4052 950 4102 et
977 4038 1411 4123 solempniter,
1447 4036 1508 4100 in
1538 4058 1795 4119 genere,
1818 4050 1887 4099 et
1912 4038 1968 4097 si
1993 4057 2247 4099 necesse
2274 4034 2469 4099 fuerit
2500 4036 2569 4101 in

257 4127 494 4212 specie,
523 4126 858 4203 moneatis»,
881 4145 1042 4211 quos
1073 4139 1296 4189 tenore
1321 4121 1735 4209 praesencium
1758 4122 2180 4207 peremptorie
2207 4145 2562 4201 monemus,

258 4236 344 4279 ne
372 4214 457 4278 de
481 4228 720 4279 caetero
753 4213 816 4275 in
847 4210 1118 4276 ecclesia
1144 4234 1256 4275 seu
1287 4209 1603 4276 cimiterio
1633 4208 1955 4294 praedictis
2000 4226 2281 4274 mercata
2314 4224 2557 4289 tenere,

257 4302 746 4384 negociaciones
777 4298 1010 4376 facere,
1061 4319 1304 4363 merces
1355 4316 1468 4362 aut
1522 4296 1935 4362 mercimonia
1964 4294 2403 4362 vendicacioni
2445 4319 2563 4361 ex-

255 4410 520 4474 ponere,
553 4388 673 4453 sub
702 4408 894 4473 poena
923 4385 1243 4452 interdicti
1273 4384 1561 4451 ecclesiae
1592 4398 1658 4449 et
1688 4382 1981 4448 cimiterii
2012 4383 2329 4468 praedicti,
2362 4407 2556 4471 quam

1325 4475 1363 4535 2
1399 4492 1440 4535 B
1478 4481 1515 4536 3
