3000 5117
719 506 1182 561 cantamus
1229 510 1338 561 m:
1375 510 1945 562 monumentum.
2402 490 2499 565 ³9

169 671 366 749 teret,
433 691 564 736 nec
609 670 970 757 privilegiis
1006 670 1302 737 ecciesiae
1339 671 1548 737 fidem
1600 672 1809 750 daret,
1857 670 1971 749 illi,
2024 670 2381 738 existentes
2426 667 2491 733 in

171 756 466 823 consiliis
489 760 846 837 unanimes,
893 758 1290 825 libertatibus
1325 759 1589 824 viriliter
1614 759 2090 836 incumbebant,
2120 767 2223 843 [et
2240 757 2495 845 jactan-

171 860 274 909 tes
317 846 688 931 cogitatum
719 868 906 910 suum
937 845 1006 911 in
1051 846 1360 923 Domino,
1395 846 1705 912 auxilium
1735 846 2151 932 postulabant
2180 868 2216 911 e
2248 844 2487 924 coelo]:

170 932 480 1019 adeoque
515 932 882 1033 prudenter
927 933 1432 1018 penecutionem
1486 932 1683 1019 patn's
1740 932 2167 1019 excipiebant,
2212 930 2389 1019 quod
2425 943 2496 996 et

169 1018 567 1084 humilitatis
625 1020 1004 1106 obsequium
1063 1020 1469 1100 exhiberent,
1532 1034 1599 1086 et
1658 1034 1871 1086 tamen
1918 1018 2303 1111 integritatis
2354 1038 2491 1083 suae

215 1106 455 1171 loriam
507 1128 638 1170 non
683 1106 1076 1171 amitterent.
1170 1107 1318 1172 Hiis
1363 1108 1677 1173 malorum
1724 1107 2034 1173 incendiis
2078 1108 2161 1173 de
2204 1104 2489 1171 ecclesie

171 1130 258 1257 ge
289 1192 536 1259 Eivete
581 1194 788 1280 major
833 1194 1263 1259 contentionis
1293 1195 1610 1261 succrevit
1640 1195 1915 1265 occasio.

343 1610 519 1655 car.
547 1610 710 1655 xm.
787 1612 877 1656 nn
913 1593 1170 1681 [ramo
1191 1591 1464 1681 nuno]
1506 1612 1893 1658 nmeoanun
1920 1609 2131 1655 mna
2161 1608 2317 1653 rm-

453 1698 724 1743 utrum
771 1700 1216 1745 hominunm
1247 1700 1642 1747 anscortm
1692 1702 1779 1745 m·
1826 1696 2226 1743 monacum.

995 1842 1144 1908 [us
1182 1844 1308 1911 eq».
1333 1860 1474 1907 cxx,
1508 1843 1545 1895 t:
1576 1844 1713 1913 us]

265 1976 438 2042 ,Post
473 1976 808 2043 decessum
857 1981 1140 2065 magistri
1192 1982 1452 2048 Ricardi
1499 1984 1585 2049 de
1635 1980 2087 2067 coldingham,
2134 1978 2363 2043 fratres
2410 1976 2490 2041 in

169 2088 264 2129 -ea
292 2064 644 2129 intromissi
673 2066 886 2131 hostia
901 2067 1042 2151 jam
1065 2068 1448 2136 clauserant.
1540 2070 2001 2157 Torquebatur
2026 2068 2240 2153 itaque
2270 2062 2489 2129 animo

183 2152 574 2237 Episcopus,
630 2152 758 2252 [et]
809 2153 934 2219 hoc
965 2154 1026 2217 in
1057 2178 1234 2221 suam
1267 2157 1595 2222 deducens
1626 2156 2066 2241 ignominiam,
2098 2168 2342 2219 tantam
2375 2151 2489 2214 iras

167 2243 490 2325 concepit
537 2262 880 2317 vesaniam,
913 2243 1088 2329 quod
1117 2244 1452 2309 ecclesiam
1485 2244 1810 2309 videretur
1840 2240 2225 2307 convertisse
2256 2239 2320 2303 in
2350 2260 2492 2303 car-

179 2350 427 2405 cerem,
475 2326 630 2391 dum
677 2328 1031 2393 custodiam
1079 2338 1537 2413 arm[at]orum
1584 2334 2115 2416 circumponeret,
2164 2328 2375 2415 ignem
2424 2336 2492 2389 et

181 2414 434 2478 fiimum
462 2413 689 2477 hostiis
721 2428 785 2479 et
833 2416 1123 2481 fenestris
1175 2419 1466 2483 adhiberi
1520 2419 1925 2504 praeciperet,
1954 2418 2186 2503 cybum
2234 2412 2489 2478 inclusis

173 2501 430 2579 inferri,
459 2514 538 2564 ut
562 2502 666 2566 vel
696 2502 865 2567 fame
895 2503 1219 2583 cederent,
1255 2506 1646 2590 prohiberet.
1750 2504 1913 2569 Haec
1942 2504 2160 2569 omnia
2190 2496 2487 2565 monachi

181 2588 634 2673 perferebant3
667 2588 872 2675 [jam]
898 2591 1183 2678 jamque,
1219 2592 1284 2656 in
1323 2596 1648 2679 patientiae
1680 2615 1815 2658 suae
1846 2592 2141 2680 gloriam,
2174 2589 2483 2661 omnium,

171 2676 288 2763 qui
333 2691 796 2753 convenerant,
831 2692 941 2741 aut
999 2678 1140 2742 haec
1183 2678 1539 2759 audierant,
1600 2682 1843 2745 animos
1890 2678 1975 2743 ad
2032 2672 2490 2761 compassionis

169 2762 610 2827 acerbitatem
665 2780 1142 2829 converterant.
1271 2767 1513 2831 Videas
1558 2768 1709 2833 deni
1756 2790 1837 2832 ne
1889 2766 2264 2852 Episcopus,
2309 2758 2491 2847 quod

169 2853 314 2934 ejus
334 2850 661 2914 instantia
691 2872 818 2913 non
851 2852 1212 2935 proficeret,
1245 2869 1311 2918 et
1325 2854 1689 2919 constantia
1712 2791 1981 2918 iix-atrum
2008 2850 2335 2915 indefessa
2360 2868 2491 2911 non

173 2938 496 3002 deficeret
523 2960 540 3013 ;
590 2959 668 3002 ue
699 2937 960 3022 pudoris
990 2939 1148 3003 vitio
1179 2940 1505 3006 videretur
1534 2942 1827 3017 affectus,
1882 2939 1995 3005 sed
2042 2938 2243 3022 magis
2272 2934 2491 2999 studio

179 3026 440 3109 pietatis
472 3038 870 3102 attractatus,
903 3026 1172 3091 eandem
1197 3028 1650 3093 ecclesiam-eis
1682 3028 1747 3092 in
1780 3050 1929 3091 usus·
1958 3039 2305 3111 perpetuos
2336 3043 2491 3085 con·

171 3113 388 3188 cessit,
423 3126 498 3176 et
543 3111 887 3197 episcopali
933 3115 1316 3179 auctoritate
1373 3116 1741 3191 roboravit3
1788 3112 2085 3199 siluitque
2137 3107 2489 3181 contentio,

177 3201 468 3278 {scilicet
520 3199 829 3274 exterior,
885 3199 1032 3285 quia
1090 3200 1300 3267 adhuc
1352 3204 1655 3279 interius]
1717 3224 1785 3267 se
1845 3218 2075 3264 mutuo
2122 3194 2491 3283 suspicionis

179 3287 446 3353 stimulo
494 3286 1042 3371 compunge-bant.

385 3690 588 3764 IGAP·
637 3703 777 3748 XIV.
869 3704 1215 3749 RICARDUS
1269 3706 1410 3749 REX
1455 3707 1735 3769 aNGMAE
1783 3707 2257 3753 INTERFECTUS

1273 3792 1414 3841 Esfr.

945 3936 1106 4001 [ΜΒ.
1145 3936 1274 4003 Cap.
1307 3952 1464 3999 cxxx,
1499 3937 1535 3987 f.
1574 3938 1711 4004 17³]

259 4078 581 4159 [lutei-ea,
605 4096 775 4139 anno
798 4075 1169 4141 Dominicoe
1185 4076 1647 4143 incarnationis
1670 4088 2052 4158 sf⁰c⁰xcxx⁰,
2074 4079 2483 4166 episcopatus

181 4163 466 4249 Philippi
527 4170 670 4239 ιη’,
745 4162 1061 4227 Ricardus
1113 4164 1258 4228 Rex
1322 4166 1707 4250 Anglorum,
1770 4166 1831 4229 iu
1886 4167 2223 4233 obsidione
2264 4169 2487 4255 oppidi

175 4253 266 4317 de
315 4251 572 4315 Clialuz
619 4248 946 4334 inopinate
989 4250 1307 4336 quadrato
1355 4254 1725 4331 transfixus,
1756 4276 1902 4318 cum
1946 4254 2187 4342 aliquot
2216 4255 2353 4319 dies
2383 4281 2489 4320 su-

177 4340 548 4423 perviveret
597 4337 660 4399 in
704 4336 1053 4415 doloribus,
1087 4352 1155 4402 et
1185 4338 1551 4404 ,Iohannem
1582 4342 1840 4405 tratrem
1888 4363 2071 4407 suurn
2120 4340 2185 4407 in
2236 4343 2489 4427 Regem

179 4426 297 4489 sibi
343 4424 787 4500 substitueret,
835 4438 1112 4488 mortem
1161 4424 1422 4489 demum
1469 4428 1735 4490 sociavit
1784 4430 2170 4499 muneribus.
2271 4430 2493 4513 Cepit-

175 4534 304 4601 que
361 4511 724 4597 Episcopus
755 4510 1212 4597 aliquantulum
1261 4514 1507 4591 timere,
1557 4530 1624 4579 ct
1656 4514 1863 4581 minus
1894 4516 2137 4593 timeri3
2168 4516 2320 4604 quia
2351 4530 2489 4585 tota

1286 4620 1330 4662 B
1367 4604 1406 4663 2
