3000 5117
807 506 1229 559 Arrnnmx.
1269 496 1452 559 ANN.
1493 504 1917 579 mccccmv.
2220 482 2519 557 cccxxix

239 668 536 756 praedicta
555 668 776 733 omnia
803 681 869 732 et
895 668 1148 753 singula
1163 688 1378 733 coram
1398 669 1490 733 eis
1512 678 1729 751 coepta
1748 664 2040 744 fuissent,
2066 674 2133 731 et
2154 664 2527 766 jurisdiccio

239 778 446 822 eorum
477 769 545 821 et
575 756 960 841 cujuslibeti
1009 778 1222 819 sorum
1253 754 1319 817 in
1347 754 1671 840 proedictis
1700 754 1997 817 omnibus
2028 766 2095 819 et
2124 754 2389 839 singulis
2410 774 2531 839 per

239 842 602 909 citacionem
665 843 772 907 vel
829 864 938 906 mo
986 864 1093 905 um
1150 841 1347 907 alium
1391 853 1773 927 perpetuata
1799 840 2156 925 legitimum
2186 839 2530 907 extitisset.

241 930 378 995 Non
407 929 812 996 obstantibus
841 929 1138 995 omnibus
1180 942 1251 994 et
1293 928 1559 1013 singulis
1617 927 1685 991 in
1728 926 1957 991 litteris
2014 940 2083 992 et
2126 940 2533 1015 transumpto

239 1016 504 1103 praefatis
549 1015 888 1095 contentis,
919 1036 1169 1081 necnon
1201 1014 1498 1080 omnibus
1528 1014 1650 1079 illis
1680 1035 1827 1115 quae
1857 1013 2064 1079 dictus
2092 1014 2536 1101 predecessor

239 1104 298 1168 in
337 1104 460 1169 suis
505 1104 742 1169 litteris
784 1103 1064 1189 proefatis
1095 1123 1222 1167 non
1253 1103 1513 1168 obstare
1544 1102 1767 1179 voluit,
1815 1101 2015 1166 ceteri
2092 1122 2171 1166 ue
2198 1101 2535 1167 contrariis

243 1190 784 1279 quibuscumque3
829 1202 944 1255 aut
989 1190 1042 1255 si
1085 1190 1402 1278 aliquibus
1445 1189 1875 1255 communiter
1902 1187 2007 1253 vel
2080 1187 2283 1252 ivisim
2313 1213 2354 1253 a
2380 1188 2541 1255 sede

240 1279 578 1363 apostolica
607 1278 930 1341 indultum
961 1276 1217 1356 existat,
1247 1278 1426 1365 quod
1456 1275 1776 1353 interdici,
1801 1273 2127 1358 suspendi,
2150 1274 2251 1340 vel
2274 1295 2537 1341 excom-

244 1364 540 1430 municari
601 1386 738 1429 non
796 1364 1042 1449 possint
1099 1386 1218 1451 per
1289 1364 1538 1429 litteras
1597 1361 1979 1449 apostolicus
2036 1382 2169 1425 non
2224 1360 2537 1427 facientes

241 1452 482 1536 plenam
511 1462 584 1515 et
615 1472 980 1535 expressam
1030 1472 1106 1515 ac
1137 1450 1220 1516 de
1252 1452 1448 1516 verbo
1477 1450 1564 1515 ad
1608 1449 1877 1515 verbum
1906 1446 1991 1511 de
2016 1442 2269 1511 indulto
2318 1448 2541 1534 hujus-

241 1538 408 1603 modi
453 1538 882 1604 mentionem.
973 1536 1156 1601 Nulli
1184 1560 1342 1621 ergo
1369 1537 1631 1602 omnino
1666 1534 1952 1600 omnium
1984 1532 2317 1599 hominum
2345 1534 2537 1599 liceat

241 1623 396 1689 hanc
421 1623 730 1709 paginam
759 1636 1130 1688 nostrorum
1161 1622 1683 1700 confirmationis,
1716 1620 2214 1707 approbationis,
2248 1642 2537 1687 commu·

241 1710 507 1788 nitionis,
559 1709 1006 1797 suppletionis,
1055 1710 1498 1787 revocationis,
1542 1708 1931 1787 irritationis,
1977 1708 2377 1783 cassationis,
2422 1728 2538 1773 au-

242 1797 620 1875 nullationis,
667 1796 1084 1874 reductionis,
1139 1797 1446 1875 mandati,
1499 1795 1871 1875 voluntatis,
1925 1807 1995 1860 et
2040 1792 2534 1873 constitutionis,

243 1882 600 1971 infringere,
638 1884 744 1949 vel
775 1882 834 1947 ei
863 1906 1022 1947 ausu
1053 1883 1398 1949 temerario
1427 1882 1801 1948 contrarire.
1894 1882 1964 1949 Si
1992 1881 2134 1970 quis
2164 1892 2383 1945 autem
2411 1880 2541 1945 hoc

242 1982 616 2055 attemptare
645 1990 918 2055 praesum
1031 1972 1138 2049 rit,
1187 1968 1701 2056 indignacionem
1748 1968 2207 2053 omnipotentis
2252 1966 2407 2045 Dei,
2462 1988 2541 2032 uo

241 2057 566 2121 beatorum
609 2056 783 2123 Petri
813 2072 882 2123 et
971 2056 1102 2121 auli
1129 2058 1571 2143 apostolorum
1594 2056 1727 2141 ejus
1756 2078 1823 2121 se
1846 2056 2095 2121 noverit
2114 2055 2536 2123 incursurum.

245 2143 408 2207 Data
439 2144 676 2208 Romoe
705 2145 879 2229 apud
915 2146 1222 2212 Sanctum
1260 2143 1547 2222 Petrum,
1595 2164 1766 2208 anno
1810 2142 2276 2208 Incarnationis
2311 2140 2542 2205 Domi·

241 2232 392 2293 nicoe
421 2230 764 2295 millesimo
801 2231 1430 2318 quadringentesimo
1473 2228 2005 2317 quinquagesimo
2048 2228 2269 2307 tercio,
2316 2228 2547 2294 kalen·

245 2315 350 2381 das
380 2316 740 2396 Februarii,
766 2318 1180 2403 pontificatus
1207 2318 1409 2382 nostri
1440 2339 1611 2383 anno
1640 2328 1895 2403 quarto.

411 2731 720 2778 cchvu.
765 2730 998 2775 BULLA
1029 2726 1295 2775 enisu
1320 2729 1513 2775 PAPAE.
1534 2728 1777 2776 ‘maen
1800 2730 2361 2781 msrsnssroms.

1089 2868 1260 2931 [cart.
1283 2867 1402 2920 111.
1424 2866 1511 2920 foi.
1534 2868 1679 2933 soh]

329 3011 612 3079 calistus
645 3010 1022 3095 Episcopus,
1068 3028 1288 3071 servus
1315 3028 1649 3071 servorum
1680 3006 1833 3086 Dei,
1878 3008 2131 3075 dilectis
2158 3008 2303 3075 filiis
2335 3011 2547 3079 Priori

249 3110 308 3163 et
357 3098 736 3164 conventui
789 3092 1170 3160 Monasterii
1227 3107 1472 3159 sanctae
1527 3093 1761 3157 Marioe
1806 3109 1876 3159 et
1932 3096 2133 3161 sancti
2194 3097 2545 3165 cuthberti

251 3184 724 3261 Dunelmensis,
755 3204 874 3269 per
910 3180 1198 3245 Priorem
1229 3179 1399 3243 soliti
1428 3181 1792 3263 gubernari,
1824 3180 2069 3246 ordinis
2095 3183 2299 3249 sancti
2334 3186 2548 3253 Bene-

249 3271 414 3351 dicti,
445 3271 724 3336 salutem
755 3284 824 3334 et
849 3267 1266 3354 apostolicam
1287 3266 1837 3332 benediccionem.
1930 3268 2203 3335 Racioni
2225 3273 2551 3361 congruit,

249 3370 312 3421 et
339 3358 644 3422 convenit
673 3354 1016 3433 honestati,
1040 3365 1116 3418 ut
1143 3376 1244 3432 ea,
1276 3374 1426 3440 quoe
1475 3352 1561 3418 de
1620 3354 1895 3419 Romani
1950 3355 2285 3423 Pontificis
2337 3362 2549 3445 gratia

249 3455 709 3527 processerunt,
759 3443 906 3506 iicet
935 3443 1072 3528 ejus
1111 3440 1602 3525 superveniente
1630 3441 1813 3506 obitu
1845 3442 2117 3509 Litteroe
2151 3444 2551 3529 Apostolicoe

251 3552 432 3615 super
461 3530 584 3595 illis
615 3528 930 3593 confectae
979 3544 1112 3592 non
1157 3528 1419 3603 fuerint,
1473 3548 1661 3591 suum
1712 3542 2187 3615 consequantur
2220 3532 2547 3599 effectum.

254 3617 516 3683 Dudum
541 3614 856 3702 siquidem
881 3614 1082 3681 felicis
1095 3611 1567 3679 recordacionis
1591 3613 1867 3679 Nicolao
1889 3616 2087 3702 Papae
2110 3640 2169 3697 v,
2194 3621 2557 3704 proedeces—

249 3706 368 3767 sori
393 3716 637 3780 nostre,
669 3722 792 3787 pro
819 3712 1003 3788 parte
1023 3714 1234 3766 vestra
1259 3700 1580 3786 exposito,
1604 3700 1781 3787 quod
1808 3701 1875 3764 in
1908 3702 2317 3770 Monosterio
2344 3724 2561 3771 vestro

249 3803 484 3859 sanctae
517 3788 756 3854 Mariae
785 3802 850 3853 et
899 3788 1103 3852 sancti
1155 3786 1505 3853 Cuthberti
1554 3786 2030 3867 Dunehnensis,
2071 3790 2313 3855 ordinis
2344 3792 2551 3857 sancti

252 3874 611 3953 Benedicti,
658 3897 701 3939 a
727 3874 1004 3939 nonullis
1035 3876 1430 3959 temporibus
1457 3876 1643 3951 citra,
1674 3875 1971 3962 quoedam
2016 3874 2367 3941 inoleverat
2396 3898 2553 3941 con-

247 3963 539 4039 suetude,
591 3984 704 4025 seu
755 3961 962 4027 verius
1011 3960 1373 4046 usurpacio,
1406 3961 1585 4046 quod
1616 3982 1657 4024 a
1682 3961 1791 4025 die
1836 3960 2161 4026 dominico
2194 3961 2553 4049 septuage—

247 4049 422 4113 simae
450 4069 660 4136 usque
703 4048 786 4113 ad
835 4047 1009 4112 diem
1037 4046 1429 4112 dominicum
1463 4046 2027 4135 Quinquagesimae
2056 4046 2365 4113 inclusive
2398 4050 2552 4117 Mo·

247 4136 428 4201 nachi
459 4133 756 4222 proedicti
791 4133 1192 4212 Monasterii,
1239 4148 1309 4199 et
1333 4132 1605 4198 aliorum
1630 4134 1715 4197 ab
1744 4156 1825 4197 eo
1850 4134 2355 4219 dependentium
2384 4135 2561 4202 loco·

249 4244 409 4302 rum,
464 4234 644 4288 certa
695 4221 1081 4286 cibariorum
1133 4242 1393 4305 genera,
1447 4218 1641 4297 frixa,
1690 4218 2009 4297 videlicet,
2064 4233 2131 4287 et
2158 4219 2555 4303 farciaturas,

251 4330 412 4395 qnae,
446 4323 519 4374 ut
547 4307 890 4394 plurimum
923 4309 1006 4373 de
1053 4305 1347 4373 carnibus
1402 4306 1541 4371 ficri
1588 4320 2077 4386 consueverunt,
2113 4309 2415 4375 humanae
2444 4332 2559 4377 na·

253 4408 433 4473 turae,
494 4394 852 4483 praesertim
891 4394 1036 4461 fflis
1139 4392 1206 4457 ui
1263 4392 1484 4460 missas
1542 4392 1871 4457 celebrare
1929 4414 2005 4457 ac
2056 4394 2165 4459 die
2223 4414 2551 4486 noctuque

253 4480 476 4547 diuinis
503 4479 728 4549 officiis
767 4480 1058 4551 insistere
1161 4481 1379 4561 abent,
1435 4479 1781 4567 plurimum
1812 4480 2133 4547 contraria
2184 4496 2253 4549 et
2306 4486 2555 4567 nociva,
