3000 5117
507 429 782 501 -eccciv
1015 454 1220 504 ms'r.
1252 455 1613 506 numum.
1657 456 2120 510 SCRJP'EORES
2156 457 2368 507 Tnns.

549 635 630 677 ex
661 629 846 698 parte
878 614 1148 680 dextera
1177 615 1330 679 dicti
1364 616 1605 680 domini
1641 616 1903 695 Prion-is,
1938 634 2005 683 et
2026 618 2338 707 magistro
2368 607 2653 683 Ricardo
2682 620 2853 705 Ca‘ly

541 699 878 784 suppriore
921 700 1128 785 primo
1169 723 1254 765 ex
1284 717 1464 787 parte
1493 703 1768 782 sinistra,
1802 719 1869 769 et
1902 705 2206 788 magistro
2242 706 2499 770 Thoma
2532 707 2853 771 Swalwell

549 786 816 851 terrario
846 789 1128 853 secundo
1158 804 1222 851 et
1257 789 1482 853 ultimo
1514 812 1596 854 ex
1628 805 1806 873 parte
1836 790 2128 855 dextera.
2228 792 2479 865 Quibus
2510 794 2854 857 confratri-

544 872 669 936 bus
717 873 1009 939 custodia
1051 873 1515 959 spiritualitatis
1563 876 1833 943 civitatis
1886 892 1951 941 et
1998 877 2327 943 dioceseos
2364 879 2848 957 Dunelmensis,

549 960 700 1023 sede
749 961 1094 1045 episcopali
1148 962 1436 1045 ejusdem
1485 985 1601 1047 per
1656 978 1931 1029 mortem
1977 963 2165 1029 bonae
2216 966 2542 1027 memoriae
2604 967 2851 1029 domini

554 1045 872 1110 Willielmi
901 1049 1105 1113 Senus
1133 1047 1334 1111 ultimi
1359 1049 1529 1112 sedis
1550 1049 1838 1133 ejusdem
1868 1049 2162 1115 antistitis
2188 1066 2476 1128 vacante,
2509 1074 2631 1137 per
2666 1053 2853 1116 Prio-

546 1154 682 1196 rem
717 1147 784 1197 et
812 1134 1163 1219 capitulum
1196 1134 1486 1201 ecclesiae
1516 1136 1903 1201 cathedralis
1934 1138 2277 1201 antedictae
2308 1153 2447 1201 erat
2477 1141 2847 1215 commissa,

546 1232 612 1282 et
645 1219 793 1284 huic
824 1221 1140 1284 secundus
1171 1236 1236 1285 et
1259 1222 1522 1285 ultimus
1554 1244 1638 1285 ex
1662 1237 1851 1307 parte
1882 1223 2131 1287 sinistra
2154 1224 2545 1288 consedebat
2568 1225 2636 1289 in
2662 1225 2847 1289 sedili

541 1306 859 1391 praedicto
903 1308 1210 1391 magister
1261 1308 1637 1372 Edmundus
1682 1308 1923 1373 Jakson
1970 1308 2183 1393 legum
2230 1309 2479 1387 doctor,
2520 1334 2597 1375 ac
2628 1324 2848 1375 rector

544 1392 830 1457 ecclesiae
904 1394 1280 1477 parochialis
1355 1396 1438 1457 de
1512 1394 1883 1459 Whitbarne
1959 1395 2413 1460 Dunelmensis
2486 1398 2849 1465 dioceseos-

551 1478 770 1557 Unde,
819 1480 1005 1544 finito
1048 1502 1364 1556 sermone,
1397 1480 1697 1544 dominus
1735 1482 1919 1546 Prior
1947 1481 2249 1567 deposuit
2278 1504 2526 1567 capam,
2562 1486 2846 1561 mitram,

539 1566 867 1644 baculum,
917 1581 1042 1634 etc.
1091 1568 1156 1629 in
1189 1569 1387 1631 choro
1419 1567 1713 1643 Galilaea,
1748 1583 1811 1631 et
1845 1568 2083 1633 ibidem
2114 1568 2400 1645 sedebat,
2436 1570 2853 1635 consedenti-

538 1654 662 1716 bus
685 1654 861 1717 dicto
886 1654 1135 1717 decano
1158 1676 1240 1717 ex
1265 1667 1450 1738 parte
1473 1656 1607 1739 ejus
1632 1653 1921 1731 dextera,
1948 1670 2015 1719 et
2036 1656 2225 1719 dictis
2247 1658 2557 1739 magistro
2584 1656 2851 1723 Thomu

551 1739 862 1803 Swalwell
909 1754 974 1805 et
1022 1740 1371 1803 Edrmmdo
1416 1740 1661 1804 Jakson
1696 1763 1780 1805 ex
1811 1755 1992 1825 parte
2024 1739 2298 1805 sinistra.
2402 1742 2598 1807 Unde
2624 1744 2849 1827 primo

541 1826 660 1889 toti
707 1827 884 1890 clero
937 1827 1233 1911 exposito
1279 1849 1398 1911 per
1451 1826 1788 1911 praefatum
1844 1828 2175 1891 domin-um
2229 1828 2515 1893 Priorem
2560 1830 2847 1915 qualiter

535 1927 813 1997 utraque
862 1914 1038 1990 sede,
1093 1914 1211 1981 viz.
1261 1915 1647 1978 Eboracensi
1680 1928 1743 1979 et
1781 1914 2198 1980 Dunelmensi
2228 1913 2519 1979 similiter
2549 1934 2846 1994 vacante,

533 2000 744 2061 omnis
797 2012 864 2063 et
911 2000 1285 2064 omnimoda
1322 2000 1695 2086 juristliccio
1742 2000 2081 2085 spiritualis
2114 2001 2385 2064 civitatis
2414 2016 2478 2065 et
2509 2002 2847 2067 dioceseos

538 2084 991 2149 Dunelmensis
1043 2086 1124 2149 ad
1181 2087 1466 2151 Priorem
1498 2102 1566 2151 et
1612 2088 1966 2173 capitulum
2000 2087 2503 2152 Dunelmensem
2538 2089 2843 2174 pertinet,

535 2171 701 2235 sicut
751 2172 834 2235 de
877 2173 1022 2256 jure
1072 2194 1146 2236 ac
1195 2173 1659 2237 consuetudine
1692 2174 2005 2237 hactenus
2036 2174 2367 2257 pertinuit,
2402 2188 2466 2238 et
2498 2192 2851 2260 propterea

538 2259 898 2322 commissio
943 2258 1254 2321 custodioe
1285 2259 1653 2343 hujusmodi
1686 2260 2157 2344 jurisdiccionis
2188 2260 2383 2323 certis
2411 2263 2841 2327 conii-utribus

536 2346 732 2409 dictae
779 2345 1066 2408 ecclesiae
1119 2346 1501 2409 cathedralis
1550 2346 1737 2423 facta,
1788 2368 1979 2433 quam
2028 2346 2543 2412 commissionem
2594 2348 2840 2416 ibidem

531 2432 790 2517 publice
821 2454 936 2516 per
967 2432 1336 2514 magistrum
1365 2433 1682 2499 Thomam
1720 2432 2032 2497 Swalwell
2058 2434 2300 2520 perlegi
2328 2433 2511 2510 fecit3
2544 2458 2675 2521 qua
2694 2459 2842 2521 per-

533 2518 703 2582 lecta
749 2518 1324 2601 preconizabantur
1377 2542 1600 2583 omues
1648 2518 1757 2605 qui
1794 2520 1879 2585 de
1910 2519 2083 2584 clero
2108 2516 2350 2584 ibidem
2385 2519 2698 2589 interesse
2728 2525 2841 2587 de-

536 2606 765 2671 bereut
799 2606 993 2669 modo
1025 2605 1333 2691 sequenti.

712 2855 974 2899 SANCTA
1003 2853 1297 2899 smonve
1320 2852 1734 2897 CELEBRATA
1769 2852 1843 2895 IN
1873 2852 2173 2895 GALILEA
2200 2851 2661 2899 nnNELMENsl

709 2942 993 2991 QUAssTo
1045 2942 1159 2985 DIE
1210 2940 1458 2983 MENSIS
1508 2940 1849 2983 OCTOBRIS
1890 2938 2079 2982 Anno
2116 2938 2373 2983 DOMINI
2404 2938 2663 2983 MILLE-

704 3029 874 3072 simo
909 3026 1493 3079 QmNGEN'rsssIMo
1528 3026 1849 3069 SEPTIMO.

621 3180 810 3245 Prior
883 3180 1170 3245 ecclesiae
1245 3177 1629 3243 cathedralis
1706 3175 2181 3243 Dunelmensis.
2319 3178 2837 3243 Archidiaconus

533 3266 1006 3332 DunelmensiS.
1124 3264 1631 3330 Archidiaconus
1682 3263 2270 3328 NortlmmbrensiS.
2380 3267 2603 3329 Abbas
2665 3266 2839 3330 Novi

533 3352 937 3417 Monasterii.
1027 3354 1246 3416 Abbas
1277 3352 1358 3415 de
1385 3350 1756 3437 Alnewyke.
1850 3351 2071 3415 Abbas
2092 3349 2175 3413 de
2210 3350 2547 3415 Albaland.
2642 3351 2839 3415 Prior

521 3437 612 3500 <le
664 3438 1107 3501 Brenkeburn.
1197 3439 1498 3502 Decanus
1545 3438 1627 3501 de
1676 3436 2001 3503 Aukland.
2098 3435 2398 3499 Decanus
2444 3438 2527 3502 de
2576 3438 2839 3502 Cestria

524 3525 593 3586 in
629 3524 861 3587 Strata.
955 3523 1258 3588 Decanus
1290 3524 1372 3587 de
1404 3523 1866 3608 Langchestre.
1961 3523 2264 3588 Decanus
2290 3522 2371 3587 de
2400 3524 2835 3611 Darlyngton.

529 3608 850 3693 Magister
877 3609 1206 3694 hospitalis
1238 3609 1320 3673 de
1362 3608 1720 3697 Kepeyere.
1818 3609 2131 3693 Magister
2156 3608 2493 3693 hospitalis
2516 3609 2599 3673 de
2636 3610 2837 3675 Sher-

521 3697 712 3766 burn.
809 3696 1128 3781 Magister
1179 3695 1513 3781 hospitalis
1562 3695 1643 3759 de
1697 3696 2033 3761 Gretham.
2128 3694 2447 3783 Magister
2495 3695 2835 3781 hospitalis

526 3784 746 3850 Sancti
799 3784 1119 3848 Edmundi
1167 3782 1450 3867 episcopi
1502 3782 1565 3845 in
1616 3780 2037 3847 Gateshevid.
2132 3780 2450 3865 Magister
2494 3782 2834 3866 hospitalis

533 3872 752 3935 Sancti
789 3870 1113 3935 Edmundi
1132 3870 1296 3954 regis
1328 3870 1390 3932 in
1415 3869 1667 3936 eadem.
1752 3870 1999 3933 Rector
2022 3868 2104 3931 de
2129 3868 2508 3933 Gatishevd.
2584 3870 2839 3933 Rector

519 3958 608 4025 de
671 3958 942 4023 Bolden.
1059 3958 1298 4025 Rector
1351 3956 1434 4020 de
1489 3955 1887 4020 Whitbarne.
1980 3952 2451 4039 Proprietarius
2494 3954 2577 4019 de
2628 3956 2838 4021 Wer-

520 4045 751 4109 ‚mouth
809 4044 1289 4113 monachorum.
1419 4043 1660 4107 Rector
1731 4043 1813 4106 de
1881 4040 2321 4125 Weshiugton.
2440 4042 2685 4107 Rector
2748 4045 2839 4109 de

527 4131 771 4215 Ryton.
880 4132 1118 4197 Rector
1170 4132 1254 4195 de
1309 4129 1685 4217 Whycham.
1782 4129 2027 4193 Rector
2076 4128 2157 4191 de
2224 4128 2601 4193 Wermouth
2656 4130 2837 4215 epis-

509 4217 689 4301 copi.
785 4218 1252 4302 Proprietarius
1299 4216 1380 4281 de
1416 4216 1675 4281 Seham.
1774 4216 2013 4280 Rector
2043 4216 2125 4279 de
2161 4214 2567 4304 Howghtou.
2664 4217 2837 4281 Pro-

513 4303 855 4387 prietarius
923 4306 1004 4369 de
1068 4304 1451 4387 Pittington.
1570 4303 1859 4367 Vicarius
1920 4301 2001 4365 de
2062 4300 2314 4371 eadem.
2441 4302 2682 4368 Rector
2746 4304 2837 4369 de

525 4384 882 4474 Esy'ngton.
999 4391 1463 4474 Proprietarius
1517 4390 1600 4454 de
1657 4390 1903 4452 Dalton
1964 4391 2030 4453 in
2086 4387 2273 4453 valle.
2380 4390 2679 4454 Vicarius
2744 4392 2835 4455 de

509 4475 762 4540 eadem.
892 4476 1355 4559 Proprietarius
1427 4476 1511 4541 de
1584 4476 1943 4565 Hesylden.
2068 4474 2357 4541 VIcarius
2418 4476 2502 4542 de
2572 4478 2831 4545 eadem.
