3000 5117
761 474 1180 528 Am’mimx.
1217 472 1406 526 Anu.
1449 468 2044 525 Mccchxxnx.
2228 449 2595 525 ccclxxvii

465 974 700 1023 ccxcL
781 974 1134 1019 nimmolo
1183 972 1611 1019 RMPcmNUM
1662 972 1751 1017 ΒΤ
1802 972 2301 1019 vlmmclouum
2350 973 2425 1018 m

471 1062 842 1107 nonlmcls
889 1062 974 1106 ΕΤ
1020 1062 1202 1106 ALns
1249 1061 1478 1108 rnsns
1524 1059 1949 1107 sanctonum
2009 1059 2085 1105 m
2149 1061 2431 1106 Dlocnsl

469 1149 952 1195 „ululantum-

1033 1290 1204 1361 [Reg.
1236 1290 1342 1344 IV.
1367 1290 1520 1343 Parv.
1540 1288 1633 1342 fol.
1660 1292 1755 1351 187
1776 1290 1859 1355 h]

381 1433 718 1499 Johannes
749 1430 880 1497 Dei
909 1428 1128 1515 gracia
1157 1427 1619 1494 Dunelmensis
1647 1428 2009 1514 episcopus,
2040 1429 2351 1495 universis
2374 1444 2445 1497 et
2473 1431 2603 1497 sin-

281 1521 464 1607 gulis
486 1520 864 1596 rectoribuS,
890 1518 1160 1595 vicariis,
1191 1536 1444 1581 necnon
1470 1514 1876 1581 ecclesiarum
1907 1530 1975 1581 et
2004 1516 2390 1602 capellarum
2422 1542 2607 1587 cura-

295 1608 402 1687 tiS,
433 1608 708 1672 salutem
739 1604 803 1670 in
847 1604 1132 1669 Domino
1175 1601 1654 1689 sempiternam.
1748 1602 1949 1668 Fama
1976 1604 2230 1688 publica
2258 1604 2598 1686 referente,

286 1694 380 1760 ad
411 1707 704 1759 nostrum
733 1689 986 1758 noviter
1013 1691 1305 1777 pervenit
1333 1688 1645 1769 auditum,
1692 1690 1949 1755 occulta
1976 1692 2179 1756 eciam
2209 1693 2339 1757 fide
2367 1693 2600 1779 soepius

293 1780 779 1867 perpendimuS,
827 1778 1004 1867 quod
1054 1775 1349 1843 nonnulli
1408 1777 1689 1843 artifices
1732 1790 1798 1842 et
1842 1777 2137 1864 operarii,
2184 1791 2254 1843 et
2280 1782 2605 1866 proecipue

297 1884 572 1945 sutores,
605 1880 848 1931 nostrae
877 1862 1326 1950 jurisdiccioni
1355 1863 1597 1929 subditi
1626 1876 1695 1929 et
1726 1863 2019 1949 subjecti,
2056 1864 2186 1930 Dei
2217 1880 2285 1930 et
2316 1868 2605 1933 ecclesiae

300 1956 532 2021 timore
563 1952 1184 2040 postposito,diebus
1213 1948 1549 2017 dominicis
1578 1964 1645 2016 et
1674 1950 1916 2015 festivis
1939 1952 2197 2037 publica
2226 1970 2508 2020 mercata
2537 1956 2603 2021 in

300 2042 629 2107 cimiteriis
659 2040 1091 2118 ecclesiarum,
1125 2053 1194 2105 et
1223 2038 1362 2103 aliis
1393 2038 1553 2105 locis
1586 2036 1825 2121 vicinis,
1858 2052 2099 2118 tenere,
2132 2062 2373 2128 suaque
2405 2042 2601 2123 bona,

299 2152 402 2194 res
431 2144 500 2195 et
533 2150 796 2205 merces,
844 2125 1286 2192 vendicacioni
1329 2147 1677 2212 exponere,
1710 2140 1778 2190 et
1825 2126 1961 2191 aliis
1998 2150 2078 2192 ea
2106 2128 2405 2209 vendere,
2440 2143 2607 2195 tem-

293 2218 566 2303 poribus
612 2217 815 2281 eciam
870 2215 1253 2291 divinorum,
1315 2212 1404 2278 eis
1455 2212 1719 2277 omnino
1766 2235 1807 2279 a
1836 2216 1971 2278 'ure
2030 2214 2388 2299 prohibitis,
2424 2219 2606 2283 nullo

299 2304 500 2369 modo
547 2315 873 2380 verentur,
907 2302 1178 2367 sabbata
1215 2322 1356 2379 sua,
1386 2322 1539 2383 quae
1572 2303 1767 2401 juxta
1868 2300 1927 2365 ei
1969 2317 2363 2390 praeceptum
2394 2304 2608 2371 colere

301 2393 642 2469 deberent,
673 2388 1010 2454 manifeste
1040 2387 1358 2465 violando,
1392 2387 1459 2451 in
1489 2408 1847 2453 ammarum
1876 2410 2133 2453 suarum
2163 2391 2407 2477 grande
2436 2392 2606 2478 peri·

293 2480 542 2558 «culum,
575 2477 901 2565 ‘ipsiusque
953 2474 1078 2540 Dei
1126 2474 1454 2551 offensam,
1510 2488 1579 2539 et
1624 2496 1759 2539 suae
1804 2475 1965 2560 legis
2013 2478 2605 2561 transgressionem.

307 2566 504 2632 Unde
549 2587 688 2644 nos,
719 2562 1088 2651 hujusmodi
1133 2560 1541 2647 dampnabile
1570 2562 1809 2627 factum
1843 2563 2005 2628 inter
2031 2564 2321 2629 subditos
2352 2581 2604 2632 nostros

295 2654 648 2740 praedictos
696 2652 780 2717 ad
831 2673 1056 2716 eorum
1103 2650 1432 2713 interitum
1484 2648 1756 2735 amplius
1803 2672 2073 2738 regnare
2122 2651 2439 2731 nolenteS,
2474 2654 2605 2719 imo

301 2742 516 2806 verius
559 2740 645 2806 ad
687 2740 1044 2825 *mimarum
1114 2758 1372 2802 suarum
1423 2736 1719 2814 salutem,
1788 2751 1980 2823 prout
2024 2759 2109 2802 ex
2152 2738 2345 2803 officii
2402 2745 2605 2807 nostri

296 2828 641 2913 pastoralis
681 2826 908 2892 debito
970 2826 1406 2913 astringimur,
1455 2823 1543 2888 de
1594 2838 1816 2888 cetero
1873 2839 2205 2912 amputare
2254 2825 2601 2912 cupientes,

291 2915 600 2981 omnibus
645 2912 1122 2991 mercatoribus,
1149 2925 1224 2977 et
1269 2909 1591 2997 proecipue
1611 2910 1961 2989 sutoribus,
1991 2927 2063 2977 et
2092 2914 2321 2978 ceteris
2348 2914 2606 2980 artifici-

295 3003 422 3068 bus
472 3000 745 3068 civitatis
775 3014 844 3066 et
893 3000 1222 3065 dioceseos
1275 2998 1749 3076 Dunelmensis,
1785 2998 2051 3063 firmiter
2088 2998 2499 3085 injungimuS,
2534 3021 2607 3070 ut

295 3092 386 3156 ab
431 3087 872 3175 empcionibus
919 3100 985 3153 et
1013 3084 1577 3152 vendicacionibus
1630 3085 2017 3170 hujusmodi,
2078 3089 2433 3175 ceterisque
2477 3089 2608 3155 suis

305 3178 546 3243 illicitis
576 3176 923 3254 laboribus,
955 3174 1184 3238 diebus
1213 3171 1547 3238 dominicis
1577 3186 1644 3237 et
1674 3172 1935 3251 festivis,
1964 3174 2384 3259 enpraecipue
2407 3176 2472 3239 in
2496 3176 2603 3243 die

305 3264 578 3329 Veneris
617 3276 886 3341 sanctas,
921 3260 1030 3349 qui
1073 3260 1262 3326 aliter
1303 3259 1545 3325 dicitur
1579 3258 1957 3338 Parasceue,
1991 3261 2074 3325 de
2096 3274 2314 3326 cetero
2344 3265 2605 3330 omnino

299 3352 643 3431 desistant,
678 3349 1034 3436 divinisque
1063 3348 1286 3413 officiis
1329 3347 1679 3432 diligenter
1720 3345 2079 3426 intendant,
2112 3370 2189 3414 ac
2230 3349 2316 3415 ad
2363 3350 2491 3417 Dei
2536 3367 2604 3418 et

295 3438 598 3506 ecclesiae
647 3436 924 3511 laudem,
976 3436 1458 3522 animarumque
1508 3456 1765 3499 suarum
1818 3434 2113 3513 salutem,
2167 3436 2437 3504 sabbata
2484 3462 2602 3507 sua

303 3526 675 3591 hu'usmodi
716 3522 970 3589 devotis
1015 3523 1308 3608 precibus
1353 3534 1420 3587 et
1453 3522 1860 3587 oracionibus
1890 3522 2218 3590 celebrare
2275 3526 2599 3607 studeant,

301 3636 377 3679 su
471 3636 665 3699 poena
698 3612 884 3699 juris,
931 3624 998 3677 et
1025 3610 1230 3675 eciam
1261 3610 1615 3675 amissionis
1656 3632 1775 3675 sex
1818 3610 2167 3676 solidorum
2211 3627 2281 3678 et
2310 3629 2461 3680 octo
2492 3616 2607 3681 de-

303 3703 652 3778 nariorum,
713 3698 960 3765 tociens
1009 3698 1314 3785 quociens
1360 3720 1401 3761 a
1441 3718 1847 3785 quocumque
1894 3700 2306 3784 imposterum
2368 3703 2433 3765 in
2481 3705 2601 3768 hac

303 3805 494 3875 parte
537 3788 956 3875 delinquente
998 3786 1441 3862 levandorum,
1491 3798 1557 3848 et
1602 3783 1968 3849 elemosinae
2013 3801 2252 3851 nostroe
2282 3789 2604 3874 applican-

300 3876 568 3942 dorum.
664 3874 1100 3950 Quamobrem
1130 3872 1311 3937 vobis
1339 3870 1635 3936 omnibus
1664 3886 1730 3937 et
1766 3872 2027 3956 singulis
2057 3875 2289 3938 curatis
2318 3877 2607 3941 antedic-

307 3966 412 4043 tis,
483 3963 551 4027 in
615 3962 852 4027 virtute
912 3974 1153 4026 sanctae
1214 3959 1629 4037 obedienciae,
1676 3974 1747 4024 et
1790 3960 1909 4025 sub
1954 3981 2145 4044 poena
2194 3974 2605 4047 contemptus

307 4050 583 4115 firmiter
649 4048 1044 4137 injungendo
1101 4046 1494 4125 mandamus,
1542 4060 1855 4133 quatenus
1922 4046 2033 4111 has
2076 4061 2325 4111 nostras
2366 4047 2603 4133 literas,

307 4140 442 4202 sive
471 4159 756 4223 proesens
784 4137 1114 4201 decretum
1147 4134 1496 4219 publicum,
1544 4134 1609 4196 in
1653 4132 1937 4198 ecclesiis
1976 4131 2201 4197 vestris
2228 4135 2468 4219 populo
2498 4160 2612 4207 ex-

309 4246 554 4310 ponere
583 4225 820 4289 curetis
845 4246 864 4300 3
910 4221 1118 4288 citetis
1147 4222 1405 4308 insuper
1435 4220 1864 4306 peremptorie
1910 4220 2273 4307 hujusmodi
2304 4223 2605 4293 sabbato-

310 4334 454 4376 rum
503 4310 867 4391 violatores,
923 4310 1217 4387 rebelles,
1274 4324 1344 4375 et
1385 4307 1915 4385 contradictores,
1950 4308 2002 4372 si
2046 4330 2207 4394 quos
2251 4309 2335 4373 de
2366 4326 2607 4382 caetero

311 4398 622 4465 noveritis
651 4422 764 4463 seu
785 4396 1158 4463 inveneritis
1185 4394 1556 4481 culpabiles,
1592 4408 1663 4459 ut
1694 4410 2105 4479 compareant
2136 4418 2351 4461 coram
2396 4400 2604 4481 nobiS,

309 4500 426 4553 aut
471 4503 695 4552 nostro
739 4488 804 4550 in
847 4486 970 4552 hac
1024 4499 1206 4571 parte
1254 4482 1729 4561 Commissario,
1776 4481 1993 4569 aliquo
2037 4482 2143 4547 die
2190 4498 2415 4548 vestrae
2476 4488 2605 4551 dis-
