3000 5117
489 469 592 557 74
1015 486 1216 544 mar.
1256 485 1609 542 DUNELM.
1643 486 2097 541 SCRIPTORES
2124 489 2339 542 mass.

415 656 459 750 [
488 653 698 740 >ayreis
722 653 933 718 avium
967 651 1032 716 in
1060 673 1256 738 parco
1287 649 1370 715 de
1397 649 1869 736 Muklinewyk,
1902 663 1969 715 et
1992 673 2350 719 warennam
2379 651 2441 716 in
2465 655 2797 721 territorio

493 741 577 805 de
618 740 996 828 Wyvestow,
1031 752 1098 803 et
1129 737 1508 822 Wardelay.
1602 739 1816 815 Anno,
1850 755 1997 816 etc.,
2032 758 2286 815 mccxc,
2320 740 2526 804 oritur
2569 744 2797 825 gravis

491 827 806 892 dissensio
837 825 1004 890 inter
1025 823 1311 889 Priorem
1337 838 1402 888 et
1437 823 1847 906 Ranulphum
1868 823 1953 889 de
1982 823 2174 890 Nova
2191 826 2363 890 Villa
2383 851 2451 890 su
2460 851 2579 912 per
2601 830 2796 894 obla-

483 914 668 978 tione
697 912 866 978 cervi
915 912 980 976 in
1010 910 1178 975 sesto
1201 910 1405 975 sancti
1436 909 1779 975 Cuthberti
1812 911 1875 974 in
1910 913 2303 997 Septembri.
2384 915 2793 980 vendicabat

485 1000 663 1064 enim
695 1000 799 1064 ille
837 997 1235 1083 Ranulphus,
1262 1009 1488 1061 contra
1518 1019 1759 1060 morem
1785 1001 2270 1082 progenitorum
2300 1021 2585 1079 suorum,
2610 1024 2698 1079 se,
2722 1017 2797 1067 et.

535 1109 650 1150 uos
681 1109 897 1151 secum
929 1085 1301 1161 adduceret,
1333 1105 1450 1168 per
1486 1083 1777 1148 Priorem
1810 1085 2049 1150 debere
2080 1085 2426 1164 convivari,
2463 1089 2791 1154 ministros

555 1173 736 1238 rioris
764 1194 882 1258 pro
906 1171 1019 1236 illo
1047 1170 1318 1257 prandio
1347 1172 1717 1247 ammovet-i,
1752 1183 1818 1234 et
1852 1193 2001 1236 suos
2032 1171 2279 1236 institui
2305 1197 2325 1249 3
2360 1187 2427 1236 et
2456 1177 2571 1253 sic,
2604 1178 2790 1262 quod

487 1259 853 1324 ordinatum
877 1272 1014 1324 erat
1042 1258 1122 1322 ad
1153 1257 1462 1322 honorem
1495 1259 1722 1333 sancti,
1770 1270 1837 1320 et
1881 1259 2282 1352 obsequium,
2311 1275 2673 1326 verteretur
2719 1263 2791 1327 in

487 1369 650 1412 onus
679 1360 748 1411 et
791 1347 1160 1431 dampnum.
1258 1343 1464 1420 Prior,
1519 1342 1645 1407 hoc
1696 1343 2055 1422 advertens,
2089 1367 2345 1409 cerv-um
2378 1346 2789 1432 deportatum

489 1433 573 1497 ad
605 1433 932 1508 feretrum,
965 1442 1033 1496 et
1064 1431 1348 1496 oblatum
1400 1428 1510 1507 ibi,
1543 1428 1831 1514 recipere
1860 1431 2112 1506 noluit3
2168 1444 2237 1496 et
2286 1455 2432 1497 cum
2494 1433 2791 1500 homines

492 1519 819 1606 Ranulphi
847 1518 930 1583 ad
963 1520 1302 1605 coquinam
1323 1515 1581 1582 deferre
1611 1530 2013 1595 conarentur,
2039 1518 2244 1582 oritur
2262 1521 2593 1590 contentio
2618 1522 2792 1598 inter

485 1606 781 1670 homines
817 1604 1054 1670 Prioris
1077 1619 1144 1669 et
1175 1603 1367 1690 ipsos,
1402 1617 1470 1668 et
1493 1604 1576 1667 de
1606 1601 1815 1668 verbis
1845 1626 2215 1689 processum
2247 1621 2345 1670 est
2374 1607 2459 1671 ad
2492 1610 2785 1678 verbera.

495 1693 691 1759 Unde
735 1707 802 1756 et
846 1691 1138 1756 homines
1175 1688 1501 1775 Ranulphi
1536 1711 1762 1755 manus
1794 1689 2105 1756 violentas
2138 1694 2203 1756 in
2236 1695 2583 1759 monachos
2614 1696 2792 1762 circa

486 1779 688 1844 altare
719 1778 1152 1844 ministrantes
1197 1775 1591 1862 injecerunt:
1641 1776 1937 1841 monachi
1973 1800 2151 1856 vern,
2184 1801 2223 1842 e
2254 1801 2583 1858 converso,
2632 1805 2785 1854 cum

485 1867 704 1944 cereis,
729 1887 890 1954 quos
914 1866 1276 1949 gestabant,
1303 1863 1444 1927 illos
1467 1878 2021 1948 repercusseruntt
2048 1888 2273 1930 cervus
2292 1889 2449 1931 -vero
2479 1872 2791 1935 remansit

485 1975 630 2018 cum
663 1951 1012 2030 monachia,
1047 1967 1113 2016 et
1148 1949 1531 2035 Ranulphus
1558 1952 1853 2035 repulsus
1880 1965 1980 2016 est
2004 1974 2148 2016 cum
2180 1954 2329 2022 suis.
2392 1955 2785 2022 Invitaverat

489 2039 871 2124 Ranulphus
925 2039 1160 2102 multos
1225 2038 1309 2101 ad
1369 2036 1753 2101 veniendum
1814 2060 2053 2116 secum,
2115 2053 2181 2104 et
2239 2062 2383 2104 cum
2446 2043 2781 2108 dominum

483 2126 847 2192 Johannem
894 2125 979 2190 de
1035 2123 1315 2190 Balliolo
1362 2124 1535 2209 apud
1571 2125 1872 2188 Castrum
1924 2127 2235 2190 Bernardi
2284 2127 2631 2208 invitasset,
2680 2153 2785 2194 re,-

484 2213 748 2299 spondit
805 2237 874 2278 se
933 2213 995 2276 in
1041 2209 1274 2276 scholis
1324 2210 1863 2276 Dunelmensibus
1928 2212 2178 2277 diucius
2234 2215 2613 2299 perstitisse,
2658 2239 2783 2283 nec

484 2323 768 2388 unquam
797 2321 866 2366 se
895 2299 1146 2365 audisse
1175 2299 1350 2385 quod
1383 2297 1473 2361 illi
1520 2296 1602 2362 de
1638 2297 1828 2362 Nova
1861 2299 2032 2364 Villa
2063 2300 2275 2365 taliter
2304 2301 2461 2388 quid
2507 2303 2571 2366 in
2605 2307 2780 2389 prio-

484 2400 628 2451 ratu
677 2388 950 2452 clamare
1009 2399 1296 2472 possent,
1359 2398 1427 2449 et
1487 2400 1754 2469 propter
1812 2384 1934 2449 hoc
1988 2408 2203 2450 secum
2267 2389 2485 2453 venire
2547 2392 2776 2461 noluit.

485 2474 751 2538 Interim
785 2473 1146 2561 impetravit
1183 2472 1368 2536 Prior
1413 2473 1479 2534 in
1536 2471 1830 2536 Romana
1859 2471 2037 2538 curia
2080 2476 2160 2538 ad
2192 2474 2648 2560 inquirendum
2695 2480 2779 2543 de

479 2560 844 2625 nominibus
892 2581 1113 2626 eorum
1167 2558 1276 2658 qui
1326 2557 1613 2622 divinum
1662 2557 2069 2644 inpediebant
2116 2561 2418 2640 officium,
2452 2579 2520 2628 et
2552 2587 2779 2631 manus

481 2647 794 2712 violentas
820 2648 1166 2732 injecerant
1187 2669 1249 2708 tn
1279 2644 1630 2710 monachos
1648 2645 1712 2708 in
1738 2644 1903 2710 festo
1926 2661 2306 2732 proeuotatO,
2332 2665 2399 2714 et
2422 2650 2506 2715 ad
2540 2651 2782 2716 facien-

477 2734 632 2798 dum
665 2755 813 2820 quae
848 2734 1102 2818 justitia
1129 2732 1456 2816 exigebat.
1584 2731 1965 2817 Ranulphus
2001 2757 2150 2800 vero
2186 2736 2474 2802 Priorem
2509 2739 2781 2823 inplaci-

478 2821 638 2886 tavit
683 2843 900 2886 coram
951 2818 1330 2886 Justiciariis
1380 2817 1724 2904 Episcopi3
1772 2820 1856 2884 de
1908 2821 2137 2907 quibus
2188 2844 2371 2902 unus,
2422 2838 2490 2889 et
2544 2827 2774 2910 major,

475 2907 774 2971 dominus
806 2906 1176 2972 Willielmus
1199 2906 1282 2971 de
1316 2905 1695 2990 Brompton,
1722 2906 1978 2990 publice
2009 2921 2074 2972 et
2104 2931 2318 2974 coram
2350 2911 2648 2976 omnibus
2678 2929 2779 2984 est

469 2994 826 3071 confessus,
860 2993 1034 3094 quod
1066 2993 1200 3079 ipse
1231 3006 1371 3058 erat
1400 2992 1641 3077 primus
1659 2993 1769 3079 qui
1793 2993 1967 3058 illam
1998 2993 2399 3062 insolentiam
2424 2996 2773 3070 inchoavit.

472 3081 762 3160 Juvenis,
797 3104 988 3158 emm,
1023 3081 1465 3145 delectabatur
1494 3079 1789 3143 insonare
1836 3081 2170 3160 cornibus3
2205 3084 2591 3172 veniensque
2622 3109 2771 3151 cum

472 3168 740 3232 domino
791 3168 874 3233 de
928 3168 1120 3232 Nova
1149 3167 1340 3244 Villa,
1385 3167 1557 3230 facta
1584 3167 1915 3232 oblatione
1946 3167 2140 3248 cervi,
2174 3169 2339 3236 dixit
2369 3173 2559 3237 sociis
2589 3176 2719 3237 suis
2752 3198 2773 3251 ;

470 3264 523 3298 “
549 3255 785 3320 Eamus
838 3255 901 3318 in
953 3253 1365 3330 Abbathiam,
1407 3265 1475 3316 et
1506 3252 1592 3316 ibi
1624 3275 1865 3318 cornua
1894 3256 2257 3321 insonemus
2275 3258 2335 3333 ;’'
2358 3273 2425 3324 et
2456 3259 2771 3330 fecerunt.

472 3344 649 3408 Ante
694 3340 888 3428 igitur
931 3341 1110 3406 illum
1164 3339 1575 3424 Ranulphum
1609 3362 1933 3426 nunquam
1966 3343 2191 3430 aliquis
2218 3347 2769 3430 proedecessorum

467 3449 730 3494 suorum
763 3428 886 3491 hoc
916 3427 1157 3516 exegit,
1207 3428 1316 3491 sed
1365 3437 1693 3510 portantes
1722 3449 1985 3493 cervum
2018 3430 2081 3496 in
2132 3432 2279 3496 aula
2307 3435 2771 3519 jentabantur3

463 3512 764 3578 dominus
815 3535 969 3578 vero
1027 3511 1352 3600 nunquam
1411 3513 1715 3577 remansit
1766 3516 1848 3579 ad
1902 3516 2245 3602 prandium
2294 3541 2424 3584 non
2482 3537 2772 3603 rogatus.

469 3599 794 3678 Tandem,
857 3599 1284 3665 mediantibus
1345 3599 1662 3686 aliquibus
1724 3603 2037 3686 personiS,
2094 3605 2337 3670 destitit
2401 3623 2666 3697 uterque
2726 3633 2771 3675 a

467 3687 946 3775 prosequendO,
989 3703 1059 3752 et
1111 3687 1296 3752 Prior
1341 3702 1410 3751 et
1463 3685 1879 3772 Ranulphus3
1926 3705 1989 3755 et
2032 3707 2294 3770 extunc,
2331 3695 2582 3761 vivente
2635 3696 2772 3762 Ra-

467 3773 736 3859 nulpho,
777 3796 904 3839 non
947 3789 1043 3840 est
1085 3775 1340 3840 oblatus
1369 3795 1618 3851 cerVuS,
1652 3774 1761 3860 qui
1815 3796 2027 3842 tamen
2074 3779 2366 3866 quolibet
2396 3805 2563 3846 anno
2612 3800 2767 3849 ante

463 3862 682 3926 offerri
711 3861 1042 3927 consuevit
1069 3886 1085 3927 τ
1119 3875 1182 3926 et
1213 3861 1263 3927 si
1296 3876 1470 3926 recte
1501 3861 1953 3946 baptizaretur,
1988 3889 2117 3930 non
2152 3867 2417 3933 deberet
2440 3869 2563 3934 dici
2590 3872 2775 3936 obla-

463 3951 558 4013 tio
605 3951 718 4014 sed
774 3949 1102 4023 redditus3
1147 3948 1302 4036 quia·
1333 3949 1519 4033 Raby
1549 3969 1695 4012 cum
1727 3965 1876 4016 octo
1906 3953 2069 4017 villis
2102 3953 2540 4038 adjacentibus
2567 3973 2764 4036 tenet,

463 4036 798 4102 reddendo
829 4036 1158 4102 annuatim
1189 4051 1466 4122 quatuor
1496 4035 1689 4099 libras
1718 4052 1784 4101 et
1816 4059 2013 4103 uuum
2046 4062 2327 4109 cervum.
2414 4044 2543 4108 Iste
2582 4045 2769 4108 Prior

467 4122 941 4208 Spendingmor
983 4123 1235 4208 redegit
1276 4123 1342 4186 in
1390 4122 1722 4200 culturam,
1756 4145 1886 4188 nou
1919 4124 2052 4191 sine
2087 4129 2332 4211 magnis
2362 4132 2722 4215 sumptibus
2752 4158 2770 4208 ;

365 4275 380 4290 „
461 4209 848 4275 resistebant
878 4213 1044 4276 enim
1079 4211 1368 4274 homines
1413 4210 1496 4273 de
1528 4209 1803 4288 Tudow,
1837 4227 1903 4276 et
1932 4213 2015 4276 de
2052 4214 2243 4292 Hett,
2294 4217 2377 4280 ibi
2412 4218 2764 4282 clamantes

461 4311 784 4380 pasturam
817 4321 1239 4377 communem,
1291 4296 1404 4362 sed
1451 4295 1637 4360 Prior
1677 4302 2047 4364 vexationes
2080 4301 2416 4382 redimens,
2468 4308 2765 4370 omnibus

460 4383 818 4460 satisfecit]
