3000 5117
431 425 800 507 ccclxxviii
929 446 1134 499 msr.
1175 440 1535 495 nummu.
1568 438 2037 493 scatPTonEs
2078 438 2289 491 raus,

423 609 736 689 ,crccionis
767 607 1032 677 arbitrio
1061 605 1418 685 limitando,
1437 623 1695 669 causam
1726 600 2202 680 racionabilem,
2230 598 2282 664 si
2311 620 2501 686 quam
2532 598 2739 665 habe·

430 716 566 780 ant,
661 698 916 775 dicturi,
999 716 1196 784 quare
1269 715 1391 779 pro
1477 688 2043 755 excommunicatis
2102 686 2415 752 declarari
2472 687 2740 751 minime

429 790 708 853 debeant
739 809 758 864 ς
806 784 1200 870 ulteriusque
1227 778 1458 845 facturi
1487 788 1559 842 et
1600 776 1917 863 recepturi
1946 774 2125 863 quod
2169 773 2235 838 in
2283 796 2363 839 ea
2404 788 2590 860 parte
2636 788 2739 839 est

427 876 698 963 justum,
744 883 812 939 et
854 890 1207 938 consonum
1251 864 1543 955 equitati.
1638 864 1726 931 Et
1770 864 2047 952 qualiter
2092 877 2438 949 praesentes
2484 860 2738 926 fueritis

429 961 690 1028 executi
745 982 864 1025 nos
930 956 1152 1023 debite
1211 952 1601 1028 certificetis,
1654 964 1721 1017 et
1764 949 2078 1017 certificet
2122 948 2227 1013 ille
2274 948 2575 1027 vestrum,
2620 947 2737 1035 qui

427 1070 714 1137 praeseus
739 1045 1112 1112 mandatum
1143 1042 1340 1109 fuerit
1365 1051 1703 1109 executus.
1798 1038 1878 1104 In
1924 1037 2105 1123 cujus
2148 1036 2243 1102 rei
2292 1036 2737 1101 testimonium

427 1136 708 1225 sigillum
739 1134 826 1200 ad
860 1134 1098 1200 Causas
1129 1128 1549 1219 praesentibus
1593 1146 1676 1213 ap
1722 1126 1835 1193 oni
1880 1124 2163 1190 fecimus.
2282 1123 2463 1188 Data
2498 1122 2566 1187 in
2597 1146 2740 1188 ma·

429 1223 616 1289 nerio
645 1222 778 1287 sive
808 1220 1074 1287 castello
1103 1230 1325 1283 nostro
1370 1216 1458 1281 de
1492 1214 1678 1280 Auke
1742 1213 1834 1279 nd
1868 1209 2190 1297 Episcopi,
2224 1230 2385 1275 xuu
2418 1210 2525 1275 die
2556 1232 2744 1274 men-

428 1312 513 1377 sis
547 1309 870 1388 Octobris,
901 1330 1078 1373 anno
1102 1304 1370 1371 Domini
1401 1301 1737 1367 millesimo
1760 1298 2389 1389 quadringentesimo
2416 1297 2743 1387 octogesi-

431 1420 542 1465 mo
571 1419 768 1467 nono.
863 1396 957 1463 Et
997 1406 1234 1461 nostrae
1262 1388 1771 1459 consecracionis
1800 1404 2014 1455 sexto.

613 1808 867 1855 ccxcn.
917 1806 1170 1853 muna
1215 1802 1752 1850 'msa'nmmams
1796 1802 1984 1855 QUOD
2035 1803 2318 1855 Quinam
2364 1803 2557 1848 111·ss-

613 1897 738 1942 RAS
784 1894 1073 1941 oltmms
1116 1894 1227 1939 sm
1275 1892 1545 1938 Dmxsrr
1603 1890 1966 1936 NOBISCUM
2014 1891 2559 1941 CUSTODIBNDAS.

1183 2036 1342 2107 [neg.
1365 2036 1522 2089 Pax-v.
1546 2034 1651 2088 lv.
1674 2034 1766 2088 τοι.
1794 2038 1877 2086 22.
1902 2036 1983 2105 a]

530 2181 868 2253 Universis
895 2178 1132 2247 Christi
1163 2176 1484 2256 fidelibus,
1514 2177 1639 2242 hoc
1669 2176 1979 2263 scriptum
2009 2176 2236 2243 visuris
2266 2178 2369 2242 vel
2400 2177 2740 2259 auditurus,

433 2273 792 2348 Johannes,
823 2265 1236 2354 permissione
1265 2265 1500 2343 divina,
1532 2273 1670 2343 cca,
1714 2264 1986 2330 salutem
2032 2264 2099 2329 in
2130 2287 2211 2330 eo
2254 2266 2365 2353 qui
2394 2279 2490 2331 est
2530 2267 2747 2331 omni-

433 2383 550 2427 um
577 2380 731 2424 vera
773 2356 962 2424 salus.
1061 2353 1235 2429 Quia
1262 2352 1438 2438 pium
1467 2366 1535 2417 et
1564 2352 1963 2418 caritativum
1992 2352 2133 2419 fore
2162 2352 2538 2432 dinoscitur,
2575 2358 2747 2419 veri-

436 2448 557 2514 tati
616 2444 1059 2511 testimonium
1113 2440 1475 2527 perhibere,
1527 2438 1593 2504 in
1649 2462 1731 2505 co
1788 2440 1965 2527 quod
2032 2440 2331 2505 humanae
2376 2441 2743 2527 fragilitatis

431 2532 728 2603 condicio
793 2531 888 2597 nil
951 2546 1197 2596 certum
1261 2529 1436 2629 apud
1499 2549 1571 2593 se
1614 2526 1679 2591 in
1724 2526 2042 2612 ambiguis
2087 2528 2203 2593 nisi
2249 2530 2425 2616 quod
2473 2552 2627 2595 vero
2672 2546 2745 2597 et

433 2619 792 2689 certissimo
833 2617 1346 2704 comprobaverit
1387 2614 1757 2681 testimonio
1788 2638 1807 2692 ;
1868 2615 2042 2680 unde
2088 2615 2344 2681 testium
2388 2630 2457 2682 et
2504 2618 2745 2683 instru-

435 2728 802 2777 mentorum
847 2728 998 2771 usus
1043 2703 1391 2782 inducitur,
1437 2717 1512 2768 ut
1556 2702 1649 2767 rei
1693 2702 1925 2769 veritas
1970 2701 2289 2769 elucescat
2332 2716 2401 2769 et
2446 2706 2745 2771 increde-

435 2798 633 2863 litatis
677 2794 1012 2861 infirmitas
1055 2805 1419 2861 evanescat.
1512 2789 1689 2855 Hinc
1736 2804 1853 2869 est,
1898 2791 2097 2891 quod,
2146 2791 2459 2857 accedeus
2489 2792 2575 2857 ad
2617 2816 2743 2857 nos

433 2884 696 2973 quidam
748 2882 1046 2947 dominus
1089 2878 1416 2946 Johannes
1473 2877 1807 2965 Moresby,
1861 2880 2015 2943 alnas
2066 2880 2365 2944 dominus
2410 2879 2745 2946 Johanues

439 2972 700 3049 Clerke,
731 2968 1030 3035 sacerdos
1059 2982 1126 3034 et
1159 2965 1328 3032 lator
1369 2968 1814 3052 praesencium,
1860 2966 1973 3066 qui
2020 2966 2140 3032 suit
2182 2982 2251 3033 et
2296 2982 2397 3033 cst
2436 2968 2521 3032 ad
2565 2968 2747 3033 ordi.-

437 3082 588 3125 nem
647 3055 1107 3123 sacerdotalem
1169 3072 1236 3121 et
1293 3054 1384 3141 'ad
1439 3069 1709 3119 caeteros
1750 3053 2009 3119 ordines
2052 3077 2266 3120 sacros
2311 3076 2427 3141 per
2471 3078 2747 3121 venera-.-

437 3148 636 3211 bilem
679 3146 748 3209 in
810 3142 1072 3211 Christo
1128 3154 1380 3229 patrem
1439 3156 1505 3207 et
1578 3140 1909 3207 dominum
1968 3141 2300 3207 dominum
2365 3142 2745 3209 Johannem

439 3234 946 3300 Duuelmensem
975 3232 1348 3316 episcopum
1390 3228 1678 3314 legitime
1720 3244 2075 3314 promotus,
2122 3244 2318 3317 prout
2364 3253 2477 3315 per
2518 3230 2745 3295 literas

435 3344 582 3387 suas
625 3318 943 3387 ordinales
989 3318 1152 3383 visas
1195 3332 1266 3385 et
1305 3318 1621 3403 perlectas
1665 3318 1997 3385 evidenter
2038 3333 2109 3383 et
2150 3317 2746 3405 experimentaliter

435 3407 846 3497 percepimus
887 3422 956 3471 et
997 3404 1450 3483 intelleximus,
1495 3426 1657 3491 quas
1700 3426 1857 3471 vero
1902 3418 2048 3491 post
2108 3407 2577 3493 inspeccionem
2638 3406 2743 3471 iu·-

440 3494 726 3562 venimus
769 3493 1038 3572 habiles,
1083 3514 1290 3571 sanas,
1323 3491 1633 3579 integraS,
1681 3515 1812 3559 non
1856 3516 2050 3573 rasas,
2096 3515 2229 3559 non
2271 3492 2569 3567 abolitas.
2614 3514 2743 3559 nec

437 3583 506 3649 in
553 3582 770 3672 aliqua
811 3596 990 3665 parte
1041 3600 1263 3645 earum
1315 3578 1598 3659 viciatas,
1644 3581 1760 3646 sed
1820 3582 1996 3648 omui
2054 3602 2319 3667 prorsus
2376 3580 2744 3667 suspicione

437 3670 691 3736 sinistra
719 3680 1028 3746 carenteS,
1061 3680 1192 3733 tam
1225 3666 1288 3731 in
1319 3688 1545 3733 eorum
1564 3669 1895 3734 tenoribus
1917 3692 2109 3757 quam
2131 3669 2382 3755 sigillis,
2466 3671 2557 3737 Et
2584 3667 2745 3757 quia

439 3758 739 3836 intendit,
789 3769 862 3822 ut
919 3754 1162 3833 asserit,
1231 3754 1314 3821 ad
1357 3754 1502 3821 loca
1562 3769 1817 3822 remota
1858 3773 1925 3824 et
1969 3758 2299 3843 incognita
2338 3758 2626 3836 transire,
2672 3770 2746 3823 et

434 3845 761 3933 precipue
781 3865 972 3909 causa
991 3840 1298 3921 discendi,
1319 3864 1396 3908 ac
1423 3843 1625 3909 eciam
1662 3844 2019 3911 uberiorem
2048 3844 2529 3911 exhibicionem
2560 3843 2744 3909 inve-

435 3934 680 4012 niendi,
721 3930 1005 3997 Domino
1037 3929 1440 4017 providente,
1487 3946 1559 3997 et
1596 3932 1781 4000 timet
1810 3932 2092 3997 maxime
2122 3930 2489 4019 hujusmodi
2520 3932 2743 3997 literas

439 4021 540 4087 sui
583 4018 845 4097 ordinis,
898 4018 950 4082 si
1017 4040 1234 4085 secum
1297 4018 1695 4098 differentur,
1756 4034 2020 4106 propter
2078 4020 2323 4086 viarum
2366 4020 2744 4085 discrimina

437 4108 678 4175 aliosve
709 4128 890 4173 casus
933 4105 1252 4185 fortuitos,
1301 4108 1412 4194 qui
1455 4130 1545 4171 ex
1586 4108 1908 4193 insperato
1952 4106 2185 4193 saepius
2229 4107 2551 4174 viantibus
2581 4106 2744 4171 inci-

438 4195 623 4273 dunt,
670 4210 736 4259 ct
783 4193 846 4259 in
889 4216 1106 4261 earum
1155 4210 1416 4260 vectura
1457 4195 1895 4282 multipliciter
1925 4196 2094 4273 laedi,
2127 4195 2393 4274 destrui,
2439 4210 2553 4262 aut
2580 4218 2745 4261 con-

437 4282 622 4360 sumi,
677 4281 858 4347 nobis
909 4281 1101 4369 igitur
1125 4282 1577 4347 instantissime
1614 4282 2013 4369 supplicavit,
2044 4282 2277 4349 debitis
2320 4305 2465 4349 cum
2500 4285 2744 4349 inscan-

438 4369 572 4444 ciis,
619 4383 934 4453 quatenus
980 4368 1146 4453 ipsas
1191 4368 1556 4453 hujusmodi
1602 4371 1815 4436 literas
1858 4371 1948 4435 sic
1980 4371 2143 4436 visas
2188 4386 2254 4437 et
2286 4371 2639 4436 intellectas
2668 4372 2739 4435 in

436 4454 818 4521 cancellaria
847 4470 1062 4521 nostra
1091 4456 1254 4521 infra
1301 4458 1759 4524 monasterium
1790 4473 2075 4524 nostrum
2110 4458 2550 4525 Duuelmense
2580 4458 2741 4523 situ·-
