3000 5117
508 452 625 527 liv'
983 471 1189 523 ms‘r.
1226 470 1590 522 DUNELM.
1630 470 2095 522 semp-ronns
2133 467 2344 521 rans.

508 633 953 700 willielmum·
989 631 1381 699 concessisse
1426 646 1493 699 et
1532 656 1649 698 sua
1678 646 1856 699 carta
1898 632 2308 698 confirmasse
2343 629 2832 719 [dona]tionem=

507 720 795 787 ecclesiae
846 720 929 785 de
980 718 1045 785 T
1046 719 1646 807 inemuthe,‘qnarn
1701 722 1790 785 W
1798 720 2089 785 althevus
2135 740 2349 784 comes
2392 718 2728 783 monachis
2761 719 2832 783 in

514 807 940 874 Dunelmensi
992 807 1263 873 ecclesia
1308 808 1461 873 Deo
1507 822 1576 873 et
1619 810 1814 873 beato
1867 808 2235 874 Cuthberto
2273 818 2593 891 perpetuo
2623 808 2828 871 servi-

507 895 668 960 turis
698 895 875 971 fecit,
902 917 1019 959 sua
1307 938 1530 960 ........
1584 908 1902 981 perpetuo
1925 906 2294 960 anatemate
2317 892 2828 985 condempnavit

513 1004 738 1047 omnes
785 982 949 1059 illos,
1046 980 1109 1045 ui
1155 981 1489 1046 ecclesiam
1524 981 1608 1047 de
1643 982 2038 1047 Tinemuthe
2067 981 2360 1046 ecclaeiae
2387 979 2827 1045 Dunelmensi

512 1070 767 1135 auferre
810 1004 1074 1155 quango
1116 1082 1532 1154 temptarent.
1632 1069 1754 1134 His
1783 1068 2016 1135 auditis
2047 1068 2371 1153 allegabat
2399 1090 2544 1153 pars
2579 1065 2828 1132 Prioris

524 1202 599 1222 ...
816 1203 863 1220 ..
920 1156 1031 1220 illa
1077 1154 1499 1233 instrumenta
1546 1156 1804 1236 publica
1851 1180 2015 1235 esse,
2060 1168 2126 1221 et
2171 1177 2285 1241 per
2313 1176 2383 1219 se
2413 1155 2712 1219 sufficere
2743 1154 2828 1218 ad

516 1244 715 1308 fidem
762 1243 931 1307 notis
981 1240 1064 1306 de
1109 1242 1504 1326 possessione
1549 1242 1865 1309 facienda.
1957 1243 2056 1311 Ut
2101 1255 2316 1307 tamen
2367 1264 2484 1305 nos
2515 1241 2830 1307 certiores

516 1329 819 1395 redderet
863 1328 1263 1415 producebat
1306 1331 1620 1415 quosdam
1650 1330 1916 1397 clericos
1945 1343 2013 1396 et
2041 1329 2240 1395 laicos
2271 1330 2440 1393 viros
2475 1374 2826 1394 ............

520 1439 772 1501 magnae
822 1430 1029 1493 natm,
1090 1438 1255 1503 quos
1315 1418 1574 1482 dicebat
1623 1418 1858 1483 vidisse
1934 1417 2284 1483 monachos
2344 1416 2832 1482 Dunelmenses

521 1503 855 1581 ecclesiam
902 1504 987 1567 de
1022 1502 1413 1569 Tinemuthe
1444 1506 1710 1589 pacifice
1738 1506 2116 1591 possedisse,
2150 1518 2215 1568 et
2244 1517 2598 1589 praesentes
2631 1503 2832 1567 fuisse

522 1590 636 1655 ubi
681 1589 773 1653 illi
820 1590 1133 1655 violenter
1163 1591 1413 1676 expulsi
1442 1592 1726 1671 fuerunt,
1759 1606 1825 1657 et
1855 1590 2152 1657 monachi
2183 1591 2406 1656 Sancti
2437 1589 2684 1655 Albani
2713 1612 2832 1675 per

526 1676 857 1744 Gaicalem
890 1690 1276 1760 potestatem
1298 1678 1612 1744 violenter
1642 1678 1890 1744 intrusi.
1959 1678 2045 1742 Et
2073 1677 2378 1765 quoniam
2409 1699 2591 1742 senes
2619 1694 2832 1755 erant,

523 1778 591 1831 et
621 1762 1095 1840 valetudinarii,
1122 1776 1190 1827 et
1219 1763 1345 1829 alia
1374 1764 1513 1829 vice
1543 1766 1684 1830 sine
1707 1788 1942 1851 magna
1961 1765 2336 1831 difficultate
2359 1764 2696 1829 asserebat
2721 1786 2834 1829 eos

521 1873 652 1917 non
700 1872 891 1936 posse
942 1850 1234 1935 produci,
1290 1854 1563 1939 rogabat
1615 1876 1736 1917 nos
1775 1854 2104 1932 attentius,
2151 1866 2225 1916 ut
2253 1853 2336 1917 ab
2366 1852 2460 1917 eis
2487 1851 2834 1917 veritatem

524 1960 917 2015 erueremus,
964 1959 1051 2002 ne
1077 1960 1299 2003 eorum
1332 1956 1540 2005 morte
1572 1940 1675 2005 vel
1703 1941 2006 2006 absencia
2031 1962 2226 2005 causa
2254 1943 2392 2027 ejus
2421 1938 2688 2025 aliquod
2722 1939 2836 2001 de-

526 2025 901 2091 trimentum
948 2038 1297 2109 pateretur.
1395 2026 1525 2092 His
1570 2026 1786 2114 itaque
1830 2026 2184 2114 completis,
2230 2026 2493 2114 quidam
2523 2025 2834 2091 monachi

528 2126 601 2177 et‘
648 2112 884 2188 clerici,
938 2112 1053 2198 qui
1102 2113 1183 2176 ab
1230 2113 1491 2179 Abbate
1540 2114 1762 2181 Sancti
1797 2112 2044 2181 'Albani
2087 2114 2258 2179 missi
2303 2114 2577 2190 fuerant,
2610 2113 2834 2178 literas

522 2198 799 2265 Abbatis
848 2200 1033 2263 nobis
1080 2214 1529 2287 porrexerunt,
1581 2215 2016 2287 protestantes
2058 2224 2208 2268 eum
2248 2200 2426 2287 gravi
2455 2199 2838 2265 infirmitate

528 2287 725 2351 fuisse
786 2287 1146 2363 detentum,
1209 2302 1276 2351 et
1329 2286 1478 2352 ideo
1527 2312 1596 2353 se
1648 2289 2060 2375 praesentiam
2103 2310 2283 2353 suam
2333 2287 2647 2354 exhibere
2702 2310 2834 2351 non

526 2395 736 2459 posse.
851 2372 985 2439 Sed
1042 2374 1227 2437 Prior
1276 2374 1738 2441 Dunelmensis
1791 2376 2048 2443 dicebat
2099 2376 2436 2441 dimidium
2489 2376 2644 2441 anni
2699 2375 2836 2441 fere

525 2460 847 2527 effluxisse
900 2478 1048 2545 post
1094 2482 1296 2548 quam
1342 2461 1570 2528 citatio
1615 2464 1794 2528 facta
1833 2464 2066 2543 fuerat,
2113 2479 2183 2529 et
2227 2488 2296 2528 se
2327 2486 2411 2527 ex
2441 2476 2623 2527 tanta
2653 2484 2840 2526 mora

526 2548 720 2612 fuisse
762 2560 1123 2636 gravatum,
1157 2548 1306 2612 licet
1337 2572 1461 2613 nos
1484 2549 1656 2615 diem
1687 2551 1866 2616 illum
1899 2552 1982 2615 de
2013 2572 2327 2617 consensu
2355 2552 2637 2637 partium
2657 2572 2838 2634 ,prae-

525 2636 927 2710 fixissemus3
966 2634 1053 2699 ad
1096 2657 1265 2699 nunc
1298 2636 1493 2721 igitur
1523 2660 1716 2703 causa
1743 2638 1856 2703 illa
1883 2638 2082 2703 civilis
2111 2651 2252 2703 erat
2282 2651 2345 2701 et
2375 2658 2494 2722 per
2522 2659 2838 2721 procura·-

527 2736 701 2785 tores
754 2722 861 2806 agi
903 2736 1157 2807 poterat
1208 2725 1564 2807 praesertim
1616 2767 2038 2792 ...............
2087 2725 2311 2790 abillo
2340 2723 2716 2809 gravamine
2750 2724 2833 2787 de

516 2808 781 2894 justicia
812 2810 1129 2874 Romanae
1160 2809 1347 2887 sedis,
1383 2824 1455 2878 ut
1485 2812 1762 2889 dicebat,
1795 2812 2044 2897 plenius
2074 2812 2404 2877 confidens
2435 2810 2836 2891 audientiam

528 2910 809 2961 vestram
838 2896 923 2961 ad
953 2895 1189 2961 festum
1224 2898 1449 2963 Sancti.
1469 2898 1705 2963 Hilarii
1725 2900 2068 2963 terminum
2091 2898 2274 2985 praefi
2363 2921 2436 2961 ns
2457 2897 2834 2984 appellavit.

529 2982 671 3048 Nos
720 2996 935 3048 autem
990 2984 1297 3070 quoniam
1340 2985 1561 3084 appell
1571 3029 1906 3052 ............
1959 3008 2216 3051 causam
2259 2922 2436 3050 iffim
2482 2986 2566 3051 ad
2598 2999 2834 3049 voetrae

524 3070 923 3170 discretionis
962 3094 1235 3138 examen
1264 3073 1722 3139 remittendam
1752 3096 1890 3139 esse
1921 3072 2299 3139 censuimus.
2384 3072 2620 3139 Valeat
2649 3070 2834 3137 sanc-

532 3172 682 3224 titas
713 3172 941 3228 vestra.

702 3520 995 3565 xxxvnx·
1042 3520 1393 3566 SCRIPTUM
1424 3524 1746 3569 stJmcUM
1778 3526 1866 3569 DE
1893 3527 2410 3573 conroslclorm
2437 3528 2656 3572 INTER

708 3606 837 3651 Nos
882 3607 968 3649 m·
1017 3606 1394 3654 MoNACHos
1449 3612 1694 3657 SANCTI
1743 3614 2000 3659 ALBANI
2050 3616 2140 3659 ΒΕ
2175 3615 2528 3661 Rccmsssns
2560 3615 2664 3659 1)ss

708 3692 1026 3737 mwnLLE
1060 3694 1148 3739 BT
1180 3695 1670 3743 EDELINGHAM.

1342 3810 1516 3884 {ox-ig.
1541 3818 1587 3866 1.
1609 3816 1663 3867 s.
1682 3812 1836 3869 Pom.
1859 3818 1906 3868 1.
1939 3816 2010 3882 n]

616 3926 936 4030 R'ogerius
998 3926 1129 3993 Dei
1187 3931 1404 4015 gracia
1470 3931 1900 4018 wigornensis
1959 3932 2316 4019 episcopus,
2375 3944 2447 3997 et
2497 3932 2838 3999 Johannes

526 4010 915 4083 Exoniensis
947 4014 1231 4081 ecclesiae
1262 4018 1752 4099 Thesaurarius,
1786 4020 2088 4085 universis
2121 4034 2364 4085 sanctae
2385 4020 2608 4085 matris·
2630 4022 2834 4087 eccle-

518 4104 632 4166 siae
676 4104 842 4179 filiis,
876 4104 1297 4187 praesentibus
1328 4118 1397 4171 et
1433 4106 1686 4185 futuris,
1720 4108 1804 4173 ad
1834 4130 1996 4197 quos
2025 4128 2308 4193 praesens
2338 4107 2658 4193 scriptura
2685 4130 2830 4193 per-

514 4190 784 4268 venerit,
812 4190 1117 4259 salutem,
1172 4190 1273 4255 Ne
1318 4194 1518 4258 semel
1562 4196 1773 4279 sopita
1815 4194 2023 4279 litigia
2065 4194 2284 4259 denuo
2320 4194 2726 4273 suscitentur,
2761 4207 2826 4258 et

513 4272 759 4373 bonum
803 4276 978 4362 pacis
1010 4278 1346 4344 contentio
1375 4280 1660 4346 recidiva
1689 4283 2046 4367 perturbet,
2079 4280 2146 4345 in
2179 4282 2502 4369 publicam
2535 4283 2826 4346 volumus

510 4360 812 4426 noticiam
856 4363 1195 4447 pervenire
1231 4368 1411 4453 quod
1438 4369 1897 4447 controversia,
1930 4390 2126 4456 quam
2159 4370 2506 4434 movebant
2539 4368 2726 4435 Prior
2755 4380 2823 4430 et

510 4446 739 4514 fratres
793 4448 1263 4519 Dunelmenses
1309 4454 1700 4522 monasterio
1750 4457 1970 4524 Sancti
2019 4454 2286 4537 Albani,
2334 4478 2524 4542 super
2553 4452 2826 4523 ecclesia
