3000 5117
770 499 1172 552 nosmu‘ns
1209 501 1314 553 m:
1349 503 1858 555 cansnuss.
2365 485 2457 560 61

73 667 110 762 [
153 689 376 754 copus,
411 665 594 732 dicto
623 661 826 730 sancti
857 665 1172 732 Johannis
1197 665 1495 743 crastino,
1519 665 1661 744 fuit,
1684 681 1751 732 et
1780 679 1899 744 est,
1924 667 2177 756 majoris
2200 689 2467 734 excom·

153 754 610 821 manicationis
625 752 941 818 sententia
967 753 1334 830 innodatus,
1361 776 1440 818 eo
1468 753 1645 840 qnod
1668 754 1917 820 decima
1936 755 2319 834 sexennalis,
2344 777 2467 840 per

157 843 558 928 Gregorium
585 842 828 928 Papam
849 839 1172 906 decimum
1195 840 1588 926 impositum,
1614 841 1679 906 in
1708 841 2003 908 Concilio
2014 841 2463 930 Lugdunensi,

157 947 456 1016 tempore
486 951 608 993 suo
625 929 870 994 solvere
899 949 1032 992 non
1055 928 1322 1005 curavit,
1355 926 1505 992 ideo
1532 950 1665 992 nou
1688 927 1811 993 fuit
1834 929 1973 1014 ipse
2000 929 2463 1009 admittendus,

157 1039 278 1082 nec
305 1017 532 1082 adhuc
555 1030 676 1093 est,
703 1035 824 1080 nec
839 1015 980 1099 ejus
1004 1014 1490 1083 commissarius.
1578 1015 1765 1094 Item,
1785 1015 2109 1081 notorium
2134 1029 2231 1082 est
2256 1017 2467 1104 ipsum

158 1127 294 1169 esse
323 1102 593 1192 majoris
623 1101 1302 1167 excommunicationis
1335 1101 1647 1166 sententia
1677 1104 2053 1168 innodatum
2077 1125 2195 1188 per
2212 1125 2471 1170 conser-

157 1205 418 1257 vatores
451 1188 934 1276 privilegiorum
965 1187 1426 1254 monachorum
1458 1189 2018 1268 de'Pontefracto,
2048 1189 2337 1256 cluniaci
2366 1213 2475 1256 or-

159 1279 348 1355 dinis,
367 1277 530 1364 quia
549 1275 886 1363 privilegia
911 1277 1002 1340 eis
1026 1275 1280 1340 indulta
1309 1274 1591 1364 infregit.
1652 1278 1843 1354 Item,
1876 1278 2471 1343 excommunicatus

161 1380 262 1430 est
289 1387 416 1450 per
439 1379 886 1428 succentorem
911 1362 1196 1427 ecclesioe
1221 1361 1697 1442 Dunelmensis,
1718 1363 2219 1448 commissarium
2240 1365 2477 1450 princi-

163 1453 328 1538 palis
345 1451 594 1538 judicis
644 1472 687 1515 a
731 1449 884 1514 sede
929 1449 1286 1534 apostolica
1315 1448 1616 1535 delegati,
1649 1450 1802 1537 quia
1830 1451 2153 1516 mandatis
2182 1453 2473 1539 ejusdem

164 1537 590 1615 succentoris,
637 1535 740 1603 vel
783 1536 1002 1622 potius
1051 1534 1437 1623 apostolicis,
1485 1559 1714 1622 parere
1766 1559 1899 1602 non
1936 1539 2227 1615 curavit3
2272 1540 2475 1606 immo

169 1625 510 1690 manifeste
541 1645 723 1690 suam
743 1623 1250 1708 jurisdictionem
1275 1637 1344 1688 et
1375 1623 1651 1689 officium
1682 1624 2071 1712 impedivit]
2164 1624 2311 1690 Istis
2340 1647 2475 1692 non

170 1712 602 1788 obstantibus,
647 1709 1064 1776 commissarii
1109 1711 1363 1796 praefati
1407 1713 1703 1776 fecerunt
1736 1713 1947 1777 vocari
1977 1713 2373 1800 Episcopum
2402 1727 2475 1780 et

177 1801 522 1876 Priorem3
594 1810 664 1863 et
729 1797 796 1861 in
838 1798 1030 1883 ipsos,
1077 1819 1206 1863 non
1281 1812 1747 1884 comparentes,
1792 1802 2477 1868 excommunicationis

171 1889 560 1953 sententiam
610 1885 1036 1971 protulerunt,
1088 1885 1426 1951 ecclesiam
1476 1898 1911 1971 supponentes
1960 1886 2477 1972 [nichilominus]

173 1973 538 2040 interdicto.
643 1973 1086 2038 Obtinuerunt
1121 1972 1308 2038 Prior
1349 1985 1414 2038 et
1453 1973 1825 2057 Capitulum
1855 1973 2231 2061 rescriptum
2263 1975 2478 2060 Apos-

175 2064 466 2140 tolicum,
501 2067 667 2148 [quo
697 2059 780 2125 ad
816 2058 994 2124 illum
1027 2059 1390 2136 articulum,
1439 2069 1486 2102 ‘⁶
1513 2060 1685 2135 Quia
1717 2061 2255 2148 Archiepiscopus
2296 2085 2480 2129 suam

175 2149 516 2215 ecclesiam
538 2147 864 2212 civitatem
887 2160 953 2211 et
976 2147 1300 2233 dyocesim
1335 2146 1593 2214 minime
1614 2149 1955 2228 visitavit‚”
1972 2166 2096 2215 etc.
2155 2149 2479 2214 Martinus

176 2251 443 2324 quartus
493 2234 818 2321 rescripsit
880 2235 1118 2300 Abbati
1167 2235 1252 2300 de
1292 2235 1629 2314 waltham,
1664 2236 1939 2301 Decano
1970 2251 2035 2302 et
2068 2237 2477 2304 cancellario

175 2323 643 2401 Lincolniensi,
676 2333 764 2400 et,
797 2323 850 2386 si
896 2343 1026 2386 non
1075 2345 1321 2400 omnes,
1354 2323 1487 2387 duo
1534 2345 1777 2402 eorum,
1828 2328 1986 2404 etc.]
2078 2324 2295 2402 Anno,
2328 2339 2478 2404 etc.,

179 2431 568 2488 uectum,
591 2409 654 2473 in
677 2409 958 2475 crastino
981 2411 1154 2475 beati
1179 2409 1482 2474 Matthiae
1542 2411 1873 2496 Apostoli]
1897 2411 1965 2476 in
1982 2411 2255 2498 ecclesia
2274 2415 2481 2478 sancti

183 2499 422 2564 Marias
440 2499 640 2584 juxta
659 2509 922 2584 pontem
953 2497 1036 2562 de
1063 2497 1388 2576 stanford,
1417 2499 1520 2562 Ab
1658 2497 1983 2584 praefatus
2012 2504 2107 2579 [m
2196 2499 2346 2564 'ster
2380 2499 2479 2569 H.

182 2589 450 2674 Layset,
485 2585 774 2650 officialis
808 2585 1150 2664 Roffensis,
1183 2598 1250 2650 et
1280 2607 1386 2650 ma
1433 2587 1586 2650 ‘ster
1624 2586 2001 2673 Radulphus
2030 2521 2479 2666 deaffierlawe,

179 2675 426 2740 domini
464 2673 664 2758 Papae
692 2672 1113 2758 capellanus],
1149 2673 1392 2739 Cancel
1417 2673 1533 2738 arii
1568 2673 2027 2740 Lincolniensis
2056 2673 2481 2764 subdelegati,

181 2773 484 2828 recusato
503 2759 676 2846 prius
698 2761 968 2825 Decano
991 2759 1424 2826 Lincolniensi
1450 2774 1751 2847 tanquam
1776 2773 2099 2846 suspect0,
2123 2780 2483 2850 vocatoque

187 2849 694 2936 Archiepiscopo
725 2846 1121 2912 Eboracensi
1153 2869 1270 2912 nec
1303 2860 1735 2932 comparente,
1772 2870 1883 2933 per
1929 2871 1999 2914 se
2028 2869 2147 2913 nec
2176 2869 2483 2934 procura·-

182 2952 415 3015 torem,
447 2934 1136 3001 excommunicationis
1166 2935 1549 3000 sententiam
1578 2935 1641 2998 in
1666 2935 1974 3014 Priorem,
2006 2949 2154 3014 etc„
2187 2949 2256 3000 et
2287 2937 2485 3002 inter·

181 3025 428 3090 dictum
459 3023 894 3100 adnullarunt,
917 3022 1120 3108 ipsum
1152 3021 1440 3087 Priorem
1459 3037 1529 3087 et
1558 3025 1827 3110 majores
1854 3023 2134 3107 Capituli
2158 3023 2242 3087 ad
2264 3037 2486 3090 caute-

181 3114 310 3177 lam
333 3112 750 3176 absolventes
772 3133 790 3186 ;
833 3109 1399 3196 Archiepiscopum
1421 3123 1863 3174 contumacem
1884 3110 2393 3194 pronuntiantes,
2417 3123 2485 3176 et
2550 3110 2559 3120 '

183 3222 304 3285 pro
331 3200 642 3284 expensis
668 3210 735 3263 et
763 3197 1015 3262 damnis
1045 3199 1110 3260 in
1132 3197 1433 3261 trecentis
1463 3197 1639 3262 libris
1666 3195 1875 3262 Priori
1903 3209 1971 3260 et
1996 3196 2299 3281 Capitulo
2328 3219 2487 3262 con·

183 3289 610 3362 demnantes3
656 3288 866 3366 [suam
912 3283 1443 3363 adnullacionem,
1483 3284 1965 3370 Archiepiscopi
1998 3285 2487 3370 suspencionem

183 3397 300 3461 per
347 3375 662 3460 dyoceses
717 3372 1196 3437 Eboracensem
1256 3386 1326 3436 et
1383 3372 1893 3438 Dunelmensem
1951 3373 2326 3438 execucioni
2372 3374 2487 3439 de-

185 3463 604 3543 mandantes]
632 3485 651 3538 3
697 3460 909 3546 ipsum
939 3459 1520 3546 Archiepiscopum
1551 3460 1635 3524 ad
1665 3459 1941 3524 eundem
1970 3460 2187 3525 locum
2216 3473 2282 3526 et
2312 3459 2489 3527 diem

186 3549 492 3616 mercurii
547 3549 912 3634 proximum
973 3562 1120 3634 post
1177 3559 1436 3612 octavas
1493 3547 1829 3613 Trinitatis
1880 3548 2209 3613 citandum
2266 3549 2490 3615 decer-

185 3651 438 3703 nentes.
535 3630 826 3715 In‘terim,
849 3636 1155 3701 Decanus
1187 3635 1655 3700 Lincolniensis
1674 3635 1813 3720 jam
1843 3650 2189 3714 recusatus,
2214 3647 2283 3700 et
2316 3637 2490 3702 Can·

185 3724 506 3802 cellarius,
551 3738 890 3812 postquam
937 3737 1138 3788 totam
1168 3723 1681 3808 jurisdictionem
1712 3723 1777 3788 in
1806 3721 2143 3808 magistros
2179 3723 2268 3788 H.
2296 3735 2367 3788 et
2401 3724 2487 3790 R.

185 3811 596 3898 supradictos
674 3809 1180 3888 transfudissent,
1257 3809 1716 3875 commiserunt
1776 3809 2009 3876 iterum
2066 3811 2377 3896 magistro
2418 3811 2485 3880 J.
2536 3842 2543 3850 ·

187 3899 460 3976 Clarell,
539 3899 789 3963 domini
825 3899 1024 3983 Papae
1064 3896 1416 3981 capellano,
1457 3897 1557 3961 W.
1587 3897 1670 3962 de
1700 3897 1981 3962 Newerk
2013 3895 2489 3962 Archidiacono

193 3987 474 4052 Huntun
523 3987 628 4051 on’
657 3999 726 4051 et
753 3985 1034 4050 Johanni
1067 3983 1384 4060 Lincoln’,
1407 3987 1719 4050 canonico
1752 3986 1820 4052 S.
1851 3983 2039 4049 Pauli
2068 3983 2487 4068 LondonioeJ,

231 4073 802 4160 uiappellationes
835 4071 1162 4158 Episcopi,
1199 4074 1325 4156 [et]
1365 4069 1603 4136 Prioris
1642 4083 1713 4136 et
1746 4069 2032 4156 Capituli
2062 4069 2269 4135 nullas
2300 4071 2491 4140 fuisse

309 4161 480 4246 jure,
543 4161 846 4247 ipsosque
903 4181 1014 4224 eas
1065 4180 1196 4222 non
1256 4157 1450 4224 fuisse
1508 4171 1880 4244 prosecutos
1939 4158 2439 4243 pronuntiarunt
2469 4185 2489 4238 3

188 4250 574 4314 sententiam
639 4246 1120 4332 Archiepiscopi
1177 4245 1683 4321 confirmarunt3
1730 4245 2121 4331 Episcopum
2181 4245 2249 4311 in
2305 4248 2493 4334 quin-

189 4335 404 4422 gentis
434 4335 636 4414 libris,
673 4335 966 4401 Priorem
997 4347 1066 4400 et
1095 4332 1442 4420 capitulum
1475 4333 1541 4397 in
1570 4332 1867 4412 totidem,
1892 4355 2011 4418 pro
2035 4333 2359 4422 [dampnis
2388 4343 2491 4419 et]

191 4423 490 4509 expensis
521 4423 642 4508 ipsi
678 4421 1180 4508 Archiepiscopo
1209 4420 1720 4487 condemnarunt
1746 4443 1764 4497 3
1810 4435 1877 4486 et
1906 4421 2028 4487 ista
2054 4443 2175 4508 per
2204 4425 2489 4490 dioceses

196 4511 676 4579 Eboracensem
709 4523 776 4578 et
810 4509 1280 4578 Carleolensem
1311 4523 1380 4578 et
1415 4509 1729 4578 Candidas
1759 4509 1945 4577 Casae
1975 4510 2291 4598 publicari
2321 4511 2492 4577 fece-
