3000 5117
951 448 1372 502 APPEme.
1429 446 1613 501 Anu.
1654 446 1863 501 mnn-
2230 424 2535 505 cccxcix

231 630 300 683 et
329 614 510 681 salve
539 614 782 699 regina,
815 612 878 676 in
907 610 1108 678 choro
1135 610 1425 677 ecclesioe
1453 612 1839 679 cathedralis
1884 612 2333 678 Dunelmensis
2377 634 2549 698 prae-

233 706 432 771 dictae
463 724 612 767 cum
644 701 963 787 priknote,
1009 698 1278 778 discant,
1304 700 1646 778 faburdon,
1689 716 1756 765 et
1800 724 1877 766 or
1920 700 2109 766 anico
2152 717 2347 766 cantu
2392 723 2551 765 con·-

225 792 506 877 junctim
535 802 608 854 et
651 786 902 851 divisim
945 787 1368 865 celebrandis,
1418 809 1460 851 a
1506 787 1821 875 principio
1915 788 2191 853 ictorum
2237 806 2546 853 cantuum

236 900 442 965 usque
473 876 559 941 ad
590 876 782 940 finem
813 874 1088 953 illorum,
1121 873 1240 939 nisi
1271 874 1474 959 ipsum
1508 875 1722 963 aliqua
1743 876 2027 961 legitima
2056 898 2249 942 causa
2276 875 2549 961 impedi-

239 982 334 1044 at,
369 964 798 1050 personaliter
829 961 1158 1039 interesse,
1189 960 1410 1026 habita
1437 961 1523 1027 ad
1554 961 1679 1027 hoc
1707 963 1913 1028 eciam
1943 986 1983 1029 a
2002 976 2401 1050 praecentore
2430 984 2549 1027 seu

237 1057 384 1140 ejus
413 1054 634 1117 locum
657 1060 920 1116 tenente
949 1048 1236 1126 licencia,
1271 1048 1665 1114 modulando
1710 1050 1949 1115 ibidem
1980 1074 2173 1137 super
2202 1072 2463 1135 organa,
2494 1051 2551 1113 si

237 1162 508 1206 necesse
538 1137 752 1216 fuerit,
777 1138 910 1201 sive
941 1136 1306 1201 admonitus
1338 1158 1452 1201 seu
1483 1136 1837 1222 assignatus
1867 1137 2079 1217 suerit,
2126 1150 2549 1225 tenoremque

240 1228 328 1295 ad
357 1242 587 1293 cantus
615 1223 1194 1311 supranominato&
1223 1236 1337 1289 aut
1366 1223 1557 1289 aliam
1579 1224 1722 1291 voci
1740 1246 1873 1289 suae
1890 1238 2138 1309 partem
2168 1226 2369 1311 magis
2391 1247 2553 1289 con-

241 1328 613 1403 gruentem,
646 1336 686 1377 a
713 1326 1112 1397 praecentore
1141 1333 1254 1375 seu
1285 1311 1421 1397 ejus
1452 1310 1663 1375 locum
1692 1325 1961 1397 gerente
2005 1312 2124 1378 assi
2218 1328 2413 1377 atam.
2460 1311 2551 1377 Et

249 1403 582 1469 tenebitur
610 1399 849 1465 cotidie
877 1398 1304 1486 personaliter
1333 1399 1635 1465 interesse
1667 1398 1873 1463 missae
1902 1400 2113 1465 beatae
2224 1400 2375 1464 ariae
2406 1399 2557 1463 Vir-

245 1491 438 1577 ginis,
483 1510 524 1554 a
551 1486 867 1573 principio
911 1508 1114 1574 usque
1143 1486 1226 1551 ad
1259 1487 1475 1564 finem,
1508 1507 1657 1550 cum
1702 1500 1877 1565 nota,
1924 1488 1989 1551 in
2022 1486 2275 1553 Galilea
2304 1486 2556 1551 Dunel-

245 1577 458 1643 mensi
486 1575 909 1651 celebrandae,
941 1573 1236 1638 canendo
1277 1572 1362 1637 ad
1405 1573 1681 1637 eandem
1719 1574 1973 1638 missam
2004 1575 2263 1659 planum
2294 1587 2555 1639 cantum

248 1668 388 1730 sive
416 1662 815 1749 organicum,
849 1660 1112 1725 meliore
1143 1660 1342 1726 modo
1370 1682 1502 1747 quo
1532 1660 1786 1725 sciverit
1815 1675 1885 1726 et
1912 1661 2174 1747 poterit,
2210 1660 2373 1727 sicut
2402 1684 2558 1727 con-

254 1750 666 1837 tigerit-alios
695 1748 933 1813 ibidem
967 1760 1227 1813 cantare
1257 1770 1378 1835 pro
1410 1760 1721 1848 tempore,
1752 1748 1873 1812 nisi
1916 1748 2201 1837 legitima
2230 1761 2297 1813 et
2327 1770 2563 1833 magna

254 1861 456 1904 causa
483 1836 690 1923 ipsum
723 1834 1052 1921 impediat.
1150 1834 1347 1909 Quod
1369 1835 1421 1897 si
1455 1836 1599 1899 talis
1644 1858 1835 1901 causa
1862 1836 2190 1901 emerserit
2220 1836 2396 1925 quod
2438 1837 2563 1900 ibi-

259 1927 418 1991 dem
469 1924 776 1988 interesse
821 1944 948 1986 non
979 1922 1214 2007 poterit
1237 1935 1390 1987 tunc
1420 1922 1617 1986 alium
1645 1923 1971 2010 ydoneum
1994 1926 2130 2011 ejus
2161 1924 2308 1989 loco
2336 1938 2401 1989 et
2422 1923 2563 1989 offi-

259 2013 368 2078 cio
411 2010 810 2095 subrogabit.
899 2008 1257 2074 Tenebitur
1305 2008 1505 2074 eciam
1562 2010 1644 2075 ad
1696 2013 2107 2077 vocacionem
2152 2011 2575 2097 proecentoris·

255 2098 554 2187 proefatae
583 2096 870 2162 ecclesiae
892 2094 1271 2161 cathedralis
1297 2096 1777 2177 Dunelmensiffi
1802 2121 1916 2164 seu
1945 2100 2080 2185 ejus
2099 2098 2309 2165 locum
2344 2114 2565 2165 tenen·

259 2188 366 2265 tis,
393 2209 516 2273 pro
544 2184 836 2249 cantibus
867 2182 1297 2269 proevidendis
1327 2182 1577 2250 tociens
1598 2187 1899 2273 quociens
1928 2188 2012 2251 ad
2054 2186 2175 2253 hac
2219 2188 2565 2271 praemuni-

261 2289 368 2340 tus
389 2272 608 2340 fuerit.
711 2271 976 2355 Insuper
1007 2270 1176 2337 idem
1201 2270 1558 2350 Johannes,
1584 2272 1871 2359 quolibet
1899 2295 2091 2352 anno,
2124 2274 2401 2339 durante
2432 2286 2563 2339 ter-

262 2362 448 2427 mino
487 2358 884 2445 supradicto,
933 2356 1236 2444 quamdiu
1285 2358 1450 2423 bene
1494 2372 1560 2423 et
1607 2361 1945 2433 commode
1980 2360 2270 2427 laborare
2298 2361 2569 2447 poterit,

263 2471 463 2514 unam
489 2468 724 2511 novam
745 2444 1001 2509 missam
1067 2458 1297 2509 uatuor
1327 2446 1429 2510 vel
1453 2447 1737 2535 quinque
1767 2447 2073 2534 parcium,
2106 2448 2205 2512 vel
2235 2448 2474 2535 aliquid
2504 2450 2565 2513 ei

268 2534 665 2623 equivalens,
699 2532 864 2596 sicut
883 2554 1020 2617 prae
1049 2530 1166 2597 atis
1201 2531 1406 2598 Priori
1436 2548 1507 2598 et
1535 2534 1917 2619 praecentori
1942 2558 2062 2621 pro
2086 2547 2375 2620 tempore
2398 2536 2574 2599 exis-

271 2622 556 2688 tentibus
601 2618 805 2683 visum
851 2618 1066 2697 fuerit,
1116 2618 1176 2681 in
1209 2618 1521 2686 honorem
1555 2621 1707 2701 Dei,
1738 2624 1948 2688 beatoe
1980 2620 2213 2687 Mariae
2266 2620 2573 2706 Virginis,

267 2724 339 2775 et
386 2707 588 2773 sancti
647 2706 1008 2785 Cutbberti,
1064 2706 1277 2772 facere
1321 2707 1661 2774 tenebitur.
1755 2708 1886 2775 Pro
1915 2709 2143 2797 quibus
2174 2708 2467 2773 omnibus
2496 2726 2569 2777 et

269 2796 534 2882 singulis
585 2793 890 2873 serviciiS,
946 2795 1124 2861 bene
1161 2808 1230 2860 et
1273 2794 1551 2861 fideliter
1592 2796 2057 2881 impendendiS,
2088 2796 2243 2861 dicti
2282 2796 2470 2862 Prior
2499 2812 2572 2864 et

272 2886 656 2951 Conventus
707 2903 827 2967 pro
873 2903 943 2946 se
973 2894 1041 2946 et
1069 2882 1541 2949 successoribus
1571 2884 1721 2962 suis,
1756 2899 2213 2951 concesserunt
2240 2883 2421 2950 dicto
2451 2886 2573 2951 Jo-

269 2972 474 3036 hanni
527 2968 860 3055 Tildesley
905 2968 1140 3057 ‚decem
1192 2968 1385 3034 libras
1437 2970 1661 3059 legalis
1706 2986 1985 3037 monetae
2021 2971 2275 3057 Angliae
2304 2972 2385 3037 ad
2419 2973 2567 3060 iiij0'

271 3058 428 3123 anni
479 3057 808 3134 terminos,
859 3056 1102 3121 scilicet
1153 3055 1237 3120 ad
1290 3056 1459 3122 festa
1510 3058 2029 3125 annunciacionis
2073 3059 2285 3125 beatae
2337 3060 2569 3127 Mariae

279 3144 592 3233 Virginis,
664 3142 870 3208 sancti
926 3142 1240 3209 Johannis
1300 3144 1633 3229 Baptistoe‚
1692 3146 1897 3212 sancti
1957 3146 2297 3211 Michaelis
2360 3148 2570 3214 Arch-

273 3231 518 3317 angeli,
555 3243 624 3295 et
673 3228 1022 3295 nativitatis
1077 3229 1364 3309 Domini,
1415 3252 1530 3317 per
1576 3234 1839 3320 equales
1868 3233 2227 3320 porciones,
2263 3257 2390 3300 una
2417 3257 2569 3303 cum

278 3320 487 3385 tribus
537 3316 703 3383 ulnis
755 3316 950 3402 panni
998 3316 1084 3382 de
1129 3330 1305 3381 secta
1349 3340 1809 3402 generosorum
1862 3320 2235 3387 clericorum
2279 3323 2571 3411 quolibet

277 3428 456 3472 anno
507 3404 591 3469 ad
643 3404 1038 3469 nativitatem
1087 3403 1355 3469 Domini
1382 3405 1805 3493 recipiendis3
1851 3409 2219 3475 habendum
2250 3424 2317 3476 et
2346 3424 2574 3477 tenen-

277 3494 435 3559 dum
488 3490 886 3578 supradictas
929 3490 1156 3556 decem
1205 3491 1399 3556 libras
1443 3506 1511 3558 et
1552 3508 1683 3559 tres
1730 3496 1910 3562 ulnas
1957 3496 2149 3582 panni
2177 3496 2433 3585 prefato
2461 3499 2582 3565 Jo-

277 3581 484 3646 hanni
529 3602 570 3643 a
619 3579 798 3643 dicto
854 3578 1079 3644 Priore
1129 3591 1196 3643 et
1247 3581 1721 3647 successoribus
1766 3584 1896 3650 suis
1922 3584 2097 3669 apud
2120 3588 2579 3654 monasterium

283 3666 728 3733 Dunelmense
756 3666 1108 3743 annuatim,
1140 3666 1224 3731 ad
1256 3669 1567 3733 terminos
1588 3671 2010 3755 supradictOS,
2034 3672 2349 3759 quamdiu·
2362 3675 2579 3741 omnia

280 3770 351 3821 et
402 3752 656 3842 singula
704 3751 1028 3837 praemissa
1071 3752 1268 3817 modo
1311 3767 1380 3819 et
1421 3754 1629 3820 forma
1665 3758 2039 3842 praenotatis
2067 3758 2288 3824 fecerit
2316 3772 2381 3824 et
2411 3761 2577 3827 bene

279 3841 780 3929 pei-impleverit.
881 3838 950 3903 Si
993 3862 1148 3905 vero
1193 3841 1526 3926 contingat
1566 3842 1814 3908 dictum
1842 3844 2202 3910 ,Iohannem
2232 3846 2299 3909 in
2330 3858 2579 3915 tantam

281 3928 685 3994 debilitatem
755 3926 982 3991 morbo
1046 3925 1330 3994 incidere
1402 3928 1505 3994 vel
1564 3928 1958 4009 infirmitate,
2020 3932 2197 4019 quod
2248 3934 2581 4019 praemissa

280 4016 500 4081 facere
543 4037 649 4079 seu
682 4013 1064 4100 perimplere
1108 4029 1405 4103 nequeat,
1454 4032 1692 4081 extunc
1716 4017 1883 4081 idem
1913 4018 2238 4084 Johannes
2267 4022 2393 4086 erit
2422 4044 2581 4088 con-

281 4116 504 4169 tentus
551 4102 880 4189 percipere
933 4104 1262 4166 annuatim
1309 4102 1393 4167 de
1439 4102 1723 4189 praesatis
1780 4105 2004 4171 Priore
2032 4119 2101 4171 et
2134 4107 2483 4175 Conventu
2512 4124 2581 4177 et

284 4189 758 4256 successoribus
813 4188 962 4265 suis,
1029 4210 1150 4274 pro
1223 4204 1518 4275 tempore
1570 4190 2025 4257 incumbenciae
2076 4216 2234 4275 suae,
2296 4198 2579 4287 quinque

287 4299 534 4343 marcas
567 4276 802 4341 usualis
825 4288 1106 4341 monetae
1136 4276 1410 4362 Angliae.
1487 4277 1655 4343 Item
1686 4291 1903 4344 tamen
1932 4282 2109 4384 quod
2139 4284 2355 4349 omnia
2380 4308 2583 4353 onera

287 4364 739 4450 suprascripta,
789 4378 1101 4449 quantum
1155 4363 1398 4451 absque
1451 4385 1570 4429 sua
1616 4364 1908 4431 molestia
1936 4370 2145 4435 lacere
2172 4376 2431 4457 poterit,
2463 4398 2582 4460 pe-

289 4452 591 4538 rimpleat
621 4473 734 4517 seu
765 4449 978 4515 faciat.
1079 4450 1154 4515 In
1185 4452 1364 4537 cujus
1394 4450 1489 4517 rei
1522 4453 1960 4522 testimonium
1996 4458 2103 4523 uni
2124 4460 2294 4545 parti
2316 4459 2581 4528 istarum
