3000 5117
685 472 1106 525 Armi-tnnc.
1148 472 1332 523 Anu.
1371 468 1857 525 Mcccnxxrv.
2221 448 2419 523 cxliii

161 636 478 703 subsidium
508 631 990 721 percipiendum
1019 633 1104 697 de
1134 632 1286 719 ipsis
1313 631 1480 697 infra
1524 632 1887 721 libertatem
1918 630 2293 719 praedictam
2334 631 2423 697 de

162 722 392 809 singulis
420 720 736 809 parochiis
773 723 842 785 in
876 720 1086 785 forma
1112 718 1440 805 proefflcta,
1478 740 1657 785 mera
1696 732 1768 784 et
1807 732 2162 809 spontanea
2198 718 2424 783 volun-

163 827 278 877 tate
317 831 424 873 sua
471 806 657 873 nobis
685 818 1140 873 concesserunt
1167 805 1537 883 levandum,
1568 806 1743 870 unde
1772 804 1959 893 nobis
1986 806 2071 871 ad
2094 818 2425 891 receptam

172 894 454 963 Scaccarii
485 895 686 959 nostri
713 906 809 959 est
839 914 1241 979 responsum,
1271 904 1468 978 prout
1492 892 1961 959 Thesaurarius
1990 904 2211 958 noster
2238 890 2423 958 nobis

166 996 248 1049 cst
312 982 724 1058 testificatus3
799 1002 918 1046 nos
990 979 1280 1044 volentes
1387 1001 1460 1045 ro
1527 978 1997 1065 indempnitate
2052 978 2425 1063 hujusmodi

165 1068 611 1155 praedictorum,
711 1088 794 1133 ne
918 1063 1248 1131 concessio
1385 1064 1705 1151 ujusmodi
1814 1066 2001 1132 nobis
2093 1078 2429 1151 gratanter

167 1156 334 1233 sacta,
403 1164 514 1219 aut
597 1152 846 1219 levacio
916 1175 1028 1217 seu
1101 1150 1348 1217 solucio
1419 1150 1684 1217 subsidii
1758 1152 2053 1240 praedicti
2125 1151 2239 1230 eis,
2312 1164 2429 1217 aut

168 1264 360 1306 eorum
383 1238 750 1305 hoeredibus
777 1238 846 1303 in
867 1239 1292 1325 prejudicium
1309 1236 1545 1304 cedant
1559 1238 1630 1302 in
1644 1238 1935 1304 futurum
1962 1238 2253 1325 graciose
2280 1259 2433 1324 pro-

169 1328 386 1407 videre,
415 1325 844 1392 concessimus
889 1348 1014 1412 pro
1039 1324 1227 1389 nobis
1265 1336 1332 1389 et
1379 1323 1749 1393 haeredibus
1778 1326 2015 1391 nostris
2045 1324 2283 1391 eisdem
2314 1326 2435 1389 ho-

168 1415 414 1479 minibus
443 1427 510 1479 et
553 1434 780 1479 eorum
823 1410 1190 1477 haeredibus
1217 1412 1396 1497 quod
1423 1411 1753 1477 concessio
1780 1413 1917 1477 sive
1954 1411 2309 1498 imposicio,
2340 1411 2437 1476 le·

170 1500 328 1565 vacio
347 1523 458 1567 seu
476 1498 724 1565 solucio
750 1496 1016 1563 subsidii
1034 1496 1350 1584 praedictss
1371 1510 1444 1563 ut
1470 1499 1853 1583 praedictum
1870 1511 1991 1577 est,
2010 1497 2242 1565 futuris
2272 1516 2435 1565 tem-

169 1586 400 1673 poribus
471 1584 738 1651 minime
793 1584 1092 1651 trahatur
1145 1582 1214 1647 in
1273 1586 1811 1671 consequenciam
1866 1597 1983 1650 aut
2038 1583 2435 1669 exemplum.

175 1673 288 1739 Sed
328 1672 640 1751 volumus,
693 1682 762 1738 et
807 1671 1052 1737 eisdem
1101 1668 1470 1735 hominibus
1521 1671 1953 1751 concedimus,
1984 1671 2160 1759 quod
2205 1670 2325 1757 ipsi
2367 1682 2439 1737 et

171 1759 428 1825 haeredes
477 1758 580 1823 sui
629 1760 799 1824 adeo
845 1756 1030 1823 liberi
1081 1756 1213 1822 sint
1240 1777 1495 1821 exnunc
1526 1758 1690 1825 sicut
1716 1758 1914 1823 iidem
1944 1758 2235 1823 homines
2286 1770 2440 1825 ante

171 1846 621 1913 concessionem
673 1867 784 1911 seu
830 1842 1312 1930 imposicionem
1401 1844 1698 1911 raedictas
1724 1846 2122 1921 extiterunt3
2166 1857 2235 1910 et
2263 1844 2443 1931 quod

173 1932 274 2017 ipsi
301 1933 628 1999 libertates
669 1943 740 1996 et
779 1929 1118 2018 privilegia
1168 1952 1286 1996 sua
1310 1953 1356 2016 p
1381 1952 1502 1996 ene
1535 1932 1839 2011 habeant,
1870 1946 1940 1997 et
1964 1931 2061 1997 eis
2088 1930 2172 1995 de
2202 1944 2443 1997 coetero

173 2020 345 2085 libere
383 2018 718 2107 gaudeant
757 2030 825 2083 et
855 2031 1162 2093 mantnt-3
1206 2017 1669 2105 regalitatibus,
1701 2018 2171 2105 superioritate,
2204 2031 2273 2083 et
2299 2017 2443 2083 aliis

164 2106 384 2192 juribus
429 2126 692 2203 coronae
743 2118 982 2169 nostrae
1029 2104 1218 2202 nobis
1268 2116 1338 2168 et
1383 2102 1750 2203 baeredibus
1791 2103 2024 2173 nostris
2053 2104 2119 2169 in
2146 2103 2445 2170 omnibus

174 2190 1226 2365 222ss222331¹zsss¹2ffl⁰÷2¹43
1255 2202 1733 2364 3:23223'301
1750 2190 2443 2355 mamam

70 2408 72 2439 j
175 2385 253 2427 xx
298 2364 398 2430 die
455 2360 873 2441 Novembris,
926 2368 1100 2427 anno
1147 2363 1330 2446 regni
1379 2364 1587 2428 nostri
1640 2363 1899 2451 Angliae
1950 2364 2445 2454 quadragesimo

175 2464 400 2529 octavo,
429 2451 614 2538 regni
647 2470 801 2515 vero
831 2448 1036 2515 nostri
1065 2447 1356 2515 Franciae
1387 2447 1711 2517 tricesimo
1736 2450 1989 2541 quinto.
2084 2453 2213 2518 Per
2234 2450 2449 2519 consi-

70 2574 72 2581 =
177 2535 337 2603 lium.
351 2569 365 2583 =
427 2534 740 2623 Spaigne.

326 2847 552 2895 CXXVI·
629 2846 1038 2893 Pnommcm
1111 2849 1370 2896 Dounu
1441 2850 1647 2895 naam
1721 2850 2271 2898 Ancnmmsco-Po

326 2933 760 2979 nnonaclmst
807 2934 897 2979 11⁹1·
927 2934 1072 2979 NON
1105 2935 1467 2983 vlsrrsltm·
1497 2938 1975 2983 EPISCOPATUM
2008 2939 2273 2985 nuum„-

331 3020 648 3067 munstu-

1058 3110 1216 3182 [πως.
1244 3112 1324 3166 11.
1341 3112 1380 3165 a
1397 3114 1544 3179 τοι]

255 3226 632 3304 Edwardus,
667 3224 796 3291 Dei
837 3226 1057 3309 gracia
1100 3249 1220 3294 rex
1273 3228 1533 3313 Angliae
1584 3244 1653 3295 et
1698 3228 2007 3309 Franciae,
2054 3241 2123 3297 et
2153 3228 2449 3295 dominus

182 3312 524 3394 Hiberniae,
561 3313 910 3378 venerabili
941 3313 1005 3377 in
1040 3315 1302 3380 Christo
1347 3315 1515 3401 patri
1548 3316 1945 3395 Alexandro,
1976 3318 2205 3383 eadem
2312 3316 2455 3383 acia

185 3398 674 3485 Archiepiscopo
705 3400 1121 3479 Eboracensi,
1157 3400 1418 3489 Angliae
1445 3402 1725 3487 primati,
1757 3404 2045 3469 salutem.
2166 3406 2227 3470 A
2305 3425 2458 3469 nos-

183 3498 330 3548 trum
375 3488 672 3572 pervenit
724 3485 1014 3550 auditum
1057 3487 1236 3574 quod
1267 3508 1402 3567 vos,
1449 3488 1668 3553 colore
1696 3490 2095 3577 quarundam
2126 3489 2459 3555 literarum

182 3570 339 3633 vobis
367 3594 408 3637 a
433 3572 708 3637 domino
725 3593 976 3637 summo
992 3572 1309 3639 Pontifice
1331 3574 1861 3654 transmissarum,
1884 3576 2127 3643 clerum
2158 3592 2226 3643 et
2253 3598 2339 3661 po
2382 3592 2463 3641 u-

183 3654 296 3721 lum
329 3658 783 3724 Dunelmensis
825 3657 1156 3725 dioceseos
1189 3658 1463 3739 visitare,
1495 3674 1563 3725 et
1594 3663 2081 3745 procuraciones
2110 3664 2195 3728 ab
2352 3684 2459 3728 em

185 3742 336 3807 clero
377 3758 445 3809 et
491 3744 778 3811 diversas
811 3744 1222 3829 pecuniarum
1253 3768 1530 3813 summas
1560 3768 1601 3810 a
1630 3749 1871 3833 populo
1892 3748 2207 3834 praedicto
2238 3762 2459 3813 extor-

182 3850 380 3913 quere,
411 3845 478 3896 et
515 3830 648 3896 alia
691 3830 984 3897 inaudita
1034 3846 1103 3897 et
1155 3832 1412 3897 insolita
1454 3830 1696 3897 ibidem
1728 3849 2098 3920 perpetrare
2130 3833 2461 3899 intenditis

187 3915 349 3979 aliter
377 3938 574 4004 quam
597 3940 638 3982 a
660 3931 974 4004 tempore,
1008 3920 1192 4006 cujus
1221 3922 1525 3983 contrarii
1550 3920 1857 3985 memoria
1886 3942 2015 3985 non
2044 3920 2287 3996 existit,
2319 3919 2461 3985 fieri

185 4016 267 4065 est
295 4016 672 4069 consuetum
697 4028 717 4080 3
813 4027 1154 4091 numquam
1191 4004 1565 4071 venerabilis
1597 4020 1779 4091 pater
1822 4006 2180 4091 Episcopus
2212 4006 2465 4071 Dunel-

183 4089 391 4152 mensis
442 4112 664 4153 comes
707 4108 794 4175 pa
819 4092 1028 4155 atinus
1069 4090 1328 4169 existat,
1361 4090 2013 4178 jurisdiccionemque
2046 4092 2467 4177 temporalem

185 4171 240 4235 in
267 4196 481 4241 omnes
512 4190 584 4241 et
606 4176 890 4261 singulos
913 4176 1204 4241 subditos
1235 4200 1382 4241 suos
1415 4176 1725 4242 libertatis
1757 4178 2213 4243 Dunelmensis
2242 4193 2469 4243 aucto·

185 4258 354 4324 ritate
412 4264 598 4346 regia
648 4262 965 4341 habuerit,
1022 4262 1284 4351 ipseque
1344 4276 1413 4327 et
1471 4263 1953 4348 predecessores
2010 4265 2131 4343 sui,
2178 4265 2465 4351 episcopi

70 4356 72 4419 ῥ
190 4340 665 4426 Dunelmenses‚
675 4347 1198 4436 jurisdiccionem
1223 4349 1590 4433 hujusmodi
1611 4351 1677 4413 in
1698 4350 1985 4415 subditos
2004 4373 2153 4416 suos
2174 4354 2463 4439 ejusdem

70 4458 72 4475 =
186 4429 478 4501 libertatis
503 4457 544 4500 a
565 4446 862 4522 tempore
881 4434 1192 4521 praedicto
1215 4457 1469 4521 semper
1487 4434 1817 4516 hactenus,
1839 4450 2141 4525 tanquam
2172 4458 2466 4524 persone
