3000 5117
755 488 1176 544 Arrsnmx.
1214 492 1400 543 Anu.
1439 490 1849 544 ncccnxu.
2188 472 2470 547 cxxxvii

197 654 356 741 parci
405 654 606 719 nostri
653 652 740 718 de
795 654 1108 730 Rainton,
1139 671 1217 717 ac
1267 650 1470 717 eciam
1518 652 1881 718 custodiam
1934 652 2196 718 mineroe
2237 666 2477 719 nostras

199 744 536 806 carbonum
557 740 731 825 apud
757 738 1188 826 Raynton,ad
1211 750 1418 802 totam
1441 738 1639 803 vitam
1670 760 1875 819 suam,
1894 738 1999 804 cui
2032 760 2151 823 pro
2172 740 2483 829 obsequio

199 850 306 893 suo
353 830 421 891 in
465 826 654 891 dictis
697 824 1034 891 forestaria
1061 837 1128 889 et
1157 825 1405 888 minera
1431 824 1712 890 fideliter
1760 838 1831 889 et
1858 826 2207 892 efficaciter
2234 827 2483 913 impen-

197 914 400 979 dendo
441 911 852 978 concedimus
897 932 1090 976 unam
1121 912 1346 975 robam
1377 910 1464 975 de
1483 924 1663 976 secta
1688 911 2081 976 servientum
2112 926 2481 978 nostrorum

199 999 448 1084 singulis
501 1000 704 1077 annis,
735 1020 938 1085 quum
987 1018 1106 1063 nos
1157 996 1617 1063 liberacionem
1664 998 2031 1083 generalem
2082 1000 2297 1079 facere
2324 1022 2481 1065 con-

199 1082 2341 1257 3¹:533,ssffifflsszffib‘zft‘issssimffissssffiottassffiffsffgtssff
2373 1088 2484 1260 233}

671 1216 690 1247 2
2318 1218 2337 1250 2

198 1280 308 1343 pro
351 1273 644 1345 tempore
695 1257 908 1334 fuerit,
937 1256 1278 1343 percipere
1327 1256 1699 1341 contingen
1744 1280 1821 1323 ac
1858 1260 2065 1323 eciam
2094 1260 2369 1325 cortices
2410 1272 2482 1325 et

197 1366 392 1409 ramos
419 1346 707 1409 omnium
739 1344 1037 1409 arborum
1067 1366 1218 1431 quae
1245 1342 1577 1409 dabuntur
1602 1365 1723 1430 per
1757 1344 2050 1409 Ptiorem
2082 1345 2487 1413 Dunelmen-

197 1453 342 1507 sem,
370 1430 482 1518 qui
534 1452 656 1515 pro
707 1443 996 1515 tempore
1047 1430 1258 1509 fuerit,
1290 1430 1376 1495 de
1424 1452 1624 1517 parco
1676 1432 1991 1517 praedicto
2041 1454 2163 1517 pro
2191 1446 2485 1534 tempore

199 1516 466 1600 ejusdem
497 1518 779 1581 Thomae
830 1518 897 1581 in
946 1515 1174 1603 quibus
1225 1519 1605 1583 meremium
1656 1539 1789 1582 non
1817 1518 2061 1604 poterit
2091 1518 2383 1599 inveniri,
2416 1532 2486 1584 et

200 1603 468 1689 qualibet
519 1602 886 1688 septimana
925 1625 1046 1667 sex
1097 1602 1394 1668 denarios
1441 1602 1695 1688 argenti
1726 1626 1847 1689 pro
1875 1604 2191 1671 custodite
2220 1605 2485 1671 minerae

201 1689 532 1773 praedictae.
635 1690 720 1753 Et
763 1690 818 1752 si
863 1688 1197 1777 contingat
1226 1688 1599 1774 praedictam
1631 1690 1941 1755 mineram
1970 1712 2101 1756 non
2131 1692 2343 1756 excoli
2372 1713 2488 1777 per

201 1798 487 1860 magnum
522 1788 792 1861 tempus,
826 1776 928 1840 vel
957 1776 1254 1853 deficere,
1288 1775 1382 1841 ita
1417 1776 1597 1863 quod
1628 1776 1817 1841 Prior
1840 1772 1977 1863 pro¹
1997 1790 2288 1863 tempore
2319 1778 2487 1843 exis-

203 1876 327 1925 tens
369 1861 670 1927 custodia
712 1861 870 1926 dicti
918 1862 1196 1927 Thomae
1245 1862 1418 1927 circa
1463 1884 1609 1927 eam
1656 1884 1787 1927 non
1838 1862 2145 1947 indigeat,
2190 1864 2487 1929 volumus

245 1949 360 2013 uod
389 1972 512 2035 pro
544 1948 658 2013 tali
691 1961 980 2033 tempore
1009 1948 1166 2013 dicti
1195 1970 1312 2013 sex
1341 1948 1585 2013 denarii
1608 1970 1729 2035 per
1754 1950 2193 2035 septimanam,
2226 1963 2301 2014 ut
2322 1974 2488 2051 prae-

204 1970 440 2111 dicitur,
471 2034 766 2099 solvendi
821 2033 1029 2098 eidem
1063 2032 1362 2113 Thomae,
1393 2034 1659 2101 minime
1688 2036 2155 2119 persolvantur.
2248 2038 2483 2103 Dictus

205 2142 342 2185 vero
381 2121 676 2185 Thomas
706 2120 915 2185 officia
943 2120 1310 2205 supradicta
1337 2133 1405 2183 et
1433 2122 1651 2185 omnia
1678 2142 1877 2186 onera
1902 2122 2194 2205 ejusdem
2246 2124 2489 2189 incum-

203 2208 406 2273 cencia
431 2206 720 2272 fideliter
739 2206 934 2271 saciet
955 2220 1025 2271 et
1041 2205 1466 2291 supportabit.
1558 2206 1647 2271 Et
1668 2206 1721 2270 si
1742 2206 2035 2292 contigat
2057 2208 2264 2293 ipsum
2310 2210 2491 2275 infir-

203 2294 364 2371 mari,
395 2296 492 2360 ita
591 2292 724 2357 nod
775 2314 906 2357 non
954 2294 1197 2377 poterit
1225 2292 1541 2368 laborare,
1572 2315 1693 2377 per
1721 2292 1917 2359 alium
1939 2294 2359 2361 sufficientem
2393 2296 2489 2361 fa·

204 2380 318 2445 ciat
361 2316 718 2455 custodit-h
761 2392 834 2443 et
883 2378 1180 2465 quotiens
1233 2377 1298 2442 in
1351 2378 1575 2443 officiis
1626 2379 1951 2463 praedictis
1994 2381 2339 2485 deliquerit
2384 2383 2487 2448 vel

205 2466 542 2552 dampnum
571 2466 834 2552 aliquod
859 2464 924 2529 in
953 2464 1197 2529 eisdem
1229 2486 1312 2529 ex
1341 2464 1535 2549 culpa
1560 2487 1673 2531 seu
1706 2467 2107 2555 negligencia
2136 2469 2349 2555 ipsius,
2382 2469 2489 2534 vel

203 2552 902 2704 3³¹¹}“guffgiffzxffif
913 2550 2489 2725 ¹²‘51⁸3ss52233253055533223332302‘3322:

899 2684 920 2715 2

204 2726 466 2790 virorum
517 2724 996 2809 fidedignorum
1045 2723 1272 2791 fecerit
1305 2738 1767 2810 competentes,
1797 2728 1883 2793 de
1910 2728 2107 2793 feodo
2136 2742 2357 2793 nostro
2400 2728 2489 2793 ad

203 2810 313 2877 hoc
353 2835 470 2897 per
512 2834 636 2876 nos
681 2812 1036 2879 electorum
1093 2822 1164 2875 et
1210 2810 1598 2895 juratorum.
1706 2814 1785 2878 In
1826 2816 2009 2899 cujus
2054 2814 2149 2880 rei
2202 2814 2487 2880 testimo-

203 2896 363 2963 nium
405 2898 688 2983 sigillum
733 2918 1070 2963 commune
1107 2897 1372 2981 capituli
1415 2898 1621 2963 nostri
1661 2902 2083 2986 praesentibus
2112 2916 2213 2966 est
2242 2924 2485 2987 appen-

201 3005 350 3051 sum.
439 2986 623 3050 Data
675 2982 1005 3061 Dunelmi‚
1055 2984 1126 3047 in
1183 2984 1380 3048 domo
1439 2998 1663 3049 nostra
1710 2986 2067 3071 capitulari,
2117 2988 2325 3072 primo
2374 2981 2483 3052 die

203 3072 413 3137 mensis
446 3071 808 3150 Februarii,
831 3092 1008 3136 anno
1039 3070 1310 3136 Domini
1339 3070 1678 3137 millesimo
1710 3084 2053 3139 eceman.

363 3438 556 3491 cxlx.
605 3437 934 3485 mem-tem
965 3438 1310 3483 CONCBSSA
1341 3438 1673 3482 El’lscoPo
1706 3435 2021 3481 nannum
2054 3433 2306 3480 SEPUL-

713 3526 958 3571 ‘ruam
993 3526 1067 3570 m
1102 3524 1430 3569 Eccmtsxa
1463 3524 1941 3572 DUNELMRNSI.

1063 3641 1221 3710 [Bes
1245 3640 1326 3693 11.
1347 3638 1384 3691 f.
1411 3640 1528 3699 17³.
1546 3638 1623 3705 a]

283 3758 648 3825 Venerabili
697 3758 770 3823 in
823 3756 1088 3823 Christo
1127 3757 1302 3842 patri
1349 3770 1416 3821 et
1467 3756 1735 3823 domino
1769 3756 2067 3836 Thomas,
2100 3756 2235 3823 Dei
2260 3756 2482 3842 gracia

206 3843 512 3932 Episcopo
561 3843 1004 3921 Dunelmensi,
1037 3843 1134 3909 sui
1185 3843 1302 3908 filii
1339 3842 1737 3909 devotissimi
1764 3844 2095 3910 Johannes
2144 3844 2334 3909 Prior
2378 3866 2483 3908 ec-

204 3931 395 3997 clesioe
442 3930 904 3997 Dunelmensis
951 3946 1022 3996 et
1071 3930 1360 4015 ejusdem
1403 3930 1533 3997 loci
1582 3932 1957 3997 Conventus
2004 3931 2297 4008 salutem,
2331 3951 2481 3994 cum

204 4019 382 4097 omni,
429 4042 562 4107 qua
612 4030 898 4105 possunt,
951 4018 1240 4101 subjecta
1289 4018 1799 4104 promptitudine
1848 4016 2267 4091 obedienciae,
2298 4036 2480 4079 reve-

204 4108 422 4170 renciae
450 4120 522 4171 et
552 4104 834 4171 honoris.
923 4103 1182 4169 Nostris
1203 4103 1379 4169 cedit
1407 4106 1699 4169 sensibus
1728 4102 1797 4167 in
1820 4101 2149 4167 suavitatis
2178 4113 2243 4165 et
2264 4100 2481 4165 delec-

207 4192 524 4259 tatacionis
552 4203 968 4277 augmentum
993 4203 1226 4256 vestroe
1253 4190 1625 4256 reverendae
1653 4185 2059 4275 paternitatis
2078 4186 2483 4273 beneplacita

206 4299 266 4341 se
387 4302 439 4343 vr
465 4279 700 4344 devote
727 4278 1073 4365 suscipere,
1105 4299 1182 4342 ac
1212 4277 1322 4341 illa
1347 4276 1655 4379 prosequi
1686 4286 2053 4339 reverenter
2072 4296 2217 4337 cnm
2248 4275 2332 4339 ad
2352 4274 2479 4339 hoc

205 4300 524 4432 exniissbito
555 4378 905 4431 teneamur.
1003 4364 1256 4430 Vestrae
1287 4363 1482 4449 igitur
1510 4360 1994 4448 complacentiae
2016 4361 2235 4447 pronis
2250 4361 2479 4427 animis

206 4464 266 4515 et
319 4452 706 4520 ferventibus
735 4452 1146 4541 adquiescere
1174 4450 1521 4538 cupientes,
1532 4464 1605 4516 ut
1635 4450 1803 4516 inter
1830 4450 2030 4534 majus
2060 4447 2259 4516 altare
2282 4448 2485 4515 eccle-
