3000 5117
460 465 558 541 xii
911 489 1115 541 msr.
1155 488 1515 539 numam.
1557 488 2022 541 SCRIPTORES
2059 490 2272 543 rans,

452 651 725 719 febrium
758 652 1175 739 languoribus
1205 674 1322 737 per
1348 651 1681 717 biennium
1717 652 1914 716 modo
1939 650 2296 718 incredibili
2338 652 2574 732 exusti,
2608 673 2770 718 cum

455 762 677 805 omues
722 740 953 803 medici
997 739 1193 804 solius
1238 738 1463 803 mortis
1511 738 1762 804 exitum
1813 739 1996 804 nobis
2029 742 2392 826 prominere
2420 744 2771 825 promitte-

453 841 617 903 rent,
654 826 739 891 nil
772 849 857 891 un
907 849 1053 891 uam
1106 826 1228 891 suit
1280 826 1347 891 in
1378 850 1510 913 quo
1555 824 1878 891 continuae
1909 848 2148 891 noxam
2180 827 2560 913 egritudinis
2593 842 2774 892 tem-

454 929 774 1000 perarent.
930 936 1000 979 er
1053 912 1278 992 visum,
1332 935 1511 999 erg0,
1563 913 2010 991 commonitus,
2058 914 2142 978 ad
2204 916 2496 980 tumbam
2555 914 2771 981 sancti

462 1001 805 1067 Cuthberti
856 1022 1122 1087 gemens
1175 1014 1243 1065 et
1288 1002 1564 1065 fremens
1607 1000 1980 1085 pernoctavi
2003 1025 2021 1077 ;
2068 1001 2178 1088 qui
2211 1003 2438 1067 morbo
2467 1002 2662 1067 simul
2697 1016 2774 1067 et

459 1089 633 1155 mole
687 1089 1011 1177 fatigatus»,
1073 1089 1231 1153 dum
1279 1110 1617 1174 sompnum
1665 1087 1958 1173 surripui,
2014 1088 2081 1154 in
2112 1088 2253 1153 visu
2307 1089 2500 1155 michi
2531 1090 2776 1154 beatus

463 1176 865 1243 Cuthbertus
894 1174 1114 1255 astitit,
1149 1176 1256 1263 qui
1290 1197 1481 1241 manu
1514 1198 1632 1239 sua
1659 1175 1912 1264 singula
1935 1198 2077 1240 mea
2099 1178 2389 1243 membra
2411 1177 2777 1263 exploran-

461 1264 572 1341 do,
606 1263 690 1327 de
734 1264 1108 1329 infirmitate
1160 1286 1307 1328 mea
1353 1284 1751 1349 percurrenS,
1803 1284 1955 1328 mox
2002 1262 2414 1347 evigilantem
2469 1265 2552 1329 ab
2584 1262 2774 1328 omni

461 1350 835 1416 infirmitate
859 1372 1086 1415 sanum
1114 1349 1394 1415 reddidit
1419 1374 1435 1426 ;
1480 1363 1550 1415 et
1582 1372 1684 1414 me
1708 1350 1828 1414 sibi
1853 1349 1914 1413 in
1942 1351 2238 1415 omnibus
2261 1350 2570 1417 devotum
2591 1350 2774 1429 fore,

464 1453 533 1505 et
561 1460 984 1525 quaecumque
1030 1438 1095 1503 in
1142 1460 1286 1503 mea
1330 1436 1572 1503 diocesi
1603 1437 1739 1521 ipse
1770 1437 1873 1503 vel
1904 1436 2001 1501 sui
2033 1438 2377 1522 possessuri
2409 1453 2648 1517 essent,
2685 1440 2778 1505 ab

465 1528 643 1592 omni
671 1524 1059 1609 fatigacione
1104 1546 1329 1590 secura
1374 1537 1443 1590 et
1469 1524 1674 1589 libera
1703 1547 1843 1589 esse
1873 1525 2201 1610 praecepit.
2303 1525 2557 1601 Quibus
2585 1526 2776 1591 beati

468 1610 869 1681 confessoris
914 1611 1173 1699 adjutus
1219 1612 1568 1689 beneficiis,
1603 1634 1684 1675 eo
1715 1610 1775 1675 ei
1805 1625 1874 1676 et
1903 1612 2030 1676 suis
2060 1611 2366 1678 devocior
2411 1612 2596 1679 extiti
2633 1636 2780 1701 quo

466 1701 715 1787 majora
770 1699 1129 1784 persolvere
1188 1700 1404 1766 debui.
1530 1698 1924 1764 Willielmus
1986 1700 2243 1764 interIm
2307 1701 2779 1765 Dunelmensis

474 1786 833 1873 Episcopus
885 1786 971 1851 de
1024 1782 1176 1852 sede
1230 1786 1606 1873 Apostolica
1649 1786 1868 1852 literas
1924 1787 2229 1871 Gregorii
2287 1787 2485 1873 Papae
2533 1809 2632 1851 vu
2686 1788 2782 1853 ad

476 1874 797 1939 Willielmi
826 1874 1166 1939 concilium
1198 1874 1369 1961 apud
1411 1874 2040 1940 westmonasterium
2069 1874 2387 1953 deferens,
2420 1875 2783 1939 canonicos

470 1963 553 2029 de
590 1961 875 2027 Ecclesia
916 1984 1033 2026 sua
1077 1984 1375 2027 amovere
1406 1975 1473 2027 et
1505 1961 1854 2027 monachos
1881 1961 2266 2027 substituere
2295 1962 2582 2027 omnium
2614 1985 2786 2027 cou-

470 2072 662 2117 sensu
723 2048 1111 2133 impetravit.
1210 2049 1459 2123 Quibus
1519 2048 1864 2133 plurimum
1923 2048 2198 2133 gavisus,
2274 2072 2359 2115 ex
2429 2064 2786 2137 proecepto

471 2136 723 2222 praefati
782 2137 1001 2222 Papae,
1051 2150 1117 2201 et
1167 2158 1253 2202 ex
1302 2136 1572 2223 imperio
1623 2136 1866 2201 domini
1907 2136 2103 2221 Regis
2140 2136 2460 2203 Willielmi
2497 2152 2562 2203 et
2592 2138 2786 2203 beati

472 2222 813 2291 Cuthberti
846 2246 1065 2290 amore
1095 2224 1341 2302 debito,
1372 2223 1760 2309 subscriptas
1787 2224 2109 2289 libertates
2140 2240 2360 2291 sancto
2383 2225 2786 2311 cuthberto,

474 2326 541 2377 et
595 2315 734 2399 ejus
768 2311 1116 2398 Episcop0,
1172 2325 1241 2377 et
1287 2310 1582 2376 omnibus
1619 2310 1958 2377 Monachis
1989 2311 2049 2377 ei
2077 2312 2424 2392 servituris,
2455 2334 2788 2378 consensu

473 2414 541 2466 et
570 2398 988 2487 permissione
1024 2398 1309 2485 Capituli
1344 2398 1763 2464 Eboracensis
1807 2412 1874 2465 et
1918 2399 2116 2465 totius
2151 2400 2399 2487 Synodi
2426 2400 2788 2466 conflrma-

473 2488 679 2564 cione,
711 2485 883 2565 dedi,
916 2489 1203 2551 concessi
1232 2499 1301 2551 et
1331 2487 1634 2572 proesenti
1664 2500 1844 2552 carta
1872 2488 2270 2573 confirmavi,
2301 2502 2366 2552 et
2381 2501 2554 2573 post,
2575 2510 2788 2554 manu

474 2574 739 2661 propria
784 2596 973 2659 super
1019 2573 1219 2639 altare
1270 2587 1493 2639 sancto
1539 2575 1902 2640 Cuthberto
1955 2574 2182 2661 optuli.
2277 2576 2518 2655 Sciant,
2553 2574 2783 2659 igitur,

480 2678 612 2727 tam
665 2676 1010 2747 praesentes
1056 2684 1279 2727 omnes
1330 2684 1525 2749 quam
1571 2662 1794 2741 futuri,
1828 2664 2002 2749 quod
2035 2683 2158 2747 ego
2189 2662 2497 2742 Thomas»,
2527 2663 2791 2729 Ebora·

474 2748 681 2813 censis
723 2748 1281 2835 Archiepiscopus,
1314 2772 1398 2814 ex
1428 2762 1758 2836 praecepto
1793 2751 1991 2835 Papae
2029 2749 2331 2838 Gregorii
2364 2772 2485 2829 vn,
2517 2763 2586 2815 et
2617 2774 2788 2815 con-

476 2837 849 2902 firmacione
900 2836 1145 2901 domini
1204 2836 1401 2922 Regis
1440 2836 1780 2916 willielmi,
1815 2838 1932 2903 sub
1965 2837 2334 2902 testimonio
2377 2838 2787 2905 Universalis

481 2926 843 3010 Anglorum
880 2924 1158 2990 Concilii
1188 2937 1255 2989 et
1284 2946 1598 2989 consensu
1626 2925 2044 2990 Eboracensis
2067 2924 2370 3010 Capituli,
2404 2926 2492 2989 do
2521 2940 2588 2989 et
2618 2948 2787 2990 con-

476 3013 642 3079 cedo
676 3012 827 3078 Deo
871 3025 938 3078 et
981 3028 1205 3078 sancto
1237 3012 1604 3078 Cuthberto
1650 3025 1717 3076 et
1761 3013 2056 3077 omnibus
2095 3015 2234 3100 ejus
2267 3012 2604 3099 Episcopis
2633 3036 2788 3078 suc-

477 3102 766 3179 cessuris,
822 3114 890 3166 et
936 3100 1232 3165 omnibus
1285 3098 1627 3165 Monachis
1681 3100 1747 3163 in
1783 3112 2111 3185 posterum
2145 3099 2380 3165 ibidem
2417 3100 2668 3178 suturis,
2705 3114 2786 3165 ut

478 3212 699 3255 omnes
732 3188 1053 3267 ecclesias,
1087 3209 1520 3275 quascumque
1551 3188 1616 3251 in
1649 3190 1952 3272 praesenti
1985 3187 2048 3251 iu
2074 3187 2442 3253 diocesiana
2471 3187 2790 3274 parochia

478 3299 625 3343 mea
669 3277 1022 3363 possident,
1077 3275 1178 3339 vel
1234 3276 1297 3339 in
1348 3289 1672 3359 posterum
1728 3274 2039 3340 canonice
2085 3274 2424 3362 adquirere
2469 3276 2781 3361 poterint,

479 3364 890 3430 concessione
916 3363 1192 3446 Regum,
1226 3362 1574 3445 largicione
1603 3362 1914 3441 fidelium,
1947 3363 2048 3427 vel
2069 3361 2508 3427 edificaverint
2538 3364 2605 3426 in
2628 3385 2789 3449 pro-

481 3452 623 3538 prio
651 3450 853 3515 fundo
885 3462 1219 3527 terrarum,
1263 3449 1495 3514 liberas
1543 3461 1610 3513 et
1661 3449 1909 3535 quietas
1940 3452 2206 3514 omnino
2235 3450 2298 3513 in
2331 3463 2716 3537 perpetuum
2743 3474 2789 3515 a

481 3561 585 3602 me
652 3549 719 3603 et
780 3536 1248 3601 successoribus
1311 3536 1489 3615 meis,
1547 3537 1628 3602 ab
1675 3536 1971 3601 omnibus
2033 3559 2182 3624 quae
2245 3537 2328 3601 ad
2378 3559 2483 3602 me
2535 3537 2639 3603 vel
2696 3539 2786 3603 ad

480 3646 871 3689 successores
904 3645 1079 3688 meos
1111 3624 1455 3709 pertinent.
1555 3624 1775 3698 Quare
1806 3625 1954 3689 volo
1999 3638 2065 3689 et
2109 3623 2419 3711 praecipio
2452 3639 2522 3689 ut
2555 3648 2786 3691 omnes

482 3711 779 3779 ecclesias
823 3733 967 3776 suas
1013 3709 1080 3776 in
1128 3732 1319 3775 mauu
1350 3733 1467 3775 sua
1496 3725 1774 3791 teneant,
1809 3725 1875 3777 et
1903 3711 2122 3813 quiete
2150 3734 2259 3779 eas
2289 3712 2682 3798 possideant,
2717 3728 2790 3778 et

484 3800 753 3867 vicarios
804 3820 953 3864 suos
999 3798 1065 3862 in
1116 3798 1208 3863 eis
1254 3798 1453 3864 libere
1500 3813 1784 3883 ponant3
1832 3822 1940 3888 qut
1995 3798 2150 3864 mihi
2197 3813 2264 3864 et
2307 3800 2788 3865 successoribus

392 3886 396 3891 ’
482 3888 641 3955 meis
673 3888 756 3954 de
788 3909 943 3953 cura
972 3898 1220 3951 tantum
1254 3886 1598 3951 intendant
1641 3886 1998 3951 animarum
2026 3910 2044 3962 3
2095 3886 2244 3972 ipsis
2275 3909 2426 3951 vero
2462 3887 2547 3953 de
2579 3888 2792 3951 omni-

481 3980 603 4044 bus
622 3974 849 4043 ceteris
868 3972 1196 4053 beneflciis
1216 3972 1732 4041 elemosinarum.
1791 3973 2122 4065 ConcedO,
2145 3974 2422 4060 insuper,
2445 3976 2786 4053 confirmo,

484 4080 553 4131 et
584 4064 908 4151 praecipiO,
944 4078 1016 4128 ut
1060 4074 1191 4129 tam
1236 4060 1355 4145 ipsi
1384 4074 1579 4148 quam
1609 4062 1894 4148 ipsorum
1926 4062 2141 4127 vicarii
2172 4062 2356 4126 liberi
2388 4077 2452 4127 et
2483 4062 2686 4150 quieti
2718 4062 2792 4128 in

486 4168 873 4238 perpetuum
924 4151 1050 4215 sint
1095 4152 1177 4215 ab
1216 4148 1393 4214 omni
1424 4149 1680 4214 redditu
1712 4149 2025 4235 synodali,
2061 4162 2126 4215 et
2156 4149 2238 4214 ab
2270 4151 2571 4214 omnibus
2601 4150 2796 4215 auxi-

485 4240 606 4318 liis,
640 4238 1133 4325 gravaminibus,
1167 4237 1268 4303 vel
1293 4236 1670 4314 redditibus,
1693 4236 2144 4302 exaccionibus
2170 4236 2271 4301 vel
2303 4236 2626 4323 hospiciiS‚
2650 4249 2794 4302 tam

470 4332 661 4392 -a'me
704 4348 897 4414 quam
946 4347 986 4389 a
1017 4324 1320 4400 Decanis‚
1383 4324 1893 4403 Archidiaconis,
1945 4324 2046 4389 vel
2094 4324 2384 4389 omnium
2415 4338 2796 4389 nostrorum

488 4414 737 4479 vicariis
765 4425 835 4477 et
864 4412 1182 4482 ministris.
1280 4411 1416 4477 Sub
1436 4411 1843 4477 anathemate
1867 4414 2068 4477 eciam
2095 4410 2411 4497 prohibeo
2442 4434 2526 4477 ne
2557 4412 2798 4499 aliquis

495 4502 754 4569 ulterius
784 4500 973 4587 ipsos,
1008 4500 1105 4566 vel
1158 4521 1383 4566 eorum
1428 4499 1716 4580 clericoS,
1751 4501 1966 4589 aliqua
2011 4500 2129 4565 sub
2161 4501 2502 4566 occasione
2533 4500 2795 4590 fatiget,
