3000 5117
494 559 596 634 98
971 575 1178 638 ms‘r.
1217 568 1579 626 num-um.
1620 569 2089 626 scmPTOREs
2126 571 2339 624 ‘riu-23.

400 745 417 836 Ι
507 734 701 812 endo,
734 748 803 822 et
831 736 1028 823 quod,
1061 757 1208 802 cum
1237 735 1537 801 ultimum
1565 734 1887 800 emitteret
1930 735 2179 811 flatum,
2211 733 2475 811 diceret,
2507 753 2635 816 ego
2666 755 2819 796 sum

507 822 592 886 de
636 821 879 887 familia
924 822 1186 890 Christi.
1281 823 1627 887 Excitatus
1652 843 1737 886 ex
1775 822 1921 900 hoc,
1954 822 2142 886 loetus
2172 821 2438 884 effectus
2469 833 2567 884 est
2598 819 2817 895 valde,

500 908 846 973 advertens
877 908 1034 973 illud
1077 908 1412 985 Johannis,
1448 917 1492 950 “
1524 907 1660 972 Ubi
1690 929 1832 972 sum
1854 929 2001 994 ego,
2033 907 2165 970 illic
2194 919 2263 970 et
2292 905 2581 970 minister
2624 927 2821 970 meus

503 994 724 1082 erit.’']
849 995 1153 1081 Sepultus
1185 1017 1338 1059 vero
1367 1007 1466 1058 est
1511 993 1575 1056 in
1622 994 1905 1078 capitulo
1949 991 2375 1059 Dunelmensi
2404 1014 2621 1057 coram
2650 991 2819 1054 sede

505 1080 875 1167 episcopali,
931 1098 998 1146 et
1058 1081 1274 1166 lapide
1335 1102 1697 1144 marmoreo
1752 1094 2120 1166 coopertus.
2234 1079 2597 1157 [intererat
2657 1099 2823 1141 vero

505 1167 899 1232 funeracioni
922 1189 1056 1232 suae
1095 1167 1202 1232 ille
1229 1167 1462 1232 Comes
1487 1188 1753 1250 magnus
1778 1163 2285 1242 Lonchastriae,*
2324 1178 2389 1229 et
2411 1177 2541 1228 tres
2568 1185 2824 1248 pannos

509 1255 594 1318 de
624 1256 818 1319 armis
848 1254 987 1339 ejus
1017 1275 1136 1338 pro
1165 1275 1248 1318 eo
1278 1251 1535 1338 optulit,
1568 1253 1650 1316 de
1679 1251 1909 1338 quibus
1938 1253 2287 1318 factasunt
2308 1251 2693 1317 vestimenta
2708 1249 2831 1312 illa

510 1341 578 1404 in
607 1340 836 1427 quibus
865 1339 1229 1406 celebratur
1256 1338 1517 1425 quando
1539 1337 1909 1404 Conventus
1932 1351 2035 1403 est
2063 1338 2131 1401 in
2156 1336 2407 1418 albis.]‡
2478 1337 2625 1400 Rex
2658 1357 2827 1399 vero

519 1428 812 1516 [eciam,]
860 1428 972 1513 qui
1020 1438 1176 1490 tunc
1223 1440 1361 1490 erat
1411 1425 1585 1509 apud
1642 1425 2031 1502 Eboracum,
2084 1423 2255 1487 misit
2300 1423 2825 1488 elemosinarium

515 1535 702 1578 suum
737 1512 1154 1589 Dunolmum,
1186 1525 1252 1575 et
1282 1513 1365 1577 de
1397 1510 1621 1595 pannis
1648 1532 1806 1575 auro
1839 1511 2033 1576 textis
2060 1531 2294 1596 corpus
2323 1510 2685 1574 honoravit.

611 1599 846 1664 Comes
877 1619 1030 1662 vero
1074 1598 1378 1683 praefatus
1400 1619 1521 1681 pro
1564 1619 1683 1661 suo
1711 1597 1967 1676 clerico,
1997 1595 2295 1662 Johanne
2325 1596 2409 1661 de
2446 1595 2831 1682 Kynardes-

519 1685 628 1771 ley
684 1684 961 1770 rogavit,
1012 1698 1083 1748 ut
1126 1683 1196 1747 in
1230 1683 1623 1768 Episcopum
1682 1683 2025 1766 eligeretur·
2042 1706 2062 1760 3
2136 1685 2539 1768 promittenS,
2590 1682 2645 1746 si
2688 1681 2827 1746 hoc

519 1775 729 1849 fieret,
749 1795 818 1836 se
837 1771 974 1836 fore
997 1783 1248 1835 scutum
1282 1769 1681 1856 episcopatui
1710 1783 1935 1835 contra
1968 1771 2245 1846 Scottos‚
2270 1776 2371 1849 [et
2388 1767 2587 1854 Regis
2610 1768 2747 1832 indi
2797 1807 2831 1820 -

517 1860 858 1924 necionem
911 1879 981 1922 se
1033 1857 1459 1936 sedaturutn1.
1561 1856 1707 1922 Rex
1747 1879 1901 1922 vero
1952 1857 2224 1941 rogabat
2270 1877 2386 1939 pro
2432 1855 2693 1920 Thoma
2787 1875 2829 1917 e

527 1945 858 2023 Carietes,
895 1943 1060 2030 juris
1090 1943 1290 2008 civilis
1335 1944 1719 2028 professore,
1751 1945 1863 2028 qui
1896 1957 2047 2007 tunc
2082 1941 2283 2026 Regis
2306 1955 2620 2006 secretum
2650 1939 2835 2026 sigil—

520 2033 656 2095 lum
685 2031 1002 2116 portabat.
1100 2030 1338 2114 Postea
1369 2052 1523 2094 vero
1554 2029 1917 2094 incantatus
1936 2051 2061 2114 per
2086 2027 2430 2113 Reginam,
2458 2049 2578 2113 pro
2602 2027 2835 2092 Ledo—

521 2119 684 2182 wico
728 2118 810 2182 de
843 2113 1030 2182 Bello
1061 2113 1319 2194 Monte,
1355 2116 1745 2182 Tesaurario
1792 2117 2019 2181 Sarum
2037 2141 2056 2193 ς
2102 2138 2223 2200 pro
2246 2137 2376 2200 quo
2397 2113 2491 2179 ita
2517 2113 2843 2178 instanter

521 2227 598 2269 ro
645 2203 792 2280 avit,
824 2203 998 2290 quod
1031 2203 1142 2266 vix
1171 2217 1312 2268 erat
1350 2203 1705 2268 monachus
1736 2201 1801 2266 in
1832 2203 2029 2266 domo
2060 2201 2324 2286 alicujus
2349 2199 2643 2278 nominis,
2668 2201 2835 2286 quin

523 2291 610 2355 ha
657 2291 752 2354 uit
788 2289 986 2373 Regis
1015 2289 1234 2354 literas
1265 2289 1751 2376 supplicatorias
1789 2302 1856 2354 et
1893 2287 2183 2376 Reginae.
2280 2287 2512 2352 Comes
2544 2307 2697 2352 vero
2746 2286 2835 2350 de

527 2376 864 2441 Hereford
895 2398 1012 2459 pro
1042 2397 1158 2438 suo
1179 2378 1430 2462 rogavit
1459 2373 1715 2452 clerieo,
1744 2375 2046 2441 Johanne
2076 2373 2421 2459 Walwayn,
2443 2371 2606 2458 juris
2628 2372 2841 2438 civilis

525 2463 909 2548 professore.
1003 2462 1138 2526 Sed
1195 2462 1515 2540 monachi,
1578 2463 1780 2549 magis
1834 2461 2138 2526 habentes
2183 2461 2404 2526 Deum
2431 2481 2569 2546 prae
2628 2459 2841 2524 oculis

527 2571 720 2635 quam
751 2571 976 2613 eorum
1007 2568 1246 2632 preceS‚
1279 2547 1342 2612 in
1374 2549 1545 2613 festo
1562 2549 1763 2615 saneti
1782 2546 2049 2623 Leonis,
2072 2547 2177 2611 die
2200 2547 2285 2612 ad
2314 2547 2437 2612 hoc
2460 2545 2841 2624 constituto,

529 2635 803 2700 obtenta
845 2635 1021 2720 prius
1059 2657 1100 2698 a
1153 2633 1250 2700 Re
1296 2658 1332 2699 e
1358 2634 1639 2720 eligendi
1672 2634 1985 2720 lieentia,‡
2040 2656 2158 2720 per
2204 2632 2840 2718 compromissionem

530 2721 867 2806 elegerunt
890 2721 1220 2785 dominum
1324 2723 1605 2786 enricum
1625 2722 1707 2786 de
1740 2719 2069 2796 Stanford,
2102 2720 2383 2785 Priorem
2410 2719 2491 2783 de
2522 2717 2841 2805 Fynchal,

533 2806 738 2871 virum
765 2807 986 2894 utique
1017 2807 1300 2872 moribus
1329 2807 1665 2887 sincerum,
1698 2820 1894 2872 aetate
1923 2820 2270 2883 maturum,
2302 2807 2458 2870 wltu
2488 2805 2839 2890 placidum,

533 2891 1048 2980 sufficienterque
1077 2894 1428 2959 literatum.
1526 2894 1976 2980 Expectabant
2012 2893 2077 2956 in
2125 2892 2392 2957 ecclesia
2444 2892 2637 2956 finem
2669 2891 2847 2956 elec-

532 2980 724 3044 tionis
800 2983 1068 3045 comites
1148 2977 1569 3059 Loncastrioe,
1653 2979 2165 3056 HerefordensiS,
2242 2992 2311 3044 et
2384 2976 2839 3056 Peubrochiae,

536 3066 842 3145 [Domini
887 3067 972 3131 de
1029 3067 1185 3142 Ros,
1237 3067 1319 3132 de
1376 3066 1768 3151 HastangeS,
1817 3066 1899 3130 de
1936 3064 2172 3131 Monte
2204 3065 2387 3142 Alto,
2421 3065 2505 3129 de
2540 3063 2841 3142 Holand,

541 3153 843 3240 Paynel,]
867 3167 935 3218 et
956 3153 1060 3218 alii
1087 3152 1334 3219 nobiles
1369 3152 1462 3234 [in
1484 3153 1893 3219 multitudine.
1924 3150 2243 3238 copiosa13
2279 3149 2608 3216 Henricus
2638 3150 2845 3214 etiam

537 3238 620 3304 de
647 3239 834 3305 Bello
861 3240 1096 3304 Monte
1127 3262 1273 3304 cum
1303 3241 1431 3304 suis
1470 3262 1589 3324 pro
1614 3240 1809 3304 fratre
1840 3261 1989 3314 su03
2036 3253 2104 3303 et
2134 3249 2321 3302 erant
2347 3237 2544 3324 aliqui
2574 3237 2849 3300 commi-

535 3339 766 3390 nantes
789 3338 1121 3410 amputare
1151 3326 1272 3390 sibi
1301 3341 1515 3410 caput,
1549 3326 1611 3389 si„
1634 3326 1985 3391 monachus
2014 3325 2181 3389 foret
2203 3324 2466 3391 electus.
2536 3323 2845 3388 Electum

538 3431 696 3474 vero
722 3413 890 3476 bene
916 3411 1271 3476 admisisset
1302 3411 1470 3490 Rex,
1499 3425 1655 3477 tunc
1684 3415 1961 3476 existens
1992 3411 2163 3496 apud
2184 3411 2549 3476 Eboracum
2574 3433 2601 3486 ς
2622 3409 2676 3472 si
2705 3431 2847 3472 non

537 3497 760 3561 fuisset
785 3495 1056 3580 Regina.
1089 3497 1257 3582 Ipsa,
1282 3498 1476 3576 enim,
1497 3497 1761 3563 audiens
1786 3500 2035 3584 Regem
2057 3498 2216 3562 velle
2244 3499 2455 3582 [eum]
2472 3496 2843 3574 admittere,

539 3582 797 3647 nudatis
825 3579 1100 3670 genibus
1130 3583 1375 3649 corruit
1401 3606 1621 3650 coram
1651 3607 1750 3663 e0,
1801 3585 2041 3663 dicens,
2108 3593 2153 3628 ‘⁶
2178 3582 2476 3660 Domina
2508 3603 2849 3668 nunquam

541 3669 762 3754 rogavi
815 3691 936 3754 pro
988 3671 1206 3757 aliquo
1257 3671 1340 3735 de
1389 3672 1564 3736 meis.
1662 3672 1729 3737 Si
1772 3671 2032 3756 diligitis
2078 3693 2199 3747 me,
2232 3671 2438 3754 agatis
2467 3681 2539 3732 ut
2570 3690 2849 3733 consan-

545 3753 816 3839 guineus
862 3778 1040 3821 meus
1070 3756 1456 3840 Ludowicus
1481 3758 1563 3824 de
1601 3758 1787 3823 Bello
1822 3759 2055 3823 Monte
2084 3759 2166 3820 sit
2200 3756 2555 3842 Episcopus
2588 3753 2847 3818 Dunel-

542 3842 837 3907 mensis.”
932 3844 1081 3907 Rex
1103 3845 1330 3929 igitur,
1353 3843 1553 3908 victus
1586 3845 1786 3930 [ejus]
1835 3843 2152 3930 precibus,
2185 3843 2465 3907 electum
2496 3841 2847 3905 admittere

541 3929 859 3994 recusavit
883 3951 911 4005 ς·
948 3941 1015 3995 et
1063 3952 1183 4014 pro
1229 3930 1583 3995 Ludowico
1628 3930 1823 3995 curiae
1866 3929 2137 4015 scripsit,
2180 3935 2471 4009 [summo
2490 3948 2850 4014 suggerens

548 4015 872 4094 Pontifici,
904 4017 1081 4103 quod
1111 4017 1162 4080 si
1200 4016 1556 4102 Episcopus
1588 4017 1799 4094 fieret,
1831 4017 2229 4100 interipsum
2278 4031 2343 4080 et
2367 4012 2653 4078 inimicos
2699 4013 2847 4098 ejus

549 4101 808 4166 Scottos
838 4124 1058 4167 aeneus
1107 4124 1321 4167 murus
1363 4103 1583 4181 soret}
1676 4104 2045 4168 Advertens
2074 4101 2267 4185 igitur
2295 4101 2536 4165 electus
2566 4121 2633 4163 se
2664 4101 2847 4184 apud

550 4185 799 4270 Regem
829 4211 960 4253 non
989 4189 1330 4274 proficere,
1362 4203 1429 4252 et
1459 4191 1809 4274 capitulum
1857 4190 2265 4254 Eboracense
2293 4186 2463 4250 cirea
2504 4187 2852 4250 confirma-

545 4273 790 4338 tionem
822 4279 956 4362 ejus
987 4276 1218 4341 timore
1253 4275 1450 4360 Regis
1484 4290 1831 4361 tepescere,
1877 4276 2147 4340 vacabat
2178 4275 2355 4338 enim
2384 4286 2539 4337 tune
2570 4271 2852 4337 ecclesia

1357 4455 1386 4483 ⁹
1423 4451 1747 4502 Arrtxmx.
1769 4449 1872 4502 No.
1886 4463 2064 4502 xcvu.

663 4521 707 4582 †
745 4512 1077 4568 Aru-‚amm
1096 4514 1204 4568 No.
1229 4532 1275 4568 ο.
1310 4517 1580 4568 Dumna
1603 4516 1807 4568 szts
1844 4533 1964 4569 sun
2000 4517 2424 4576 vatxromns,
2448 4511 2553 4565 No,
2579 4527 2729 4564 xvu·

1275 4587 1312 4646 ε
1343 4587 1657 4637 Arnum»
1695 4583 1795 4636 No.
1816 4599 1943 4638 xcv.
1966 4599 2118 4635 xcvi.
