3000 5117
714 520 1126 573 Armi-mut.
1184 519 1363 573 Anu.
1404 520 1906 575 mccccxtvn.
2293 480 2494 563 cccxi

178 706 241 749 ιη
264 682 622 751 affliccione
652 682 865 749 aliena
890 681 1343 768 compassionis
1374 702 1633 747 crucem
1665 677 2156 747 misericorditer
2174 674 2482 761 bajulare·

186 771 611 837 Universitati
634 783 865 833 vestrae
882 768 1261 834 deducimus
1290 790 1411 854 per
1434 782 1808 854 proesentes,
1880 766 2032 845 uod,
2057 767 2204 831 licet
2233 766 2487 844 Augus-

177 857 345 921 tinus
372 858 737 942 Mawnger,
761 857 930 919 lator
994 856 1389 932 raesencium,
1412 870 1628 919 ortum
1645 852 1831 921 suum
1898 854 2114 931 abens,
2139 866 2214 917 ut
2233 847 2482 947 asserit,

176 943 341 1009 infra
366 944 751 1009 comitatum
788 940 895 1005 No
1000 940 1275 1019 folchiae,
1306 941 1487 1027 qnasi
1509 941 1838 1007 annuatim
1863 962 1978 1027 per
2005 961 2204 1007 annos
2257 933 2484 1023 viginti

174 1042 239 1095 et
268 1052 375 1095 am
452 1032 551 1095 ius
578 1029 665 1095 ed
688 1040 901 1113 panes
930 1027 1222 1093 Bor-iales
1248 1026 1533 1112 Angliae,
1571 1027 2165 1113 Monastainmque
2177 1038 2478 1089 nostrum

176 1114 371 1181 Dune
396 1138 646 1194 mense,
680 1136 757 1180 ac
786 1112 914 1179 alia
940 1116 1087 1179 loca
1114 1112 1591 1199 Religiosornm
1627 1114 1858 1191 vicina,
1881 1136 2029 1178 cum
2048 1106 2478 1177 mercimoniis

173 1215 237 1267 et
278 1201 701 1267 mercandisis
749 1201 901 1279 sub,
947 1214 1023 1265 ut
1064 1199 1269 1283 ligeus
1310 1199 1558 1265 domini
1587 1200 1790 1265 nostri
1827 1200 2022 1289 Regis
2081 1197 2354 1283 Angliae,
2407 1198 2474 1259 in

169 1288 619 1353 aisiamentum
648 1286 857 1352 tocius
886 1286 1119 1373 patrioe
1146 1285 1514 1351 accessisset
1556 1287 1772 1365 libere,
1806 1302 1878 1353 ut
1921 1286 2255 1373 potuisset,
2301 1302 2473 1347 nunc

170 1388 409 1453 tamen,
442 1394 619 1439 xxxx
640 1373 751 1439 die
780 1373 1019 1437 niensis
1040 1370 1197 1439 Julii
1216 1372 1319 1437 vel
1338 1394 1421 1437 eo
1438 1372 1630 1450 circa,
1653 1395 1854 1459 prope
1873 1374 2196 1439 civitatem
2223 1369 2473 1434 Dunel-

166 1482 451 1525 mensem
482 1462 653 1526 idem
686 1458 1089 1545 Augustinus
1116 1470 1185 1524 et
1212 1458 1538 1524 Johannes
1570 1459 1811 1537 Douse,
1843 1460 2116 1525 famulus
2161 1457 2474 1542 ejusdem,

166 1569 281 1632 pro
314 1549 555 1628 scotis,
596 1560 669 1612 ut
710 1545 877 1610 infra
912 1566 1183 1633 regnum
1235 1544 1482 1609 Scocioe
1526 1545 1836 1623 oriundis,
1883 1568 2000 1631 per
2041 1544 2350 1633 quosdam
2381 1544 2466 1608 dc

162 1634 371 1719 patria
398 1648 473 1698 et
492 1632 803 1699 comitatu
838 1631 1257 1697 Dunelmensi
1286 1629 1558 1695 districti
1577 1647 1642 1698 et
1661 1634 1834 1733 capti
1855 1633 2140 1710 fuerunt,
2165 1630 2466 1717 bonaque

164 1720 520 1785 eorundem
552 1732 834 1785 arestata
860 1732 931 1783 et
960 1718 1079 1783 sub
1108 1728 1253 1781 arta
1280 1717 1575 1783 custodia
1615 1734 1845 1805 posita,
1889 1740 2221 1807 quousque
2267 1718 2465 1783 iidem

164 1806 567 1892 Augustinus
593 1820 662 1871 et
691 1804 1018 1871 Johannes
1052 1803 1269 1869 Doufe
1293 1804 1570 1869 famulus
1599 1804 1882 1891 ejusdem
1913 1820 2190 1892 quatuor
2217 1804 2462 1890 plegios

162 1895 224 1957 in
264 1894 558 1981 quadam
602 1890 1009 1975 obligatione
1054 1890 1277 1974 viginti
1336 1890 1640 1956 librarum
1694 1891 2012 1981 obligatos
2059 1892 2462 1969 invenerunt,

160 1982 333 2068 quod
366 1980 491 2065 ipsi
519 1978 936 2044 sufficientem
1012 1978 1425 2041 robacionem
1456 1977 1578 2042 sub
1621 1978 1937 2064 scriptura
1979 1994 2046 2044 et
2087 1979 2308 2063 sigillis
2352 2000 2466 2044 au-

163 2066 413 2131 tenticis
446 2067 609 2131 citra
634 2066 869 2130 festum
985 2063 1243 2128 iehaelis
1270 2064 1662 2152 Archangeli
1707 2066 2001 2149 proxime
2031 2066 2340 2144 futurum,
2387 2088 2458 2130 se

160 2154 239 2218 de
272 2153 649 2237 Angligena
687 2151 887 2235 stirpe
932 2148 1305 2235 progenitos
1352 2172 1515 2227 esse,
1569 2166 1638 2215 et
1691 2149 1858 2217 infra
1903 2174 2170 2237 regnum
2207 2152 2464 2240 Angliae

160 2252 343 2302 natos
364 2238 584 2316 fnisse,
608 2236 972 2322 captoribus
1014 2236 1145 2301 suis
1188 2237 1605 2301 ostenderent
1647 2250 1714 2301 et
1757 2240 2016 2303 realiter
2057 2240 2460 2308 exhiberent.

168 2324 385 2403 Unde,
419 2325 575 2411 quia
604 2324 779 2409 pium
808 2337 875 2388 et
894 2323 1293 2387 meritorium
1314 2336 1412 2387 est
1430 2325 1834 2389 innocentem
1861 2348 1900 2389 a
1919 2326 2160 2411 laqueis
2185 2327 2452 2410 eripere,

156 2425 222 2475 et
264 2412 529 2475 veritati
576 2409 1011 2475 'testimonium
1054 2408 1411 2494 perhibere,
1466 2410 1942 2475 universitatem
1987 2428 2284 2489 vestram,
2343 2433 2458 2475 no-

147 2497 369 2562 ticiam
400 2496 665 2582 originis
692 2495 847 2560 dicti
887 2496 1227 2581 Augustini
1241 2511 1307 2559 et
1330 2496 1641 2561 ¹Iohannis
1673 2496 1884 2561 Doufe
1914 2497 2133 2561 famuli
2165 2498 2452 2583 ejusdem

162 2584 533 2662 habentem,
592 2581 997 2669 requirimus,
1072 2604 1372 2665 rogamus
1416 2596 1483 2647 et
1543 2580 1962 2648 exhortamur
2014 2586 2078 2647 in
2145 2584 2454 2661 Domino,

154 2684 497 2756 quatenus,
542 2670 595 2733 si
619 2669 976 2736 -memorati
1026 2668 1421 2751 Augustinus
1448 2682 1519 2733 et
1562 2670 1897 2733 Johannes
1931 2671 2150 2737 Doufe
2177 2672 2454 2736 famulus

152 2757 451 2839 ejusdem
515 2756 641 2821 sint
708 2754 859 2838 ligei
918 2754 1079 2820 dicti
1135 2754 1379 2818 domini
1446 2754 1650 2819 nostri
1717 2756 1934 2839 Regis,
1993 2771 2208 2821 ortum
2269 2780 2457 2823 suum

155 2841 468 2907 habentes
498 2842 681 2919 infra,
714 2855 787 2905 ut
814 2854 1167 2917 assumunt,
1204 2862 1471 2924 regnum
1506 2842 1784 2925 Anglioe,
1819 2842 1988 2928 ipsos
2035 2846 2193 2909 tales
2224 2858 2290 2909 et
2339 2868 2458 2929 pro

152 2928 391 2993 talibus
422 2950 540 3012 per
566 2928 787 2991 literas
814 2939 1053 2991 vestras
1082 2940 1377 3011 patentes
1404 2926 1734 2993 declarare
1765 2942 1829 2994 et
1857 2931 2196 2996 testificare
2230 2930 2458 3009 velitis,

154 3014 271 3076 hiis
300 3014 545 3079 nostris
570 3012 893 3078 instanciis
923 3026 989 3077 et
1018 3028 1274 3100 rogatu.
1374 3013 1449 3077 ln
1480 3036 1758 3099 qnorum
1781 3016 2064 3079 omnium
2089 3032 2154 3081 et
2176 3018 2456 3101 singulo-

152 3122 295 3165 rum
340 3100 775 3167 testimonium
808 3112 875 3163 et
904 3098 1099 3163 fidem
1128 3098 1405 3183 sigillum
1452 3119 1739 3163 nostrum
1787 3101 2208 3185 praesentibus
2253 3126 2458 3187 appo-

152 3186 415 3251 suimus.
476 3186 655 3251 Data
717 3186 1045 3261 Dunelmi‚
1106 3186 1391 3251 secundo
1448 3184 1556 3249 die
1615 3186 1846 3251 mensis
1911 3189 2204 3273 Augusti,
2279 3212 2453 3255 auno

158 3270 423 3337 Domini
470 3272 805 3339 millesimo
838 3277 1084 3336 cccc*M
1114 3270 1608 3359 quadragesimo
1635 3272 1927 3358 septimo.

394 3634 774 3684 ccxxxvnl.
829 3635 1083 3681 Ll‘rnna
1116 3636 1417 3681 numera
1447 3636 1705 3683 ABBA'rl
1738 3640 1828 3684 DE
1863 3640 2208 3693 wm'rssnv..

894 3749 1053 3820 [neg.
1077 3752 1191 3805 111.
1216 3752 1365 3805 rm.
1394 3752 1488 3805 roi.
1518 3756 1580 3806 ει
1613 3756 1698 3823 η

240 3886 751 3953 sincerissimum
786 3890 1013 3953 mentis
1042 3889 1366 3969 affectum,
1392 3903 1457 3957 et
1476 3915 1623 3957 cum
1655 3895 1796 3960 zelo
1825 3898 2168 3981 religionis,
2203 3924 2456 3970 succes-

148 3994 251 4036 sus
284 3996 623 4059 prosperos
642 3986 709 4039 et
737 3974 953 4039 felices
978 3975 995 4040 1
1050 3976 1427 4041 Reverende
1459 3979 1748 4045 Domine
1779 4005 1854 4047 ac
1885 4000 2069 4068 pater
2099 3988 2160 4048 in
2187 3990 2456 4056 Christo

150 4060 495 4138 carissime,
529 4060 733 4124 literoe
754 4076 989 4125 vestrae
1022 4084 1135 4145 per
1164 4063 1431 4127 latorem
1464 4067 1880 4149 praesencium
1917 4071 2106 4133 michi
2141 4091 2454 4157 porrectae

148 4157 214 4209 et
258 4168 381 4231 per
416 4168 519 4210 me
567 4147 753 4211 lectae
784 4149 953 4211 ultra
989 4169 1181 4233 quam
1212 4148 1389 4213 credi
1420 4165 1636 4233 potest
1683 4153 1984 4218 interiora
2014 4178 2156 4221 mea
2179 4160 2303 4224 diri
2337 4164 2456 4228 do-

150 4230 299 4295 loris
330 4232 557 4297 aculeo
586 4236 951 4298 sauciarunt
982 4258 999 4309 ;
1045 4257 1125 4297 eo
1171 4235 1346 4319 quod
1377 4240 1748 4321 paternitati
1792 4256 2042 4319 vestrae,
2076 4245 2176 4307 cui
2211 4246 2456 4317 foedere

150 4332 393 4383 mutuae
452 4318 823 4384 dileccionis
882 4319 1083 4385 artius
1130 4322 1409 4409 obligor,
1486 4344 1604 4407 per
1661 4324 1944 4411 ingratos
2013 4329 2178 4396 filios
2219 4334 2454 4420 jugum

149 4402 505 4489 disciplinae
536 4405 881 4471 abicientes
914 4407 1179 4471 taedium
1212 4423 1277 4473 et
1323 4430 1560 4473 moeror
1589 4428 2009 4493 generantum
2041 4421 2276 4503 quibus
2303 4427 2452 4489 snb-

153 4492 367 4556 venire
397 4512 545 4555 cum
578 4492 729 4557 totis
765 4494 1021 4573 viribnS,
1057 4493 1119 4557 in
1150 4508 1465 4580 quantum
1516 4497 1781 4563 aliarum
1829 4502 2304 4575 solicitudinum
2333 4534 2455 4597 pro
