3000 5117
796 425 1208 480 Arrsnmx.
1261 424 1448 476 sun.
1489 421 1868 502 ncccxix.
2329 398 2497 472 cxxi

581 867 700 920 cn·
751 873 1240 920 clen'rlrlcsclo
1273 875 1364 920 1213
1395 873 1603 918 Boms
1636 873 2125 919 CARDINALIUM

1103 961 1603 1007 RECUPRRATIS.

1092 1075 1250 1147 [neg.
1275 1076 1356 1130 11.
1378 1076 1416 1128 ε
1441 1079 1509 1129 ss
1531 1078 1623 1145 ω]

294 1192 700 1259 Reverendoe
748 1191 1160 1260 discrecionis
1214 1194 1353 1257 viro
1403 1191 1711 1276 magistro
1763 1189 2063 1278 Rigaudo
2100 1188 2185 1256 de
2222 1186 2504 1268 Asserio,

217 1279 546 1346 Canonico
599 1280 950 1360 Aureliani,
999 1279 1242 1345 domini
1283 1279 1482 1366 Papae
1514 1279 1583 1344 in
1614 1279 1855 1365 Anglia
1882 1278 2137 1358 nuncio,
2170 1299 2283 1342 seu
2318 1299 2509 1342 vene-

213 1367 387 1432 rabili
431 1369 604 1453 patri
649 1367 915 1432 domino
949 1366 1078 1433 Dei
1104 1368 1322 1452 gracia
1358 1365 1599 1431 Abbati
1628 1367 1999 1432 monasterii
2028 1368 2241 1431 beatae
2274 1363 2507 1428 Marioe

221 1454 660 1534 Eboracensis,
724 1454 1058 1520 Galfridus
1113 1454 1302 1519 Prior
1357 1452 1647 1518 ecclesioe
1710 1453 2160 1519 Dunelmensis
2211 1450 2507 1528 salutem,

213 1540 638 1606 reverenciam
690 1555 758 1605 et
803 1541 1142 1607 honorem.
1233 1540 1488 1606 Literas
1536 1553 1795 1620 vestras,
1842 1540 2169 1642 magister,
2209 1537 2509 1626 Rigaude

216 1628 544 1714 praedicte,
611 1627 1099 1715 quartodecimo
1158 1627 1265 1692 die
1323 1626 1502 1692 Junii
1561 1628 1915 1713 recepimus
1972 1650 2040 1691 m
2098 1625 2239 1690 hoec
2290 1624 2507 1692 verba.

215 1714 582 1780 Venerabili
632 1730 700 1780 et
751 1715 1059 1804 religioso
1106 1712 1249 1779 viro
1298 1713 1508 1780 Priori
1563 1713 1984 1780 Dunelmensi
2042 1711 2374 1798 Rigaudus
2426 1711 2511 1776 de

221 1800 498 1881 Asserio,
529 1802 878 1866 canonicus
911 1801 1313 1880 Aurelianus,
1345 1800 1591 1866 domini
1624 1802 1823 1888 Papae
1854 1801 1919 1866 in
1953 1801 2192 1886 Anglia
2220 1797 2513 1875 nuncius,

216 1887 476 1954 salutem
525 1888 594 1952 in
645 1889 952 1954 Domino.
1062 1889 1170 1954 Ex
1221 1887 1529 1953 mandato
1580 1890 2085 1954 reverendorum
2136 1886 2201 1951 in
2253 1885 2515 1951 Christo

218 1989 462 2060 patrum
509 1975 922 2040 dominorum
953 1974 1080 2040 Dei
1109 1975 1328 2065 gracia
1360 1973 1701 2040 G'aucelini
1734 1976 1906 2041 tituli
1934 1987 2297 2040 sanctorum
2332 1972 2515 2036 Mar·

219 2061 419 2126 cellini
473 2077 544 2128 et
601 2062 780 2127 Petri
824 2062 1182 2149 presbiteri,
1214 2085 1290 2126 ae
1323 2060 1524 2126 Lucoe
1553 2076 1793 2128 sanctae
1826 2063 2059 2128 Mariae
2092 2063 2156 2126 in
2189 2057 2314 2124 Via
2346 2057 2515 2123 Lata

223 2148 488 2227 diaconi,
541 2149 1006 2228 Cardinalium,
1053 2147 1239 2214 nobis
1285 2149 1478 2226 fact0,
1516 2171 1627 2212 vos
1656 2149 2035 2238 requirimus
2058 2161 2129 2213 et
2156 2167 2511 2224 monemus,

220 2257 288 2300 ac
329 2235 396 2300 in
439 2235 682 2301 virtute
725 2249 964 2301 sanctae
993 2235 1403 2314 obedientiae,
1435 2257 1567 2321 qua
1593 2237 1731 2302 sedi
1762 2234 2156 2322 Apostolicae
2187 2233 2513 2311 tenemini,

219 2323 622 2406 praesentium
671 2335 898 2388 tenore
943 2323 1354 2408 injungimus,
1387 2323 1709 2409 quatinus,
1742 2325 1797 2388 si
1826 2323 2041 2411 aliqua
2067 2323 2240 2387 bona
2268 2343 2380 2385 seu
2410 2343 2515 2384 res

221 2409 530 2474 dictorum
577 2408 988 2474 dominorum
1038 2408 1475 2475 Cardinalium
1521 2408 1589 2472 in
1632 2409 2117 2496 depraedacione
2162 2407 2517 2472 eorundem

224 2497 466 2582 perdita
492 2519 612 2562 seu
643 2496 897 2562 sublata
925 2497 1010 2560 ad
1038 2518 1266 2561 manus
1286 2508 1528 2560 vestras
1546 2497 1975 2582 pervenerint,
1998 2510 2113 2561 aut
2133 2495 2516 2581 pervenient

221 2582 283 2646 in
319 2583 636 2662 futurum,
683 2583 868 2648 nobis
921 2583 1094 2668 apud
1141 2583 1525 2662 Eboracum,
1588 2597 1703 2648 aut
1758 2583 2000 2650 Abbati
2028 2585 2238 2649 beatae
2282 2580 2518 2646 Marioe

233 2669 680 2749 Eboracensis,
712 2669 1104 2757 quamcicius
1133 2670 1471 2736 commode
1491 2671 1807 2758 poteritis,
1834 2669 2189 2758 deportetis
2215 2693 2231 2734 z
2265 2680 2379 2733 aut
2394 2668 2516 2732 sub

225 2757 350 2821 fida
373 2757 676 2822 custodia
703 2756 1170 2836 transmittatis,
1201 2757 1436 2822 nostris
1468 2771 1685 2824 tamen
1716 2759 2073 2846 sumptibus
2104 2771 2171 2822 et
2201 2755 2517 2840 expensis.

230 2842 419 2909 Vobis
461 2844 662 2910 etiam
691 2843 1151 2909 committimus
1181 2867 1295 2930 per
1323 2859 1695 2930 praesenteS,
1727 2848 2027 2932 quatinus
2055 2842 2375 2921 omnibus,
2408 2841 2520 2944 qui

226 2929 454 3017 aliquid
495 2931 586 2996 de
618 2931 944 3031 praedictis
973 2931 1399 3010 restituerint,
1433 2944 1546 2996 aut
1576 2931 1915 2998 restituent
1944 2935 2009 2995 in
2041 2931 2350 3008 futurum,
2384 2929 2521 2994 dic-

225 3029 422 3082 torum
449 3019 870 3084 dominorum
905 3018 1342 3084 cardinalium
1371 3031 1567 3106 atque
1594 3031 1820 3083 nostro
1849 3017 2109 3084 nomine
2140 3019 2222 3083 de
2250 3017 2522 3102 receptis

226 3117 328 3168 aut
369 3105 757 3190 recipiendis
803 3127 920 3191 per
957 3127 1072 3170 vos
1119 3107 1204 3184 ab
1251 3106 1494 3172 eisdem
1526 3105 1719 3170 finem
1750 3104 2217 3192 quietacionem
2248 3104 2517 3187 faciatis,

225 3204 286 3255 et
329 3205 592 3277 paetum
645 3191 730 3258 de
779 3191 1046 3257 ulterius
1091 3215 1226 3258 non
1277 3193 1589 3279 petendo·
1679 3191 1815 3258 Vos
1862 3194 2066 3258 eciam
2106 3213 2223 3277 per
2272 3207 2517 3258 vestras

227 3291 508 3362 patentes
555 3278 796 3358 literas,
843 3278 1068 3344 harum
1113 3279 1342 3345 seriem
1388 3279 1813 3359 continenteS,
1863 3294 1977 3344 aut
2020 3278 2521 3346 instrumentum

227 3367 572 3449 publicum,
600 3387 718 3430 nos
749 3366 1106 3432 certificare
1127 3366 1368 3432 ‘curetis
1395 3387 1515 3452 per
1545 3381 1925 3451 proesentem
1955 3365 2339 3452 portitorem
2362 3369 2519 3455 quid

231 3451 306 3516 de
343 3453 524 3518 bonis
570 3452 998 3539 recuperastis
1041 3453 1404 3538 praedictis:
1453 3467 1803 3539 praesentes
1847 3453 2017 3519 enim
2061 3453 2279 3520 literas
2322 3455 2522 3541 regis-

231 3539 372 3604 trari
427 3541 698 3606 fecimus
755 3541 841 3606 ad
897 3541 1216 3606 cautelam
1243 3564 1268 3618 ς
1323 3541 1408 3604 de
1466 3561 1737 3628 quarum
1796 3543 2281 3626 presentacione
2340 3542 2520 3608 dieto

229 3627 450 3692 nuncio
500 3640 728 3693 nostro
769 3628 1013 3712 jurato,
1063 3627 1256 3692 latori
1305 3649 1555 3704 earum,
1602 3627 1981 3693 adhibemus
2009 3629 2266 3714 plenam
2297 3629 2521 3698 fidem.

235 3711 304 3775 In
343 3714 521 3800 cujus
567 3713 661 3778 rei
691 3714 1128 3780 testimonium
1157 3727 1508 3801 praesentes
1530 3713 1744 3779 literas
1774 3715 1912 3780 fieri
1937 3715 2204 3782 fecimus
2234 3730 2302 3782 et
2330 3719 2523 3807 sigilli

231 3800 417 3864 nostri
475 3801 868 3886 appensione
913 3800 1171 3867 muniri.
1265 3801 1461 3867 Datae
1514 3801 1581 3865 in
1634 3803 1897 3868 civitate
1942 3803 2357 3880 Eboracensi,
2411 3805 2519 3870 die

234 3900 444 3970 quarta
485 3887 720 3952 mensis
766 3887 964 3968 Junii,
1018 3911 1188 3954 auno
1237 3887 1508 3953 Domini
1538 3895 2010 3958 M⁰ccc⁰x1xfl²⁰.
2108 3889 2309 3955 Unde
2338 3912 2553 3957 πονε-ν

233 3973 451 4038 renciae
480 3987 716 4040 vestrae
745 3977 1003 4041 noticiae
1035 3973 1410 4042 deducimus
1437 3997 1555 4060 per
1576 3990 1943 4061 praesentes,
1968 3975 2147 4063 quod
2169 3998 2209 4041 a
2232 3987 2521 4061 tempore

235 4079 352 4144 quo
397 4065 633 4127 nuncio
679 4061 1003 4127 dictorum
1055 4062 1460 4127 dominorum
1520 4063 1960 4128 Cardinalium
2007 4063 2093 4127 ad
2139 4062 2519 4130 mandatum

235 4147 566 4214 eorundem
596 4147 881 4216 diversas
910 4172 1012 4216 res
1043 4162 1196 4215 tunc
1225 4161 1637 4236 recuperatas
1668 4161 1735 4214 et
1764 4161 2054 4233 receptas
2084 4148 2516 4231 liberavimus,

236 4229 368 4314 ipsis
411 4234 810 4315 deferendas,
859 4233 1056 4302 nichil
1102 4236 1462 4323 recepimus
1514 4237 1599 4300 de
1629 4236 1813 4301 bonis
1843 4257 2087 4315 eorum,
2119 4235 2351 4323 quibus
2378 4237 2520 4305 fue-

237 4332 366 4383 rant
405 4321 682 4408 spoliati,
723 4323 843 4389 nisi
875 4345 1075 4391 unum
1105 4325 1358 4390 bastum
1390 4337 1697 4401 veterem,
1733 4343 1922 4387 uuam
1954 4323 2195 4388 cofram
2226 4324 2309 4389 de
2339 4324 2518 4412 ligno

241 4402 389 4474 ferro
431 4408 714 4499 ligatam,
765 4425 830 4480 et
877 4434 1072 4481 unam
1103 4409 1429 4501 capsulam
1459 4409 1900 4492 modicam,.in
1930 4433 2059 4501 qua
2088 4411 2347 4478 fuerunt
2378 4414 2516 4503 qui-
