3000 5117
1190 463 1612 520 Armi-imit.
2321 440 2546 517 xxxiii

248 580 783 785 ffidfflsspun,
814 639 887 696 et
918 626 1215 695 lieberto
1242 629 1329 695 de
1374 630 1563 707 Bran,
1595 637 1665 695 et
1701 624 2004 695 Goffrido
2041 625 2252 707 Ridet,
2285 638 2353 694 et
2376 626 2526 695 Alfr

586 741 629 784 Π
650 760 670 783 ο

414 1122 607 1177 xxvr.
656 1130 881 1177 cantra
924 1130 1295 1191 smmum,
1342 1130 1437 1177 nn
1484 1130 1813 1179 nolucrit
1847 1128 2240 1177 emortum
2271 1127 2362 1175 nn

412 1219 669 1263 nanis
691 1218 765 1263 m
788 1216 1049 1271 eumue
1066 1220 1299 1265 naam·
1316 1220 1560 1266 amar-ri
1579 1220 1697 1267 mr.
1719 1220 1863 1273 Qua
1885 1220 1963 1267 w,
1989 1218 2362 1264 nrlscorus

416 1306 744 1351 nnctssn·
776 1306 865 1351 ΕΤ
896 1306 987 1350 11¹1·
1019 1305 1576 1353 nmnlsmmvruu
1608 1308 1684 1353 m
1713 1306 1966 1353 ’mulus
1999 1304 2074 1351 IN
2101 1306 2364 1357 numus

416 1392 657 1438 nanu*
687 1394 1051 1442 Dasmsrrle

1144 1510 1315 1579 [Cart.
1342 1506 1395 1566 1,
1414 1512 1453 1565 t:
1478 1516 1546 1573 ⁴⁷
1569 1512 1646 1582 ιι]

340 1628 731 1714 Stephanus,
782 1626 936 1694 Rex
978 1628 1363 1715 Anglorum,
1413 1628 1959 1717 Archiepiscopis,
2007 1629 2368 1716 Epi-scopis,
2411 1630 2544 1697 co-

256 1715 528 1793 mitibus,
594 1714 637 1781 J
642 1716 995 1788 usticiariis,
1063 1716 1448 1796 Batonibus,
1511 1716 2038 1797 vicecomitibus,
2108 1730 2178 1783 et
2244 1718 2542 1782 omnibus

257 1802 549 1867 ministris
600 1805 809 1868 tocius
858 1803 1043 1889 regni
1091 1803 1367 1889 Angliae,
1408 1804 1706 1869 salutem.
1801 1804 2118 1892 Praecipio
2157 1817 2227 1869 et
2257 1806 2544 1871 defendo

256 1910 331 1955 ne
370 1888 678 1955 monachi
724 1890 945 1957 Sancti
992 1891 1361 1971 cuthberti,
1408 1892 1515 1957 vel
1559 1891 1854 1957 homines
1895 1892 2015 1969 sui,
2059 1892 2370 1979 placitent
2410 1892 2544 1957 ullo

256 1978 443 2042 modo
486 1998 615 2043 nec
658 1977 1091 2063 oespondeant
1132 1978 1218 2043 de
1263 1980 1452 2044 terris
1481 1980 1584 2045 vel
1613 1980 1978 2047 hominibus
2005 1980 2106 2044 vel
2137 1979 2548 2045 consuetudi·-

256 2062 458 2143 nibus,
510 2079 633 2130 ant
676 2066 761 2130 de
810 2088 882 2130 re
928 2065 1063 2129 ulla
1106 2065 1281 2130 unde
1326 2080 1537 2132 essent
1580 2067 1780 2132 saisiti
1830 2067 1938 2133 die
1989 2087 2120 2157 qua
2177 2066 2546 2131 willielmus

264 2150 711 2217 Ihnelmensis
764 2150 1122 2238 Episcopus
1166 2152 1290 2219 fuit
1333 2153 1516 2218 vivus
1560 2167 1632 2219 et
1665 2168 1976 2223 mortuus.
2073 2154 2205 2221 Sed
2249 2154 2340 2219 ita
2377 2154 2547 2218 bene

258 2254 321 2303 et
360 2241 426 2304 in
464 2262 637 2326 pace
674 2253 741 2304 et
768 2240 987 2327 quiete
1014 2254 1081 2304 et
1108 2240 1311 2306 libere
1339 2253 1623 2318 teneant,
1655 2262 1802 2306 cum
1833 2264 1988 2307 soca
2013 2254 2082 2307 et
2111 2264 2277 2319 saca,
2309 2255 2378 2305 et
2409 2240 2547 2305 thol

260 2340 325 2390 et
344 2342 535 2405 team,
566 2342 639 2392 et
668 2326 1091 2412 insangethef,
1122 2341 1189 2393 et
1217 2350 1368 2394 cum
1390 2328 1692 2393 omnibus
1715 2329 1928 2395 liberis
1951 2328 2547 2406 consuetudinibus,

263 2411 423 2479 infra
462 2415 749 2499 burgum
794 2430 863 2480 et
906 2430 1113 2493 extra,
1146 2436 1368 2481 omnes
1398 2438 1499 2481 res
1527 2438 1695 2493 suas,
1727 2415 1892 2481 sieut
1913 2416 2141 2481 melius
2171 2429 2240 2481 et
2269 2414 2550 2504 quietius

266 2514 614 2567 tenuerunt
658 2500 767 2567 die
808 2524 937 2589 qua
964 2502 1309 2587 praedictus
1346 2502 1722 2569 willielmus
1751 2504 2088 2605 episcopus
2117 2503 2242 2568 fuit
2271 2504 2452 2567 vivus
2483 2515 2554 2567 et

264 2602 572 2665 mortuus,
623 2602 695 2654 et
730 2588 839 2653 die
884 2610 1013 2677 qua
1063 2589 1212 2655 Rex
1247 2590 1572 2655 Henricus
1601 2588 1722 2656 fuit
1755 2613 1932 2657 vivus
1962 2605 2031 2656 et
2054 2604 2366 2658 mortuus.
2461 2590 2552 2655 Et

264 2674 316 2738 si
354 2677 437 2742 de
474 2676 613 2741 ulla
654 2696 726 2739 re
755 2690 900 2761 post
928 2689 1199 2741 mortem
1228 2677 1481 2742 illorum
1514 2691 1667 2742 sunt
1695 2677 2012 2757 dissaisiti,
2046 2678 2352 2765 praecipio
2375 2676 2553 2765 quod

262 2761 393 2828 sine
437 2763 763 2828 dilacione
808 2765 937 2827 sint
979 2764 1271 2829 resaisiti.
1362 2764 1452 2830 Et
1493 2763 1547 2828 si
1591 2764 1816 2851 aliquis
1857 2788 1969 2831 eos
2015 2763 2408 2843 dissaisierit,
2438 2778 2554 2829 aut

264 2849 537 2937 aliquam
582 2849 882 2936 injuriam
912 2850 1005 2915 eis
1032 2852 1270 2916 amodo
1298 2850 1542 2929 fecerit,
1575 2874 1769 2938 super
1796 2853 1990 2918 breve
2019 2874 2234 2917 meum
2265 2866 2332 2917 et
2358 2872 2556 2938 supra

265 2936 451 3003 breve
500 2937 709 3026 Regis
757 2936 1054 3017 Henrici,
1086 2938 1195 3025 qui
1226 2938 1349 3003 hoc
1382 2938 1555 3003 idem
1583 2940 1917 3025 proecepit,
1953 2938 2101 3003 volo
2132 2940 2344 3005 sciatis
2374 2940 2556 3028 quod

266 3042 481 3109 pacem
510 3046 727 3089 meam
756 3044 951 3111 super
978 3024 1121 3090 illos
1144 3025 1493 3111 infregerit,
1519 3040 1586 3089 et
1609 3024 1804 3091 michi
1825 3026 2168 3091 fracturam
2193 3028 2369 3111 pacis
2391 3048 2557 3090 meae

264 3113 635 3178 emendabit
660 3135 678 3188 ;
704 3112 1009 3199 quoniam
1038 3112 1179 3178 haec
1208 3112 1427 3178 omnia
1454 3114 1521 3177 in
1550 3113 1963 3178 elemosinam
2079 3127 2372 3198 rpetuam
2403 3134 2559 3177 cou-

265 3200 439 3264 cessi.
533 3199 621 3265 T.
674 3199 759 3268 R.
816 3200 1045 3277 canc„
1092 3214 1162 3266 et
1198 3200 1293 3265 W.
1346 3200 1582 3288 Espec,
1617 3212 1686 3265 et
1719 3200 1840 3267 W.
1875 3198 1952 3267 M
2020 3200 2124 3279 ed,
2156 3212 2226 3266 et
2261 3200 2556 3266 Roberto

268 3284 553 3353 Musud.
648 3286 846 3374 Apud
879 3286 1189 3353 Dunelm«

522 3700 743 3749 xxvn.
791 3696 1014 3747 CARTA
1043 3696 1251 3745 REGIS
1280 3699 1628 3745 STEPHANI
1660 3698 1752 3745 DE
1783 3697 2180 3745 nummulus
2213 3696 2288 3745 ΙΝ

1222 3784 1584 3837 WERDALB.

1044 3904 1220 3975 [orig.
1250 3906 1295 3954 ι.
1322 3905 1369 3954 ι.
1393 3901 1669 3973 Regno.
1696 3904 1772 3968 ι.)

353 4022 421 4090 S.
476 4022 633 4087 Rex
688 4018 945 4107 Angliae
994 4017 1507 4106 Archiepiscopo
1559 4016 1954 4082 Eboracensi
1983 4028 2049 4081 et
2077 4016 2120 4081 J
2123 4013 2452 4080 usticiariis
2481 4027 2552 4081 et

272 4106 631 4175 Batonibus
682 4122 750 4173 et
786 4105 1290 4172 vicecomitibus
1333 4118 1403 4169 et
1450 4103 1770 4169 Ministris
1815 4118 1884 4169 et
1929 4102 2222 4168 omnibus
2251 4102 2554 4169 fidelibus

272 4197 395 4262 suis
440 4196 527 4263 de
572 4193 932 4273 Eborascir,
963 4194 1260 4262 salutem.
1357 4191 1584 4256 Sciatis
1611 4213 1718 4257 me
1747 4190 2135 4257 concessisse
2153 4189 2437 4274 ,Hugoni
2469 4190 2554 4256 de

278 4284 515 4349 Pusato
559 4284 783 4371 nepoti
829 4304 978 4347 meo
1024 4279 1350 4365 Episcopo
1397 4278 1827 4344 Dunelmensi
1855 4278 2185 4343 minariam
2214 4278 2298 4343 de
2338 4278 2554 4344 Were-

275 4369 433 4449 dala,
476 4383 551 4435 ut
578 4370 771 4436 faeiat
796 4369 865 4433 in
896 4392 977 4434 ea
1003 4368 1279 4455 operari,
1310 4380 1622 4453 quantum
1656 4367 1954 4435 voluerit.
2055 4366 2276 4441 Quare
2309 4366 2456 4431 volo
2485 4377 2554 4432 et

274 4458 571 4545 praecipio
598 4458 777 4547 quod
804 4479 949 4525 eam
980 4458 1149 4523 bene
1179 4468 1245 4522 et
1272 4454 1339 4521 in
1370 4476 1532 4540 pace
1561 4466 1628 4521 et
1657 4454 1856 4522 libere
1886 4466 1952 4521 et
1976 4452 2191 4543 quiete
2213 4469 2278 4521 et
2295 4453 2558 4519 honori-

1396 4578 1436 4624 c
