<?xml version="1.0" encoding="UTF-8"?>
<!DOCTYPE html PUBLIC "-//W3C//DTD XHTML 1.0 Transitional//EN"
    "http://www.w3.org/TR/xhtml1/DTD/xhtml1-transitional.dtd">
<html xmlns="http://www.w3.org/1999/xhtml" xml:lang="en" lang="en">
 <head>
  <title>
</title>
<meta http-equiv="Content-Type" content="text/html;charset=utf-8" />
  <meta name='ocr-system' content='tesseract 3.04.00' />
  <meta name='ocr-capabilities' content='ocr_page ocr_carea ocr_par ocr_line ocrx_word'/>
</head>
<body>
  <div class='ocr_page' id='page_1' title='image "./historiaedunelm00raingoog_0162.png"; bbox 0 0 3000 5117; ppageno 0'>
   <div class='ocr_carea' id='block_1_1' title="bbox 407 674 452 772">
    <p class='ocr_par' dir='ltr' id='par_1_1' title="bbox 407 674 452 772">
     <span class='ocr_line' id='line_1_1' title="bbox 407 674 452 772; baseline 0 0"><span class='ocrx_word' id='word_1_1' title='bbox 407 674 452 772; x_wconf 89' lang='lat'>[</span> 
     </span>
    </p>
   </div>
   <div class='ocr_carea' id='block_1_2' title="bbox 511 463 2339 549">
    <p class='ocr_par' dir='ltr' id='par_1_2' title="bbox 511 463 2339 549">
     <span class='ocr_line' id='line_1_2' title="bbox 511 463 2339 549; baseline -0.001 -11"><span class='ocrx_word' id='word_1_2' title='bbox 511 463 625 549; x_wconf 68' lang='lat'><strong>96</strong></span> <span class='ocrx_word' id='word_1_3' title='bbox 984 477 1186 540; x_wconf 69' lang='lat' dir='ltr'><strong>msr‘.</strong></span> <span class='ocrx_word' id='word_1_4' title='bbox 1227 477 1584 538; x_wconf 59' lang='lat' dir='ltr'><strong>nunnus.</strong></span> <span class='ocrx_word' id='word_1_5' title='bbox 1625 480 2087 538; x_wconf 68' lang='lat' dir='ltr'><strong>scmr‘rmms</strong></span> <span class='ocrx_word' id='word_1_6' title='bbox 2126 477 2339 540; x_wconf 68' lang='lat' dir='ltr'><strong>rans.</strong></span> 
     </span>
    </p>
   </div>
   <div class='ocr_carea' id='block_1_3' title="bbox 505 641 2829 4384">
    <p class='ocr_par' dir='ltr' id='par_1_3' title="bbox 505 641 2829 4384">
     <span class='ocr_line' id='line_1_3' title="bbox 509 641 2823 738; baseline -0.001 -23"><span class='ocrx_word' id='word_1_7' title='bbox 509 667 670 735; x_wconf 87' lang='lat' dir='ltr'><strong>pore</strong></span> <span class='ocrx_word' id='word_1_8' title='bbox 697 672 816 715; x_wconf 88' lang='lat' dir='ltr'><strong>suo</strong></span> <span class='ocrx_word' id='word_1_9' title='bbox 844 669 1143 738; x_wconf 77' lang='lat' dir='ltr'>guerram</span> <span class='ocrx_word' id='word_1_10' title='bbox 1179 647 1438 728; x_wconf 81' lang='lat' dir='ltr'><strong>Scotioe,</strong></span> <span class='ocrx_word' id='word_1_11' title='bbox 1472 641 1821 715; x_wconf 83' lang='lat' dir='ltr'><strong>adventum</strong></span> <span class='ocrx_word' id='word_1_12' title='bbox 1858 647 2059 733; x_wconf 87' lang='lat' dir='ltr'><strong>Regis</strong></span> <span class='ocrx_word' id='word_1_13' title='bbox 2082 661 2148 714; x_wconf 92' lang='lat' dir='ltr'><strong>et</strong></span> <span class='ocrx_word' id='word_1_14' title='bbox 2178 668 2559 736; x_wconf 86' lang='lat' dir='ltr'><strong>magnorum</strong></span> <span class='ocrx_word' id='word_1_15' title='bbox 2592 665 2823 713; x_wconf 74' lang='lat' dir='ltr'><strong>versus</strong></span> 
     </span>
     <span class='ocr_line' id='line_1_4' title="bbox 510 734 2822 824; baseline -0.002 -20"><span class='ocrx_word' id='word_1_16' title='bbox 510 736 800 804; x_wconf 86' lang='lat' dir='ltr'><strong>Scotiam</strong></span> <span class='ocrx_word' id='word_1_17' title='bbox 853 736 1068 801; x_wconf 88' lang='lat' dir='ltr'><strong>multis</strong></span> <span class='ocrx_word' id='word_1_18' title='bbox 1117 735 1384 814; x_wconf 86' lang='lat' dir='ltr'><strong>vicibus,</strong></span> <span class='ocrx_word' id='word_1_19' title='bbox 1442 735 1883 821; x_wconf 87' lang='lat' dir='ltr'><strong>pestilenciam</strong></span> <span class='ocrx_word' id='word_1_20' title='bbox 1929 734 2147 813; x_wconf 89' lang='lat' dir='ltr'><strong>boum,</strong></span> <span class='ocrx_word' id='word_1_21' title='bbox 2204 735 2411 824; x_wconf 87' lang='lat' dir='ltr'><strong>qualis</strong></span> <span class='ocrx_word' id='word_1_22' title='bbox 2455 747 2647 800; x_wconf 86' lang='lat' dir='ltr'><strong>antea</strong></span> <span class='ocrx_word' id='word_1_23' title='bbox 2676 756 2822 800; x_wconf 87' lang='lat' dir='ltr'><strong>non</strong></span> 
     </span>
     <span class='ocr_line' id='line_1_5' title="bbox 507 821 2817 910; baseline -0.002 -22"><span class='ocrx_word' id='word_1_24' title='bbox 507 836 606 888; x_wconf 82' lang='lat' dir='ltr'><strong>est</strong></span> <span class='ocrx_word' id='word_1_25' title='bbox 649 823 782 888; x_wconf 86' lang='lat' dir='ltr'><strong>visa</strong></span> <span class='ocrx_word' id='word_1_26' title='bbox 807 847 826 900; x_wconf 91' lang='lat'>;</span> <span class='ocrx_word' id='word_1_27' title='bbox 875 822 1292 888; x_wconf 74' lang='lat' dir='ltr'><strong>sterilitatem</strong></span> <span class='ocrx_word' id='word_1_28' title='bbox 1325 822 1671 900; x_wconf 88' lang='lat' dir='ltr'><strong>fructuum,</strong></span> <span class='ocrx_word' id='word_1_29' title='bbox 1721 821 1813 887; x_wconf 88' lang='lat' dir='ltr'><strong>ita</strong></span> <span class='ocrx_word' id='word_1_30' title='bbox 1839 823 2017 909; x_wconf 91' lang='lat' dir='ltr'><strong>quod</strong></span> <span class='ocrx_word' id='word_1_31' title='bbox 2047 821 2450 910; x_wconf 81' lang='lat' dir='ltr'><strong>quarterium</strong></span> <span class='ocrx_word' id='word_1_32' title='bbox 2480 821 2817 900; x_wconf 77' lang='lat' dir='ltr'><strong>frumenti,</strong></span> 
     </span>
     <span class='ocr_line' id='line_1_6' title="bbox 505 906 2829 998; baseline -0 -25"><span class='ocrx_word' id='word_1_33' title='bbox 505 927 632 995; x_wconf 85' lang='lat' dir='ltr'><strong>pro</strong></span> <span class='ocrx_word' id='word_1_34' title='bbox 675 909 1109 998; x_wconf 84' lang='lat' dir='ltr'><strong>quadraginta·</strong></span> <span class='ocrx_word' id='word_1_35' title='bbox 1143 908 1362 974; x_wconf 80' lang='lat' dir='ltr'><strong>solidis</strong></span> <span class='ocrx_word' id='word_1_36' title='bbox 1406 907 1839 984; x_wconf 83' lang='lat' dir='ltr'><strong>vendebatur3</strong></span> <span class='ocrx_word' id='word_1_37' title='bbox 1885 909 2274 996; x_wconf 89' lang='lat' dir='ltr'><strong>quandoque</strong></span> <span class='ocrx_word' id='word_1_38' title='bbox 2318 921 2385 973; x_wconf 89' lang='lat' dir='ltr'><strong>et</strong></span> <span class='ocrx_word' id='word_1_39' title='bbox 2412 906 2829 997; x_wconf 73' lang='lat' dir='ltr'><strong>quarterium</strong></span> 
     </span>
     <span class='ocr_line' id='line_1_7' title="bbox 505 993 2821 1081; baseline 0 -21"><span class='ocrx_word' id='word_1_40' title='bbox 505 996 792 1081; x_wconf 84' lang='lat' dir='ltr'><strong>pisarum</strong></span> <span class='ocrx_word' id='word_1_41' title='bbox 839 997 937 1062; x_wconf 84' lang='lat' dir='ltr'><strong>vel</strong></span> <span class='ocrx_word' id='word_1_42' title='bbox 970 996 1283 1073; x_wconf 80' lang='lat' dir='ltr'><strong>fabarum,</strong></span> <span class='ocrx_word' id='word_1_43' title='bbox 1331 994 1513 1060; x_wconf 88' lang='lat' dir='ltr'><strong>ordei</strong></span> <span class='ocrx_word' id='word_1_44' title='bbox 1546 995 1763 1075; x_wconf 87' lang='lat' dir='ltr'><strong>etiam,</strong></span> <span class='ocrx_word' id='word_1_45' title='bbox 1794 1016 1915 1079; x_wconf 91' lang='lat' dir='ltr'><strong>pro</strong></span> <span class='ocrx_word' id='word_1_46' title='bbox 1946 995 2127 1080; x_wconf 84' lang='lat' dir='ltr'><strong>xxiiij</strong></span> <span class='ocrx_word' id='word_1_47' title='bbox 2161 994 2397 1060; x_wconf 85' lang='lat' dir='ltr'><strong>solidis.</strong></span> <span class='ocrx_word' id='word_1_48' title='bbox 2492 993 2821 1060; x_wconf 74' lang='lat' dir='ltr'>Mulieres</span> 
     </span>
     <span class='ocr_line' id='line_1_8' title="bbox 505 1081 2819 1168; baseline -0.001 -20"><span class='ocrx_word' id='word_1_49' title='bbox 505 1084 807 1168; x_wconf 84' lang='lat' dir='ltr'><strong>parvulos</strong></span> <span class='ocrx_word' id='word_1_50' title='bbox 839 1104 974 1168; x_wconf 81' lang='lat' dir='ltr'><strong>prae</strong></span> <span class='ocrx_word' id='word_1_51' title='bbox 1003 1081 1188 1147; x_wconf 83' lang='lat' dir='ltr'><strong>famis</strong></span> <span class='ocrx_word' id='word_1_52' title='bbox 1218 1081 1667 1166; x_wconf 73' lang='lat' dir='ltr'><strong>magnitudine</strong></span> <span class='ocrx_word' id='word_1_53' title='bbox 1704 1081 2157 1147; x_wconf 82' lang='lat' dir='ltr'><strong>comedebant.</strong></span> <span class='ocrx_word' id='word_1_54' title='bbox 2250 1081 2578 1166; x_wconf 78' lang='lat' dir='ltr'><strong>Tempore</strong></span> <span class='ocrx_word' id='word_1_55' title='bbox 2608 1083 2819 1146; x_wconf 88' lang='lat' dir='ltr'><strong>etiam</strong></span> 
     </span>
     <span class='ocr_line' id='line_1_9' title="bbox 507 1167 2822 1271; baseline -0.001 -37"><span class='ocrx_word' id='word_1_56' title='bbox 507 1191 628 1235; x_wconf 74' lang='lat' dir='ltr'><strong>suo</strong></span> <span class='ocrx_word' id='word_1_57' title='bbox 655 1169 840 1236; x_wconf 78' lang='lat' dir='ltr'><strong>facta·</strong></span> <span class='ocrx_word' id='word_1_58' title='bbox 855 1181 953 1234; x_wconf 80' lang='lat' dir='ltr'><strong>est</strong></span> <span class='ocrx_word' id='word_1_59' title='bbox 982 1169 1216 1234; x_wconf 85' lang='lat' dir='ltr'><strong>electio</strong></span> <span class='ocrx_word' id='word_1_60' title='bbox 1245 1168 1338 1234; x_wconf 86' lang='lat' dir='ltr'><strong>de·</strong></span> <span class='ocrx_word' id='word_1_61' title='bbox 1358 1167 1626 1234; x_wconf 84' lang='lat' dir='ltr'><strong>domino</strong></span> <span class='ocrx_word' id='word_1_62' title='bbox 1654 1167 1953 1234; x_wconf 86' lang='lat' dir='ltr'><strong>Henrico</strong></span> <span class='ocrx_word' id='word_1_63' title='bbox 1972 1169 2055 1232; x_wconf 86' lang='lat' dir='ltr'><strong>de</strong></span> <span class='ocrx_word' id='word_1_64' title='bbox 2084 1167 2461 1246; x_wconf 80' lang='lat' dir='ltr'><strong>Staunford,</strong></span> <span class='ocrx_word' id='word_1_65' title='bbox 2490 1180 2559 1232; x_wconf 87' lang='lat' dir='ltr'><strong>et</strong></span> <span class='ocrx_word' id='word_1_66' title='bbox 2580 1167 2822 1271; x_wconf 71' lang='lat' dir='ltr'><strong>depre-</strong></span> 
     </span>
     <span class='ocr_line' id='line_1_10' title="bbox 506 1251 2821 1341; baseline -0.001 -20"><span class='ocrx_word' id='word_1_67' title='bbox 506 1256 691 1322; x_wconf 80' lang='lat' dir='ltr'><strong>datio</strong></span> <span class='ocrx_word' id='word_1_68' title='bbox 713 1255 1176 1334; x_wconf 82' lang='lat' dir='ltr'><strong>Cardinalium,</strong></span> <span class='ocrx_word' id='word_1_69' title='bbox 1207 1273 1340 1320; x_wconf 83' lang='lat' dir='ltr'><strong>non</strong></span> <span class='ocrx_word' id='word_1_70' title='bbox 1365 1255 1510 1318; x_wconf 74' lang='lat' dir='ltr'><strong>siue</strong></span> <span class='ocrx_word' id='word_1_71' title='bbox 1535 1253 1780 1340; x_wconf 74' lang='lat' dir='ltr'><strong>magnis</strong></span> <span class='ocrx_word' id='word_1_72' title='bbox 1804 1254 2161 1339; x_wconf 75' lang='lat' dir='ltr'><strong>sumptibus</strong></span> <span class='ocrx_word' id='word_1_73' title='bbox 2190 1253 2442 1332; x_wconf 83' lang='lat' dir='ltr'><strong>domus,</strong></span> <span class='ocrx_word' id='word_1_74' title='bbox 2468 1251 2553 1319; x_wconf 83' lang='lat' dir='ltr'><strong>de</strong></span> <span class='ocrx_word' id='word_1_75' title='bbox 2574 1255 2821 1341; x_wconf 73' lang='lat' dir='ltr'><strong>quibus</strong></span> 
     </span>
     <span class='ocr_line' id='line_1_11' title="bbox 505 1339 2819 1429; baseline -0.001 -22"><span class='ocrx_word' id='word_1_76' title='bbox 505 1343 758 1408; x_wconf 84' lang='lat' dir='ltr'><strong>dicetur</strong></span> <span class='ocrx_word' id='word_1_77' title='bbox 802 1355 1075 1428; x_wconf 79' lang='lat' dir='ltr'><strong>postea3</strong></span> <span class='ocrx_word' id='word_1_78' title='bbox 1128 1353 1276 1429; x_wconf 82' lang='lat' dir='ltr'><strong>quae</strong></span> <span class='ocrx_word' id='word_1_79' title='bbox 1323 1341 1541 1406; x_wconf 84' lang='lat' dir='ltr'><strong>omnia</strong></span> <span class='ocrx_word' id='word_1_80' title='bbox 1591 1340 1799 1426; x_wconf 78' lang='lat' dir='ltr'><strong>ipsum</strong></span> <span class='ocrx_word' id='word_1_81' title='bbox 1854 1341 2062 1406; x_wconf 90' lang='lat' dir='ltr'><strong>minus</strong></span> <span class='ocrx_word' id='word_1_82' title='bbox 2092 1354 2538 1426; x_wconf 84' lang='lat' dir='ltr'><strong>sumptuosum</strong></span> <span class='ocrx_word' id='word_1_83' title='bbox 2570 1339 2636 1405; x_wconf 90' lang='lat' dir='ltr'><strong>in</strong></span> <span class='ocrx_word' id='word_1_84' title='bbox 2668 1340 2819 1406; x_wconf 86' lang='lat' dir='ltr'><strong>aliis</strong></span> 
     </span>
     <span class='ocr_line' id='line_1_12' title="bbox 506 1426 2817 1515; baseline 0 -23"><span class='ocrx_word' id='word_1_85' title='bbox 506 1428 980 1506; x_wconf 60' lang='lat' dir='ltr'><strong>reddiderunt]</strong></span> <span class='ocrx_word' id='word_1_86' title='bbox 1079 1428 1154 1492; x_wconf 86' lang='lat' dir='ltr'><strong>ln</strong></span> <span class='ocrx_word' id='word_1_87' title='bbox 1199 1430 1483 1515; x_wconf 85' lang='lat' dir='ltr'><strong>equitatu</strong></span> <span class='ocrx_word' id='word_1_88' title='bbox 1517 1431 1814 1509; x_wconf 65' lang='lat' dir='ltr'><strong>[tamenf</strong></span> <span class='ocrx_word' id='word_1_89' title='bbox 1844 1443 1914 1492; x_wconf 87' lang='lat' dir='ltr'><strong>et</strong></span> <span class='ocrx_word' id='word_1_90' title='bbox 1954 1426 2193 1492; x_wconf 75' lang='lat' dir='ltr'><strong>familia</strong></span> <span class='ocrx_word' id='word_1_91' title='bbox 2220 1441 2363 1491; x_wconf 86' lang='lat' dir='ltr'><strong>erat</strong></span> <span class='ocrx_word' id='word_1_92' title='bbox 2390 1427 2817 1506; x_wconf 70' lang='lat' dir='ltr'><strong>honorificus»,</strong></span> 
     </span>
     <span class='ocr_line' id='line_1_13' title="bbox 507 1513 2819 1601; baseline 0.001 -24"><span class='ocrx_word' id='word_1_93' title='bbox 507 1515 681 1580; x_wconf 78' lang='lat' dir='ltr'><strong>viros</strong></span> <span class='ocrx_word' id='word_1_94' title='bbox 709 1515 980 1600; x_wconf 88' lang='lat' dir='ltr'><strong>diligens</strong></span> <span class='ocrx_word' id='word_1_95' title='bbox 1009 1514 1247 1579; x_wconf 87' lang='lat' dir='ltr'><strong>habere</strong></span> <span class='ocrx_word' id='word_1_96' title='bbox 1279 1515 1344 1578; x_wconf 87' lang='lat' dir='ltr'><strong>in</strong></span> <span class='ocrx_word' id='word_1_97' title='bbox 1373 1513 1619 1580; x_wconf 72' lang='lat' dir='ltr'><strong>familia</strong></span> <span class='ocrx_word' id='word_1_98' title='bbox 1647 1526 1714 1579; x_wconf 92' lang='lat' dir='ltr'><strong>et</strong></span> <span class='ocrx_word' id='word_1_99' title='bbox 1742 1535 1873 1578; x_wconf 90' lang='lat' dir='ltr'><strong>non</strong></span> <span class='ocrx_word' id='word_1_100' title='bbox 1898 1529 2156 1599; x_wconf 79' lang='lat' dir='ltr'><strong>pueros,</strong></span> <span class='ocrx_word' id='word_1_101' title='bbox 2182 1525 2526 1601; x_wconf 73' lang='lat' dir='ltr'><strong>equospro</strong></span> <span class='ocrx_word' id='word_1_102' title='bbox 2544 1527 2819 1580; x_wconf 84' lang='lat' dir='ltr'><strong>vectura</strong></span> 
     </span>
     <span class='ocr_line' id='line_1_14' title="bbox 507 1599 2819 1689; baseline -0 -22"><span class='ocrx_word' id='word_1_103' title='bbox 507 1614 577 1667; x_wconf 88' lang='lat' dir='ltr'><strong>et</strong></span> <span class='ocrx_word' id='word_1_104' title='bbox 598 1623 733 1667; x_wconf 89' lang='lat' dir='ltr'><strong>non</strong></span> <span class='ocrx_word' id='word_1_105' title='bbox 755 1599 1043 1689; x_wconf 87' lang='lat' dir='ltr'><strong>equulos,</strong></span> <span class='ocrx_word' id='word_1_106' title='bbox 1078 1601 1795 1680; x_wconf 64' lang='lat' dir='ltr'><strong>{satis-honorificeTset</strong></span> <span class='ocrx_word' id='word_1_107' title='bbox 1822 1613 1973 1665; x_wconf 87' lang='lat' dir='ltr'><strong>raro</strong></span> <span class='ocrx_word' id='word_1_108' title='bbox 2001 1599 2371 1678; x_wconf 76' lang='lat' dir='ltr'><strong>convivans,</strong></span> <span class='ocrx_word' id='word_1_109' title='bbox 2396 1600 2523 1680; x_wconf 89' lang='lat' dir='ltr'><strong>[ita</strong></span> <span class='ocrx_word' id='word_1_110' title='bbox 2538 1601 2819 1666; x_wconf 87' lang='lat' dir='ltr'><strong>adversa</strong></span> 
     </span>
     <span class='ocr_line' id='line_1_15' title="bbox 509 1685 2815 1775; baseline -0.001 -21"><span class='ocrx_word' id='word_1_111' title='bbox 509 1703 1001 1775; x_wconf 80' lang='lat' dir='ltr'><strong>contempnens,</strong></span> <span class='ocrx_word' id='word_1_112' title='bbox 1049 1687 1229 1773; x_wconf 89' lang='lat' dir='ltr'><strong>quod</strong></span> <span class='ocrx_word' id='word_1_113' title='bbox 1273 1709 1420 1752; x_wconf 89' lang='lat' dir='ltr'><strong>cum</strong></span> <span class='ocrx_word' id='word_1_114' title='bbox 1473 1701 1645 1752; x_wconf 88' lang='lat' dir='ltr'><strong>esset</strong></span> <span class='ocrx_word' id='word_1_115' title='bbox 1687 1687 1751 1750; x_wconf 90' lang='lat' dir='ltr'><strong>in</strong></span> <span class='ocrx_word' id='word_1_116' title='bbox 1783 1685 2027 1773; x_wconf 88' lang='lat' dir='ltr'><strong>injuriis</strong></span> <span class='ocrx_word' id='word_1_117' title='bbox 2057 1700 2125 1752; x_wconf 90' lang='lat' dir='ltr'><strong>et</strong></span> <span class='ocrx_word' id='word_1_118' title='bbox 2152 1687 2512 1772; x_wconf 76' lang='lat' dir='ltr'><strong>obprobriis</strong></span> <span class='ocrx_word' id='word_1_119' title='bbox 2540 1687 2815 1774; x_wconf 87' lang='lat' dir='ltr'><strong>quibus-</strong></span> 
     </span>
     <span class='ocr_line' id='line_1_16' title="bbox 509 1772 2817 1864; baseline -0.001 -24"><span class='ocrx_word' id='word_1_120' title='bbox 509 1795 764 1864; x_wconf 79' lang='lat' dir='ltr'><strong>cunque</strong></span> <span class='ocrx_word' id='word_1_121' title='bbox 816 1773 1148 1860; x_wconf 74' lang='lat' dir='ltr'><strong>inpetitus,</strong></span> <span class='ocrx_word' id='word_1_122' title='bbox 1200 1774 1382 1861; x_wconf 87' lang='lat' dir='ltr'><strong>quasi</strong></span> <span class='ocrx_word' id='word_1_123' title='bbox 1411 1787 1599 1838; x_wconf 85' lang='lat' dir='ltr'><strong>ursus</strong></span> <span class='ocrx_word' id='word_1_124' title='bbox 1628 1773 1915 1853; x_wconf 84' lang='lat' dir='ltr'><strong>canibus,</strong></span> <span class='ocrx_word' id='word_1_125' title='bbox 1950 1773 2137 1861; x_wconf 77' lang='lat' dir='ltr'><strong>qnod*</strong></span> <span class='ocrx_word' id='word_1_126' title='bbox 2156 1772 2215 1839; x_wconf 84' lang='lat' dir='ltr'><strong>ei</strong></span> <span class='ocrx_word' id='word_1_127' title='bbox 2246 1773 2622 1861; x_wconf 79' lang='lat' dir='ltr'><strong>frequenter</strong></span> <span class='ocrx_word' id='word_1_128' title='bbox 2650 1795 2817 1838; x_wconf 86' lang='lat' dir='ltr'><strong>con-</strong></span> 
     </span>
     <span class='ocr_line' id='line_1_17' title="bbox 509 1859 2813 1951; baseline -0.001 -25"><span class='ocrx_word' id='word_1_129' title='bbox 509 1861 677 1951; x_wconf 85' lang='lat' dir='ltr'><strong>tigit,</strong></span> <span class='ocrx_word' id='word_1_130' title='bbox 725 1876 992 1948; x_wconf 85' lang='lat' dir='ltr'><strong>propter</strong></span> <span class='ocrx_word' id='word_1_131' title='bbox 1020 1860 1365 1927; x_wconf 75' lang='lat' dir='ltr'><strong>utilitatem</strong></span> <span class='ocrx_word' id='word_1_132' title='bbox 1393 1861 1649 1938; x_wconf 89' lang='lat' dir='ltr'><strong>domus,</strong></span> <span class='ocrx_word' id='word_1_133' title='bbox 1681 1883 1763 1926; x_wconf 90' lang='lat' dir='ltr'><strong>eo</strong></span> <span class='ocrx_word' id='word_1_134' title='bbox 1785 1861 1892 1926; x_wconf 89' lang='lat' dir='ltr'><strong>die</strong></span> <span class='ocrx_word' id='word_1_135' title='bbox 1909 1861 2261 1944; x_wconf 81' lang='lat' dir='ltr'><strong>jocundior</strong></span> <span class='ocrx_word' id='word_1_136' title='bbox 2282 1859 2348 1924; x_wconf 88' lang='lat' dir='ltr'><strong>in</strong></span> <span class='ocrx_word' id='word_1_137' title='bbox 2373 1882 2595 1926; x_wconf 87' lang='lat' dir='ltr'><strong>mensa</strong></span> <span class='ocrx_word' id='word_1_138' title='bbox 2616 1875 2813 1938; x_wconf 75' lang='lat' dir='ltr'><strong>esset,</strong></span> 
     </span>
     <span class='ocr_line' id='line_1_18' title="bbox 509 1946 2813 2035; baseline -0.001 -21"><span class='ocrx_word' id='word_1_139' title='bbox 509 1964 580 2014; x_wconf 83' lang='lat' dir='ltr'><strong>et</strong></span> <span class='ocrx_word' id='word_1_140' title='bbox 627 1948 828 2034; x_wconf 86' lang='lat' dir='ltr'><strong>magis</strong></span> <span class='ocrx_word' id='word_1_141' title='bbox 881 1948 1088 2026; x_wconf 83' lang='lat' dir='ltr'><strong>laetus,</strong></span> <span class='ocrx_word' id='word_1_142' title='bbox 1143 1947 1324 2035; x_wconf 82' lang='lat' dir='ltr'><strong>quasi</strong></span> <span class='ocrx_word' id='word_1_143' title='bbox 1374 1948 1687 2032; x_wconf 79' lang='lat' dir='ltr'><strong>gaudens,-</strong></span> <span class='ocrx_word' id='word_1_144' title='bbox 1736 1970 1783 2013; x_wconf 70' lang='grc' dir='ltr'><em>ε</em></span> <span class='ocrx_word' id='word_1_145' title='bbox 1804 1958 2161 2033; x_wconf 88' lang='lat' dir='ltr'><strong>conspectu</strong></span> <span class='ocrx_word' id='word_1_146' title='bbox 2191 1946 2468 2025; x_wconf 85' lang='lat' dir='ltr'><strong>concilii,</strong></span> <span class='ocrx_word' id='word_1_147' title='bbox 2501 1947 2813 2035; x_wconf 88' lang='lat' dir='ltr'><strong>quoniam</strong></span> 
     </span>
     <span class='ocr_line' id='line_1_19' title="bbox 509 2033 2816 2120; baseline 0 -20"><span class='ocrx_word' id='word_1_148' title='bbox 509 2034 746 2120; x_wconf 84' lang='lat' dir='ltr'><strong>dignus</strong></span> <span class='ocrx_word' id='word_1_149' title='bbox 773 2034 1026 2101; x_wconf 88' lang='lat' dir='ltr'><strong>habitus</strong></span> <span class='ocrx_word' id='word_1_150' title='bbox 1055 2045 1153 2099; x_wconf 88' lang='lat' dir='ltr'><strong>est</strong></span> <span class='ocrx_word' id='word_1_151' title='bbox 1181 2056 1300 2120; x_wconf 86' lang='lat' dir='ltr'><strong>pro</strong></span> <span class='ocrx_word' id='word_1_152' title='bbox 1321 2035 1524 2100; x_wconf 85' lang='lat' dir='ltr'><strong>domo</strong></span> <span class='ocrx_word' id='word_1_153' title='bbox 1551 2055 1669 2098; x_wconf 84' lang='lat' dir='ltr'><strong>sua</strong></span> <span class='ocrx_word' id='word_1_154' title='bbox 1696 2033 2149 2099; x_wconf 82' lang='lat' dir='ltr'><strong>contumeliam</strong></span> <span class='ocrx_word' id='word_1_155' title='bbox 2177 2033 2333 2119; x_wconf 85' lang='lat' dir='ltr'><strong>pati&#39;.</strong></span> <span class='ocrx_word' id='word_1_156' title='bbox 2414 2033 2489 2098; x_wconf 89' lang='lat' dir='ltr'><strong>In</strong></span> <span class='ocrx_word' id='word_1_157' title='bbox 2514 2033 2816 2100; x_wconf 88' lang='lat' dir='ltr'><strong>omnibus</strong></span> 
     </span>
     <span class='ocr_line' id='line_1_20' title="bbox 509 2119 2811 2210; baseline -0 -23"><span class='ocrx_word' id='word_1_158' title='bbox 509 2144 670 2210; x_wconf 86' lang='lat' dir='ltr'><strong>ergo</strong></span> <span class='ocrx_word' id='word_1_159' title='bbox 700 2121 1044 2187; x_wconf 79' lang='lat' dir='ltr'><strong>utilitatem</strong></span> <span class='ocrx_word' id='word_1_160' title='bbox 1072 2121 1308 2186; x_wconf 87' lang='lat' dir='ltr'><strong>domus</strong></span> <span class='ocrx_word' id='word_1_161' title='bbox 1337 2120 1579 2187; x_wconf 88' lang='lat' dir='ltr'><strong>habens</strong></span> <span class='ocrx_word' id='word_1_162' title='bbox 1608 2141 1746 2205; x_wconf 82' lang='lat' dir='ltr'><strong>prae</strong></span> <span class='ocrx_word' id='word_1_163' title='bbox 1768 2119 1995 2199; x_wconf 76' lang='lat' dir='ltr'><strong>oculiS,</strong></span> <span class='ocrx_word' id='word_1_164' title='bbox 2018 2143 2151 2184; x_wconf 88' lang='lat' dir='ltr'><strong>non</strong></span> <span class='ocrx_word' id='word_1_165' title='bbox 2176 2121 2237 2184; x_wconf 91' lang='lat' dir='ltr'><strong>ei</strong></span> <span class='ocrx_word' id='word_1_166' title='bbox 2260 2119 2541 2184; x_wconf 78' lang='lat' dir='ltr'><strong>favorem</strong></span> <span class='ocrx_word' id='word_1_167' title='bbox 2575 2119 2675 2185; x_wconf 81' lang='lat' dir='ltr'><strong>Re</strong></span> <span class='ocrx_word' id='word_1_168' title='bbox 2724 2119 2811 2200; x_wconf 79' lang='grc' dir='ltr'><strong>ἐ,</strong></span> 
     </span>
     <span class='ocr_line' id='line_1_21' title="bbox 507 2207 2817 2297; baseline -0.001 -25"><span class='ocrx_word' id='word_1_169' title='bbox 507 2230 644 2274; x_wconf 83' lang='lat' dir='ltr'><strong>non</strong></span> <span class='ocrx_word' id='word_1_170' title='bbox 688 2229 1094 2297; x_wconf 82' lang='lat' dir='ltr'><strong>magnorum,</strong></span> <span class='ocrx_word' id='word_1_171' title='bbox 1139 2229 1270 2272; x_wconf 90' lang='lat' dir='ltr'><strong>non</strong></span> <span class='ocrx_word' id='word_1_172' title='bbox 1312 2208 1621 2273; x_wconf 88' lang='lat' dir='ltr'><strong>honorem</strong></span> <span class='ocrx_word' id='word_1_173' title='bbox 1661 2228 1779 2292; x_wconf 87' lang='lat' dir='ltr'><strong>pro</strong></span> <span class='ocrx_word' id='word_1_174' title='bbox 1828 2209 1993 2271; x_wconf 89' lang='lat' dir='ltr'><strong>rium</strong></span> <span class='ocrx_word' id='word_1_175' title='bbox 2024 2207 2409 2294; x_wconf 83' lang='lat' dir='ltr'><strong>proeferens;</strong></span> <span class='ocrx_word' id='word_1_176' title='bbox 2452 2208 2566 2273; x_wconf 91' lang='lat' dir='ltr'><strong>sed</strong></span> <span class='ocrx_word' id='word_1_177' title='bbox 2599 2207 2661 2272; x_wconf 88' lang='lat' dir='ltr'><strong>in</strong></span> <span class='ocrx_word' id='word_1_178' title='bbox 2712 2209 2817 2296; x_wconf 87' lang='lat' dir='ltr'><strong>ig·</strong></span> 
     </span>
     <span class='ocr_line' id='line_1_22' title="bbox 509 2293 2816 2380; baseline -0.001 -19"><span class='ocrx_word' id='word_1_179' title='bbox 509 2295 842 2361; x_wconf 80' lang='lat' dir='ltr'><strong>nationem</strong></span> <span class='ocrx_word' id='word_1_180' title='bbox 890 2295 1107 2379; x_wconf 81' lang='lat' dir='ltr'><strong>Regis,</strong></span> <span class='ocrx_word' id='word_1_181' title='bbox 1157 2316 1538 2379; x_wconf 84' lang='lat' dir='ltr'><strong>magnorum</strong></span> <span class='ocrx_word' id='word_1_182' title='bbox 1582 2294 1791 2379; x_wconf 86' lang='lat' dir='ltr'><strong>obpro</strong></span> <span class='ocrx_word' id='word_1_183' title='bbox 1835 2295 2024 2372; x_wconf 84' lang='lat' dir='ltr'><strong>rium,</strong></span> <span class='ocrx_word' id='word_1_184' title='bbox 2071 2293 2422 2380; x_wconf 81' lang='lat' dir='ltr'><strong>proprium,</strong></span> <span class='ocrx_word' id='word_1_185' title='bbox 2470 2308 2540 2359; x_wconf 90' lang='lat' dir='ltr'><strong>et</strong></span> <span class='ocrx_word' id='word_1_186' title='bbox 2568 2293 2816 2380; x_wconf 74' lang='lat' dir='ltr'><strong>impro-</strong></span> 
     </span>
     <span class='ocr_line' id='line_1_23' title="bbox 511 2379 2815 2468; baseline -0 -21"><span class='ocrx_word' id='word_1_187' title='bbox 511 2382 787 2468; x_wconf 85' lang='lat' dir='ltr'><strong>perium,</strong></span> <span class='ocrx_word' id='word_1_188' title='bbox 817 2395 1088 2468; x_wconf 89' lang='lat' dir='ltr'><strong>propter</strong></span> <span class='ocrx_word' id='word_1_189' title='bbox 1117 2381 1349 2446; x_wconf 88' lang='lat' dir='ltr'><strong>domus</strong></span> <span class='ocrx_word' id='word_1_190' title='bbox 1377 2381 1726 2446; x_wconf 88' lang='lat' dir='ltr'><strong>comodum</strong></span> <span class='ocrx_word' id='word_1_191' title='bbox 1755 2380 2245 2466; x_wconf 85' lang='lat' dir='ltr'><strong>parvipendens.</strong></span> <span class='ocrx_word' id='word_1_192' title='bbox 2325 2381 2429 2445; x_wconf 88' lang='lat' dir='ltr'><strong>Re</strong></span> <span class='ocrx_word' id='word_1_193' title='bbox 2456 2402 2609 2446; x_wconf 84' lang='lat' dir='ltr'><strong>vera</strong></span> <span class='ocrx_word' id='word_1_194' title='bbox 2634 2379 2815 2446; x_wconf 86' lang='lat' dir='ltr'><strong>enim</strong></span> 
     </span>
     <span class='ocr_line' id='line_1_24' title="bbox 515 2465 2821 2556; baseline -0.001 -22"><span class='ocrx_word' id='word_1_195' title='bbox 515 2468 688 2534; x_wconf 85' lang='lat' dir='ltr'><strong>zelus</strong></span> <span class='ocrx_word' id='word_1_196' title='bbox 738 2470 978 2534; x_wconf 87' lang='lat' dir='ltr'><strong>domus·</strong></span> <span class='ocrx_word' id='word_1_197' title='bbox 1015 2470 1151 2556; x_wconf 89' lang='lat' dir='ltr'><strong>ejus</strong></span> <span class='ocrx_word' id='word_1_198' title='bbox 1205 2468 1487 2533; x_wconf 90' lang='lat' dir='ltr'><strong>comedit</strong></span> <span class='ocrx_word' id='word_1_199' title='bbox 1530 2487 1702 2547; x_wconf 89' lang='lat' dir='ltr'><strong>eum,</strong></span> <span class='ocrx_word' id='word_1_200' title='bbox 1736 2483 1805 2533; x_wconf 89' lang='lat' dir='ltr'><strong>et</strong></span> <span class='ocrx_word' id='word_1_201' title='bbox 1830 2483 1951 2552; x_wconf 88' lang='lat' dir='ltr'><strong>pro</strong></span> <span class='ocrx_word' id='word_1_202' title='bbox 1980 2465 2217 2531; x_wconf 87' lang='lat' dir='ltr'><strong>nichilo</strong></span> <span class='ocrx_word' id='word_1_203' title='bbox 2240 2466 2468 2531; x_wconf 80' lang='lat' dir='ltr'><strong>habuit</strong></span> <span class='ocrx_word' id='word_1_204' title='bbox 2498 2468 2821 2554; x_wconf 82' lang='lat' dir='ltr'><strong>quicquid</strong></span> 
     </span>
     <span class='ocr_line' id='line_1_25' title="bbox 513 2553 2815 2642; baseline -0.001 -22"><span class='ocrx_word' id='word_1_205' title='bbox 513 2568 786 2641; x_wconf 77' lang='lat' dir='ltr'><strong>propter</strong></span> <span class='ocrx_word' id='word_1_206' title='bbox 829 2577 970 2620; x_wconf 86' lang='lat' dir='ltr'><strong>eam</strong></span> <span class='ocrx_word' id='word_1_207' title='bbox 1025 2554 1168 2639; x_wconf 78' lang='lat' dir='ltr'><strong>pati·</strong></span> <span class='ocrx_word' id='word_1_208' title='bbox 1209 2567 1443 2640; x_wconf 82' lang='lat' dir='ltr'><strong>posset.</strong></span> <span class='ocrx_word' id='word_1_209' title='bbox 1541 2554 1617 2619; x_wconf 92' lang='lat' dir='ltr'><strong>In</strong></span> <span class='ocrx_word' id='word_1_210' title='bbox 1669 2553 2081 2619; x_wconf 73' lang='lat' dir='ltr'><strong>admittendis</strong></span> <span class='ocrx_word' id='word_1_211' title='bbox 2112 2553 2376 2618; x_wconf 81' lang='lat' dir='ltr'><strong>noviciis</strong></span> <span class='ocrx_word' id='word_1_212' title='bbox 2406 2553 2680 2642; x_wconf 85' lang='lat' dir='ltr'><strong>diligens</strong></span> <span class='ocrx_word' id='word_1_213' title='bbox 2712 2555 2815 2618; x_wconf 86' lang='lat' dir='ltr'><strong>in-</strong></span> 
     </span>
     <span class='ocr_line' id='line_1_26' title="bbox 509 2640 2809 2730; baseline -0.001 -24"><span class='ocrx_word' id='word_1_214' title='bbox 509 2641 779 2730; x_wconf 80' lang='lat' dir='ltr'><strong>quisitor</strong></span> <span class='ocrx_word' id='word_1_215' title='bbox 802 2641 886 2706; x_wconf 91' lang='lat' dir='ltr'><strong>de</strong></span> <span class='ocrx_word' id='word_1_216' title='bbox 909 2663 1131 2707; x_wconf 87' lang='lat' dir='ltr'><strong>eorum</strong></span> <span class='ocrx_word' id='word_1_217' title='bbox 1155 2641 1422 2706; x_wconf 87' lang='lat' dir='ltr'><strong>scientia</strong></span> <span class='ocrx_word' id='word_1_218' title='bbox 1443 2653 1513 2705; x_wconf 77' lang='lat' dir='ltr'><strong>et</strong></span> <span class='ocrx_word' id='word_1_219' title='bbox 1544 2642 1847 2721; x_wconf 78' lang='lat' dir='ltr'><strong>moribnS,</strong></span> <span class='ocrx_word' id='word_1_220' title='bbox 1881 2640 1962 2705; x_wconf 90' lang='lat' dir='ltr'><strong>de</strong></span> <span class='ocrx_word' id='word_1_221' title='bbox 1984 2640 2281 2726; x_wconf 76' lang='lat' dir='ltr'><strong>precibus</strong></span> <span class='ocrx_word' id='word_1_222' title='bbox 2304 2661 2531 2725; x_wconf 85' lang='lat' dir='ltr'><strong>parum</strong></span> <span class='ocrx_word' id='word_1_223' title='bbox 2552 2663 2809 2718; x_wconf 85' lang='lat' dir='ltr'><strong>curans,</strong></span> 
     </span>
     <span class='ocr_line' id='line_1_27' title="bbox 511 2726 2813 2828; baseline -0.001 -34"><span class='ocrx_word' id='word_1_224' title='bbox 511 2727 762 2794; x_wconf 87' lang='lat' dir='ltr'><strong>etiamsi</strong></span> <span class='ocrx_word' id='word_1_225' title='bbox 793 2727 1010 2811; x_wconf 88' lang='lat' dir='ltr'><strong>magni</strong></span> <span class='ocrx_word' id='word_1_226' title='bbox 1039 2741 1246 2793; x_wconf 88' lang='lat' dir='ltr'><strong>essent</strong></span> <span class='ocrx_word' id='word_1_227' title='bbox 1277 2728 1388 2815; x_wconf 91' lang='lat' dir='ltr'><strong>qui</strong></span> <span class='ocrx_word' id='word_1_228' title='bbox 1419 2733 1776 2828; x_wconf 57' lang='lat' dir='ltr'><strong>rogan-mn]</strong></span> <span class='ocrx_word' id='word_1_229' title='bbox 1846 2729 2047 2792; x_wconf 80' lang='lat' dir='ltr'><strong>Anno</strong></span> <span class='ocrx_word' id='word_1_230' title='bbox 2072 2726 2337 2792; x_wconf 85' lang='lat' dir='ltr'><strong>Domini</strong></span> <span class='ocrx_word' id='word_1_231' title='bbox 2366 2745 2553 2791; x_wconf 74' lang='lat' dir='ltr'><strong>mccc</strong></span> <span class='ocrx_word' id='word_1_232' title='bbox 2579 2728 2813 2827; x_wconf 86' lang='lat' dir='ltr'><strong>quinto</strong></span> 
     </span>
     <span class='ocr_line' id='line_1_28' title="bbox 511 2813 2814 2900; baseline -0.002 -18"><span class='ocrx_word' id='word_1_233' title='bbox 511 2815 785 2894; x_wconf 83' lang='lat' dir='ltr'><strong>deeim0,</strong></span> <span class='ocrx_word' id='word_1_234' title='bbox 831 2813 1002 2878; x_wconf 88' lang='lat' dir='ltr'><strong>infra</strong></span> <span class='ocrx_word' id='word_1_235' title='bbox 1043 2815 1304 2879; x_wconf 87' lang='lat' dir='ltr'><strong>octabas</strong></span> <span class='ocrx_word' id='word_1_236' title='bbox 1333 2834 1539 2879; x_wconf 75' lang='lat' dir='ltr'><strong>sancti</strong></span> <span class='ocrx_word' id='word_1_237' title='bbox 1566 2813 1881 2880; x_wconf 85' lang='lat' dir='ltr'><strong>Johannis</strong></span> <span class='ocrx_word' id='word_1_238' title='bbox 1911 2813 2249 2900; x_wconf 64' lang='lat' dir='ltr'><strong>Baptistae,</strong></span> <span class='ocrx_word' id='word_1_239' title='bbox 2275 2813 2628 2900; x_wconf 82' lang='lat' dir='ltr'><strong>depraedau</strong></span> <span class='ocrx_word' id='word_1_240' title='bbox 2656 2829 2814 2878; x_wconf 90' lang='lat' dir='ltr'><strong>sunt</strong></span> 
     </span>
     <span class='ocr_line' id='line_1_29' title="bbox 515 2899 2807 2989; baseline -0.002 -20"><span class='ocrx_word' id='word_1_241' title='bbox 515 2902 721 2968; x_wconf 82' lang='lat' dir='ltr'><strong>scotti</strong></span> <span class='ocrx_word' id='word_1_242' title='bbox 772 2901 954 2989; x_wconf 88' lang='lat' dir='ltr'><strong>quasi</strong></span> <span class='ocrx_word' id='word_1_243' title='bbox 1007 2915 1214 2966; x_wconf 88' lang='lat' dir='ltr'><strong>totum</strong></span> <span class='ocrx_word' id='word_1_244' title='bbox 1247 2901 1600 2966; x_wconf 85' lang='lat' dir='ltr'><strong>instaurum</strong></span> <span class='ocrx_word' id='word_1_245' title='bbox 1642 2901 1911 2977; x_wconf 78' lang='lat' dir='ltr'><strong>domus3</strong></span> <span class='ocrx_word' id='word_1_246' title='bbox 1943 2905 2125 2980; x_wconf 84' lang='lat' dir='ltr'><strong>[nam</strong></span> <span class='ocrx_word' id='word_1_247' title='bbox 2158 2899 2345 2966; x_wconf 79' lang='lat' dir='ltr'><strong>Prior</strong></span> <span class='ocrx_word' id='word_1_248' title='bbox 2374 2913 2530 2967; x_wconf 87' lang='lat' dir='ltr'><strong>tunc</strong></span> <span class='ocrx_word' id='word_1_249' title='bbox 2552 2899 2807 2988; x_wconf 85' lang='lat' dir='ltr'><strong>extitit]</strong></span> 
     </span>
     <span class='ocr_line' id='line_1_30' title="bbox 510 2987 2811 3076; baseline -0.001 -23"><span class='ocrx_word' id='word_1_250' title='bbox 510 2990 687 3076; x_wconf 78' lang='lat' dir='ltr'><strong>apud</strong></span> <span class='ocrx_word' id='word_1_251' title='bbox 736 2987 1185 3074; x_wconf 86' lang='lat' dir='ltr'><strong>Beaurepaire,</strong></span> <span class='ocrx_word' id='word_1_252' title='bbox 1222 2987 1757 3070; x_wconf 74' lang='lat' dir='ltr'><strong>[nec‘adventum</strong></span> <span class='ocrx_word' id='word_1_253' title='bbox 1795 2987 2163 3052; x_wconf 88' lang='lat' dir='ltr'><strong>Scottorum</strong></span> <span class='ocrx_word' id='word_1_254' title='bbox 2193 2987 2485 3066; x_wconf 87' lang='lat' dir='ltr'><strong>credens,</strong></span> <span class='ocrx_word' id='word_1_255' title='bbox 2516 2987 2811 3075; x_wconf 85' lang='lat' dir='ltr'><strong>quamvis</strong></span> 
     </span>
     <span class='ocr_line' id='line_1_31' title="bbox 507 3074 2815 3164; baseline -0.001 -24"><span class='ocrx_word' id='word_1_256' title='bbox 507 3075 934 3164; x_wconf 83' lang='lat' dir='ltr'><strong>praemunitus</strong></span> <span class='ocrx_word' id='word_1_257' title='bbox 979 3089 1166 3153; x_wconf 88' lang='lat' dir='ltr'><strong>esset,</strong></span> <span class='ocrx_word' id='word_1_258' title='bbox 1213 3089 1556 3162; x_wconf 77' lang='lat' dir='ltr'><strong>antequam</strong></span> <span class='ocrx_word' id='word_1_259' title='bbox 1600 3075 2071 3160; x_wconf 77' lang='lat' dir='ltr'><strong>n1issamsuam</strong></span> <span class='ocrx_word' id='word_1_260' title='bbox 2100 3074 2502 3164; x_wconf 82' lang='lat' dir='ltr'><strong>complesset,</strong></span> <span class='ocrx_word' id='word_1_261' title='bbox 2534 3075 2815 3140; x_wconf 75' lang='lat' dir='ltr'><strong>circum-</strong></span> 
     </span>
     <span class='ocr_line' id='line_1_32' title="bbox 509 3153 2813 3248; baseline -0.003 -18"><span class='ocrx_word' id='word_1_262' title='bbox 509 3164 829 3230; x_wconf 82' lang='lat' dir='ltr'><strong>dederunt</strong></span> <span class='ocrx_word' id='word_1_263' title='bbox 881 3163 1091 3228; x_wconf 85' lang='lat' dir='ltr'><strong>Scotti</strong></span> <span class='ocrx_word' id='word_1_264' title='bbox 1142 3185 1425 3248; x_wconf 83' lang='lat' dir='ltr'><strong>parcum,</strong></span> <span class='ocrx_word' id='word_1_265' title='bbox 1480 3174 1546 3227; x_wconf 90' lang='lat' dir='ltr'><strong>et</strong></span> <span class='ocrx_word' id='word_1_266' title='bbox 1600 3161 1811 3247; x_wconf 87' lang='lat' dir='ltr'><strong>ipsum</strong></span> <span class='ocrx_word' id='word_1_267' title='bbox 1840 3153 2196 3246; x_wconf 85' lang='lat' dir='ltr'><strong>fugientem</strong></span> <span class='ocrx_word' id='word_1_268' title='bbox 2226 3161 2293 3224; x_wconf 89' lang='lat' dir='ltr'><strong>in</strong></span> <span class='ocrx_word' id='word_1_269' title='bbox 2326 3183 2496 3248; x_wconf 92' lang='lat' dir='ltr'><strong>equo</strong></span> <span class='ocrx_word' id='word_1_270' title='bbox 2524 3157 2813 3248; x_wconf 74' lang='lat' dir='ltr'><strong>i&#39;nsequti</strong></span> 
     </span>
     <span class='ocr_line' id='line_1_33' title="bbox 509 3246 2811 3337; baseline -0.002 -21"><span class='ocrx_word' id='word_1_271' title='bbox 509 3263 660 3316; x_wconf 85' lang='lat' dir='ltr'><strong>sunt</strong></span> <span class='ocrx_word' id='word_1_272' title='bbox 686 3273 888 3337; x_wconf 89' lang='lat' dir='ltr'><strong>usque</strong></span> <span class='ocrx_word' id='word_1_273' title='bbox 917 3251 1002 3316; x_wconf 89' lang='lat' dir='ltr'><strong>ad</strong></span> <span class='ocrx_word' id='word_1_274' title='bbox 1031 3251 1228 3313; x_wconf 89' lang='lat' dir='ltr'><strong>finem</strong></span> <span class='ocrx_word' id='word_1_275' title='bbox 1259 3246 1594 3315; x_wconf 77' lang='lat' dir='ltr'><strong>Dunel&#39;mi.</strong></span> <span class='ocrx_word' id='word_1_276' title='bbox 1689 3247 1978 3334; x_wconf 89' lang='lat' dir='ltr'><strong>Insequti</strong></span> <span class='ocrx_word' id='word_1_277' title='bbox 2008 3261 2156 3313; x_wconf 87' lang='lat' dir='ltr'><strong>sunt</strong></span> <span class='ocrx_word' id='word_1_278' title='bbox 2184 3249 2377 3312; x_wconf 85' lang='lat' dir='ltr'><strong>etiam</strong></span> <span class='ocrx_word' id='word_1_279' title='bbox 2406 3248 2615 3313; x_wconf 87' lang='lat' dir='ltr'><strong>socios</strong></span> <span class='ocrx_word' id='word_1_280' title='bbox 2644 3251 2811 3334; x_wconf 89' lang='lat' dir='ltr'><strong>ejus,</strong></span> 
     </span>
     <span class='ocr_line' id='line_1_34' title="bbox 509 3333 2813 3424; baseline -0.001 -24"><span class='ocrx_word' id='word_1_281' title='bbox 509 3359 626 3424; x_wconf 91' lang='lat' dir='ltr'><strong>per</strong></span> <span class='ocrx_word' id='word_1_282' title='bbox 669 3337 919 3401; x_wconf 87' lang='lat' dir='ltr'><strong>diversa</strong></span> <span class='ocrx_word' id='word_1_283' title='bbox 961 3336 1296 3420; x_wconf 88' lang='lat' dir='ltr'><strong>fugientes,</strong></span> <span class='ocrx_word' id='word_1_284' title='bbox 1329 3348 1396 3400; x_wconf 88' lang='lat' dir='ltr'><strong>et</strong></span> <span class='ocrx_word' id='word_1_285' title='bbox 1425 3358 1575 3400; x_wconf 86' lang='lat' dir='ltr'><strong>cum</strong></span> <span class='ocrx_word' id='word_1_286' title='bbox 1605 3334 1981 3400; x_wconf 83' lang='lat' dir='ltr'><strong>difficultate</strong></span> <span class='ocrx_word' id='word_1_287' title='bbox 2013 3333 2295 3399; x_wconf 85' lang='lat' dir='ltr'><strong>maxima</strong></span> <span class='ocrx_word' id='word_1_288' title='bbox 2322 3356 2551 3400; x_wconf 88' lang='lat' dir='ltr'><strong>manus</strong></span> <span class='ocrx_word' id='word_1_289' title='bbox 2582 3356 2813 3399; x_wconf 87' lang='lat' dir='ltr'><strong>eorum</strong></span> 
     </span>
     <span class='ocr_line' id='line_1_35' title="bbox 510 3421 2810 3506; baseline -0.002 -18"><span class='ocrx_word' id='word_1_290' title='bbox 510 3423 895 3498; x_wconf 85' lang='lat' dir='ltr'><strong>evadentes;</strong></span> <span class='ocrx_word' id='word_1_291' title='bbox 943 3436 1096 3487; x_wconf 88' lang='lat' dir='ltr'><strong>tunc</strong></span> <span class='ocrx_word' id='word_1_292' title='bbox 1128 3424 1300 3506; x_wconf 84' lang='lat' dir='ltr'><strong>capti</strong></span> <span class='ocrx_word' id='word_1_293' title='bbox 1329 3439 1481 3487; x_wconf 87' lang='lat' dir='ltr'><strong>sunt</strong></span> <span class='ocrx_word' id='word_1_294' title='bbox 1510 3443 1625 3506; x_wconf 90' lang='lat' dir='ltr'><strong>per</strong></span> <span class='ocrx_word' id='word_1_295' title='bbox 1657 3422 1914 3487; x_wconf 85' lang='lat' dir='ltr'><strong>Scottos</strong></span> <span class='ocrx_word' id='word_1_296' title='bbox 1945 3421 2131 3486; x_wconf 87' lang='lat' dir='ltr'><strong>multi</strong></span> <span class='ocrx_word' id='word_1_297' title='bbox 2161 3421 2244 3486; x_wconf 88' lang='lat' dir='ltr'><strong>de</strong></span> <span class='ocrx_word' id='word_1_298' title='bbox 2275 3421 2514 3486; x_wconf 80' lang='lat' dir='ltr'><strong>familia</strong></span> <span class='ocrx_word' id='word_1_299' title='bbox 2544 3421 2810 3500; x_wconf 87' lang='lat' dir='ltr'><strong>Prioris,</strong></span> 
     </span>
     <span class='ocr_line' id='line_1_36' title="bbox 507 3503 2815 3595; baseline -0 -22"><span class='ocrx_word' id='word_1_300' title='bbox 507 3510 710 3594; x_wconf 79' lang='lat' dir='ltr'><strong>longa</strong></span> <span class='ocrx_word' id='word_1_301' title='bbox 751 3526 1010 3574; x_wconf 84' lang='lat' dir='ltr'><strong>carecta·</strong></span> <span class='ocrx_word' id='word_1_302' title='bbox 1040 3507 1278 3574; x_wconf 86' lang='lat' dir='ltr'><strong>Prioris</strong></span> <span class='ocrx_word' id='word_1_303' title='bbox 1310 3530 1457 3573; x_wconf 86' lang='lat' dir='ltr'><strong>cum</strong></span> <span class='ocrx_word' id='word_1_304' title='bbox 1487 3507 1665 3595; x_wconf 83' lang='lat' dir='ltr'><strong>equis</strong></span> <span class='ocrx_word' id='word_1_305' title='bbox 1694 3521 1762 3573; x_wconf 92' lang='lat' dir='ltr'><strong>et</strong></span> <span class='ocrx_word' id='word_1_306' title='bbox 1793 3521 2127 3594; x_wconf 81' lang='lat' dir='ltr'><strong>apparatu,</strong></span> <span class='ocrx_word' id='word_1_307' title='bbox 2162 3509 2407 3594; x_wconf 85' lang='lat' dir='ltr'><strong>capella</strong></span> <span class='ocrx_word' id='word_1_308' title='bbox 2444 3503 2682 3573; x_wconf 76' lang='lat' dir='ltr'><strong>Prioris</strong></span> <span class='ocrx_word' id='word_1_309' title='bbox 2712 3509 2815 3572; x_wconf 79' lang='lat' dir='ltr'><strong>in-</strong></span> 
     </span>
     <span class='ocr_line' id='line_1_37' title="bbox 513 3595 2821 3684; baseline -0.001 -23"><span class='ocrx_word' id='word_1_310' title='bbox 513 3611 720 3684; x_wconf 85' lang='lat' dir='ltr'><strong>tegra,</strong></span> <span class='ocrx_word' id='word_1_311' title='bbox 770 3616 922 3661; x_wconf 84' lang='lat' dir='ltr'><strong>vasa</strong></span> <span class='ocrx_word' id='word_1_312' title='bbox 959 3608 1279 3679; x_wconf 86' lang='lat' dir='ltr'><strong>argentea,</strong></span> <span class='ocrx_word' id='word_1_313' title='bbox 1327 3615 1582 3681; x_wconf 82' lang='lat' dir='ltr'><strong>mappae</strong></span> <span class='ocrx_word' id='word_1_314' title='bbox 1612 3595 1944 3673; x_wconf 69' lang='lat' dir='ltr'><strong>mensales,</strong></span> <span class='ocrx_word' id='word_1_315' title='bbox 1975 3595 2391 3672; x_wconf 84' lang='lat' dir='ltr'><strong>lectisternia,</strong></span> <span class='ocrx_word' id='word_1_316' title='bbox 2422 3617 2571 3660; x_wconf 87' lang='lat' dir='ltr'><strong>cum</strong></span> <span class='ocrx_word' id='word_1_317' title='bbox 2602 3596 2821 3660; x_wconf 88' lang='lat' dir='ltr'><strong>omni--</strong></span> 
     </span>
     <span class='ocr_line' id='line_1_38' title="bbox 509 3681 2815 3769; baseline -0.002 -19"><span class='ocrx_word' id='word_1_318' title='bbox 509 3684 636 3750; x_wconf 82' lang='lat' dir='ltr'><strong>bus</strong></span> <span class='ocrx_word' id='word_1_319' title='bbox 687 3682 1064 3748; x_wconf 78' lang='lat' dir='ltr'><strong>utensilibus</strong></span> <span class='ocrx_word' id='word_1_320' title='bbox 1116 3681 1366 3749; x_wconf 89' lang='lat' dir='ltr'><strong>domus.</strong></span> <span class='ocrx_word' id='word_1_321' title='bbox 1465 3683 1543 3747; x_wconf 90' lang='lat' dir='ltr'><strong>ln</strong></span> <span class='ocrx_word' id='word_1_322' title='bbox 1590 3704 1787 3767; x_wconf 90' lang='lat' dir='ltr'><strong>parco</strong></span> <span class='ocrx_word' id='word_1_323' title='bbox 1832 3682 2027 3748; x_wconf 88' lang='lat' dir='ltr'><strong>etiam</strong></span> <span class='ocrx_word' id='word_1_324' title='bbox 2078 3682 2357 3768; x_wconf 84' lang='lat' dir='ltr'><strong>praefato</strong></span> <span class='ocrx_word' id='word_1_325' title='bbox 2402 3694 2614 3769; x_wconf 82' lang='lat' dir='ltr'><strong>captae</strong></span> <span class='ocrx_word' id='word_1_326' title='bbox 2658 3695 2815 3746; x_wconf 85' lang='lat' dir='ltr'><strong>sunt</strong></span> 
     </span>
     <span class='ocr_line' id='line_1_39' title="bbox 507 3769 2813 3857; baseline -0 -23"><span class='ocrx_word' id='word_1_327' title='bbox 507 3769 852 3855; x_wconf 81' lang='lat' dir='ltr'><strong>sexaginta</strong></span> <span class='ocrx_word' id='word_1_328' title='bbox 876 3792 1086 3857; x_wconf 83' lang='lat' dir='ltr'><strong>equoe,</strong></span> <span class='ocrx_word' id='word_1_329' title='bbox 1119 3782 1186 3834; x_wconf 89' lang='lat' dir='ltr'><strong>et</strong></span> <span class='ocrx_word' id='word_1_330' title='bbox 1215 3781 1479 3834; x_wconf 83' lang='lat' dir='ltr'><strong>centum</strong></span> <span class='ocrx_word' id='word_1_331' title='bbox 1509 3769 1883 3854; x_wconf 85' lang='lat' dir='ltr'><strong>octuaginta</strong></span> <span class='ocrx_word' id='word_1_332' title='bbox 1908 3791 2127 3834; x_wconf 83' lang='lat' dir='ltr'><strong>vaccae</strong></span> <span class='ocrx_word' id='word_1_333' title='bbox 2154 3790 2301 3833; x_wconf 86' lang='lat' dir='ltr'><strong>eum</strong></span> <span class='ocrx_word' id='word_1_334' title='bbox 2334 3770 2592 3856; x_wconf 87' lang='lat' dir='ltr'><strong>sequela</strong></span> <span class='ocrx_word' id='word_1_335' title='bbox 2614 3769 2813 3833; x_wconf 90' lang='lat' dir='ltr'><strong>trium</strong></span> 
     </span>
     <span class='ocr_line' id='line_1_40' title="bbox 511 3856 2813 3935; baseline -0.002 -12"><span class='ocrx_word' id='word_1_336' title='bbox 511 3877 852 3935; x_wconf 88' lang='lat' dir='ltr'><strong>annorum,</strong></span> <span class='ocrx_word' id='word_1_337' title='bbox 885 3872 955 3924; x_wconf 81' lang='lat' dir='ltr'><strong>et</strong></span> <span class='ocrx_word' id='word_1_338' title='bbox 982 3856 1377 3922; x_wconf 84' lang='lat' dir='ltr'><strong>deteriorata</strong></span> <span class='ocrx_word' id='word_1_339' title='bbox 1402 3871 1502 3922; x_wconf 82' lang='lat' dir='ltr'><strong>est</strong></span> <span class='ocrx_word' id='word_1_340' title='bbox 1532 3857 1767 3922; x_wconf 77' lang='lat' dir='ltr'><strong>domus</strong></span> <span class='ocrx_word' id='word_1_341' title='bbox 1788 3857 1856 3921; x_wconf 90' lang='lat' dir='ltr'><strong>in</strong></span> <span class='ocrx_word' id='word_1_342' title='bbox 1879 3856 2103 3921; x_wconf 83' lang='lat' dir='ltr'><strong>multis·</strong></span> <span class='ocrx_word' id='word_1_343' title='bbox 2210 3877 2243 3918; x_wconf 90' lang='lat' dir='ltr'><strong>r</strong></span> <span class='ocrx_word' id='word_1_344' title='bbox 2266 3877 2397 3924; x_wconf 73' lang='lat' dir='ltr'><strong>eoa.</strong></span> <span class='ocrx_word' id='word_1_345' title='bbox 2480 3857 2813 3921; x_wconf 84' lang='lat' dir='ltr'><strong>Robertus</strong></span> 
     </span>
     <span class='ocr_line' id='line_1_41' title="bbox 513 3942 2814 4033; baseline -0.003 -21"><span class='ocrx_word' id='word_1_346' title='bbox 513 3945 698 4012; x_wconf 80' lang='lat' dir='ltr'><strong>Brws</strong></span> <span class='ocrx_word' id='word_1_347' title='bbox 727 3958 881 4010; x_wconf 87' lang='lat' dir='ltr'><strong>tunc</strong></span> <span class='ocrx_word' id='word_1_348' title='bbox 893 3945 1102 4033; x_wconf 87' lang='lat' dir='ltr'><strong>jacuit</strong></span> <span class='ocrx_word' id='word_1_349' title='bbox 1130 3943 1304 4029; x_wconf 85' lang='lat' dir='ltr'><strong>apud</strong></span> <span class='ocrx_word' id='word_1_350' title='bbox 1333 3944 1672 4020; x_wconf 79' lang='lat' dir='ltr'><strong>cestriam,</strong></span> <span class='ocrx_word' id='word_1_351' title='bbox 1708 3957 1774 4008; x_wconf 89' lang='lat' dir='ltr'><strong>et</strong></span> <span class='ocrx_word' id='word_1_352' title='bbox 1802 3943 2085 4009; x_wconf 84' lang='lat' dir='ltr'><strong>Jacobus</strong></span> <span class='ocrx_word' id='word_1_353' title='bbox 2230 3942 2375 4027; x_wconf 85' lang='lat' dir='ltr'><strong>glas</strong></span> <span class='ocrx_word' id='word_1_354' title='bbox 2399 3942 2814 4028; x_wconf 87' lang='lat' dir='ltr'><strong>depraedatus</strong></span> 
     </span>
     <span class='ocr_line' id='line_1_42' title="bbox 509 4030 2811 4132; baseline -0.002 -33"><span class='ocrx_word' id='word_1_355' title='bbox 509 4047 612 4099; x_wconf 85' lang='lat' dir='ltr'><strong>est</strong></span> <span class='ocrx_word' id='word_1_356' title='bbox 663 4031 985 4119; x_wconf 74' lang='lat' dir='ltr'><strong>Hertilpol</strong></span> <span class='ocrx_word' id='word_1_357' title='bbox 1039 4044 1108 4097; x_wconf 90' lang='lat' dir='ltr'><strong>et</strong></span> <span class='ocrx_word' id='word_1_358' title='bbox 1156 4043 1358 4096; x_wconf 77' lang='lat' dir='ltr'><strong>totam</strong></span> <span class='ocrx_word' id='word_1_359' title='bbox 1411 4030 1790 4096; x_wconf 83' lang='lat' dir='ltr'><strong>orientalem</strong></span> <span class='ocrx_word' id='word_1_360' title='bbox 1842 4031 2101 4132; x_wconf 80' lang='lat' dir='ltr'><strong>plagam</strong></span> <span class='ocrx_word' id='word_1_361' title='bbox 2148 4032 2572 4115; x_wconf 84' lang='lat' dir='ltr'><strong>episcopatus.</strong></span> <span class='ocrx_word' id='word_1_362' title='bbox 2702 4030 2811 4110; x_wconf 80' lang='lat' dir='ltr'><strong>Et,</strong></span> 
     </span>
     <span class='ocr_line' id='line_1_43' title="bbox 507 4117 2816 4206; baseline -0.001 -22"><span class='ocrx_word' id='word_1_363' title='bbox 507 4117 786 4206; x_wconf 81' lang='lat' dir='ltr'><strong>peractis</strong></span> <span class='ocrx_word' id='word_1_364' title='bbox 815 4119 1032 4185; x_wconf 84' lang='lat' dir='ltr'><strong>multis</strong></span> <span class='ocrx_word' id='word_1_365' title='bbox 1060 4118 1266 4198; x_wconf 82' lang='lat' dir='ltr'><strong>malis,</strong></span> <span class='ocrx_word' id='word_1_366' title='bbox 1299 4118 1614 4184; x_wconf 81' lang='lat' dir='ltr'><strong>concessis</strong></span> <span class='ocrx_word' id='word_1_367' title='bbox 1652 4133 1897 4204; x_wconf 73' lang='lat' dir='ltr'><strong>treugis</strong></span> <span class='ocrx_word' id='word_1_368' title='bbox 1938 4117 2061 4181; x_wconf 79' lang='lat' dir='ltr'><strong>illis</strong></span> <span class='ocrx_word' id='word_1_369' title='bbox 2090 4117 2174 4182; x_wconf 92' lang='lat' dir='ltr'><strong>de</strong></span> <span class='ocrx_word' id='word_1_370' title='bbox 2202 4117 2574 4202; x_wconf 82' lang='lat' dir='ltr'><strong>episcopatu</strong></span> <span class='ocrx_word' id='word_1_371' title='bbox 2606 4139 2816 4204; x_wconf 87' lang='lat' dir='ltr'><strong>usqne</strong></span> 
     </span>
     <span class='ocr_line' id='line_1_44' title="bbox 510 4204 2817 4292; baseline -0.002 -21"><span class='ocrx_word' id='word_1_372' title='bbox 510 4207 594 4271; x_wconf 88' lang='lat' dir='ltr'><strong>ad</strong></span> <span class='ocrx_word' id='word_1_373' title='bbox 639 4206 854 4272; x_wconf 87' lang='lat' dir='ltr'><strong>natale</strong></span> <span class='ocrx_word' id='word_1_374' title='bbox 903 4205 1172 4272; x_wconf 87' lang='lat' dir='ltr'><strong>Domini</strong></span> <span class='ocrx_word' id='word_1_375' title='bbox 1219 4227 1346 4292; x_wconf 87' lang='lat' dir='ltr'><strong>pro</strong></span> <span class='ocrx_word' id='word_1_376' title='bbox 1397 4205 1781 4289; x_wconf 86' lang='lat' dir='ltr'><strong>octingentis</strong></span> <span class='ocrx_word' id='word_1_377' title='bbox 1824 4204 2075 4282; x_wconf 76' lang='lat' dir='ltr'><strong>nim-eis,</strong></span> <span class='ocrx_word' id='word_1_378' title='bbox 2118 4204 2453 4270; x_wconf 86' lang='lat' dir='ltr'><strong>redierunt</strong></span> <span class='ocrx_word' id='word_1_379' title='bbox 2488 4204 2695 4270; x_wconf 81' lang='lat' dir='ltr'><strong>Scotti</strong></span> <span class='ocrx_word' id='word_1_380' title='bbox 2726 4206 2817 4268; x_wconf 75' lang='lat' dir='ltr'><strong>ad·</strong></span> 
     </span>
     <span class='ocr_line' id='line_1_45' title="bbox 511 4288 2817 4384; baseline -0.001 -26"><span class='ocrx_word' id='word_1_381' title='bbox 511 4305 728 4378; x_wconf 82' lang='lat' dir='ltr'><strong>partes</strong></span> <span class='ocrx_word' id='word_1_382' title='bbox 775 4296 985 4362; x_wconf 52' lang='lat' dir='ltr'><strong>suas?</strong></span> <span class='ocrx_word' id='word_1_383' title='bbox 1082 4293 1350 4384; x_wconf 86' lang='lat' dir='ltr'><strong>Plagam</strong></span> <span class='ocrx_word' id='word_1_384' title='bbox 1394 4293 1563 4358; x_wconf 86' lang='lat' dir='ltr'><strong>hanc</strong></span> <span class='ocrx_word' id='word_1_385' title='bbox 1610 4292 1904 4378; x_wconf 87' lang='lat' dir='ltr'><strong>insequta</strong></span> <span class='ocrx_word' id='word_1_386' title='bbox 1946 4305 2043 4358; x_wconf 91' lang='lat' dir='ltr'><strong>est</strong></span> <span class='ocrx_word' id='word_1_387' title='bbox 2094 4288 2240 4372; x_wconf 84' lang='lat' dir='ltr'><strong>alia,</strong></span> <span class='ocrx_word' id='word_1_388' title='bbox 2294 4291 2361 4357; x_wconf 89' lang='lat' dir='ltr'><strong>in</strong></span> <span class='ocrx_word' id='word_1_389' title='bbox 2392 4291 2817 4358; x_wconf 82' lang='lat' dir='ltr'><strong>translatione</strong></span> 
     </span>
    </p>
   </div>
   <div class='ocr_carea' id='block_1_4' title="bbox 1283 4465 1968 4523">
    <p class='ocr_par' dir='ltr' id='par_1_4' title="bbox 1283 4465 1968 4523">
     <span class='ocr_line' id='line_1_46' title="bbox 1283 4465 1968 4523; baseline -0.003 -1"><span class='ocrx_word' id='word_1_390' title='bbox 1283 4473 1306 4502; x_wconf 76' lang='lat'><em>*</em></span> <span class='ocrx_word' id='word_1_391' title='bbox 1343 4470 1668 4523; x_wconf 64' lang='lat' dir='ltr'><strong>Arrumx.</strong></span> <span class='ocrx_word' id='word_1_392' title='bbox 1689 4465 1793 4520; x_wconf 85' lang='lat' dir='ltr'><strong>No.</strong></span> <span class='ocrx_word' id='word_1_393' title='bbox 1815 4483 1968 4522; x_wconf 78' lang='lat' dir='ltr'><strong>xcxv.</strong></span> 
     </span>
    </p>
   </div>
  </div>
 </body>
</html>
