3000 5117
45 1448 50 1579 l

45 1684 52 1861 l

848 454 1266 519 ArPnme.
1299 446 1482 515 aim.
1522 465 1863 515 mcccct„
2210 440 2541 517 cccxxvii

233 622 528 706 tionibus,
562 624 1022 693 donationibus
1045 641 1112 691 et
1135 624 1673 704 concessionibus,
1700 624 1889 690 clarae
1915 624 2241 689 memoriae
2269 625 2533 710 Edgari,

233 714 461 792 David,
524 714 910 792 Alexandri,
963 714 1331 791 willielmi,
1387 713 1661 777 Roberti
1712 734 1787 777 ac
1846 713 2111 777 Roberti
2165 728 2232 776 et
2278 713 2527 791 Jacobi,

229 803 462 867 Scotiae
513 802 804 887 Regum,
847 817 918 868 et
955 801 1149 866 etiam
1181 801 1578 865 diversorum
1616 798 1941 865 Comitum
1976 800 2058 863 de
2093 798 2387 878 Dunbar,
2418 804 2531 887 qui

225 889 468 953 fuerant
529 911 656 973 pro
717 902 1028 975 tempore,
1091 886 1476 963 Prioratum,
1532 886 1781 951 Cellam
1836 884 1972 951 sive
2020 889 2415 952 mansionem
2464 902 2533 953 et
2622 958 2631 964 ,

227 974 567 1041 Batoniam
622 974 710 1041 de
764 974 1218 1064 coldingham,
1271 976 1486 1041 Sancti
1550 974 1831 1038 Andreas
1876 974 2228 1051 dioceseos,
2274 996 2530 1039 necnon

223 1060 464 1127 diversa
509 1062 969 1147 possessiones,
1002 1080 1226 1139 terras,
1259 1060 1577 1138 ecclesias,
1612 1076 1680 1125 et
1710 1060 2003 1146 capellas,
2037 1082 2113 1125 ac
2144 1061 2524 1138 mansiones,

225 1164 592 1215 tenementa
641 1163 710 1215 et
763 1146 1150 1225 molendina,
1197 1170 1342 1213 cum
1391 1147 1676 1234 plenaria
1726 1162 1791 1212 et
1822 1147 2197 1212 omnimoda
2226 1148 2527 1233 jurisdic-

223 1237 388 1301 tione
417 1250 486 1301 et
515 1236 901 1302 cohertione
926 1235 1402 1319 temporalibuS,
1434 1256 1581 1298 cum
1596 1236 1746 1319 jure
1776 1248 2174 1319 patronatuS,
2208 1257 2283 1299 ac
2312 1236 2527 1321 capel-

223 1323 314 1401 lis,
359 1338 430 1389 et
473 1323 620 1388 aliis
651 1322 780 1387 suis
809 1322 1219 1409 pertinenciis
1249 1320 1426 1387 dicto
1461 1321 1783 1386 Prion-atui
1814 1323 2015 1385 sancti
2050 1321 2417 1400 Cutbberti,
2450 1345 2526 1387 ac

223 1408 377 1473 illius
416 1407 656 1487 Priori,
681 1424 750 1475 et
765 1410 1057 1509 personis
1081 1430 1198 1509 pro
1223 1423 1511 1493 tempore
1534 1408 1980 1485 existentibus,
2005 1408 2269 1472 diversis
2294 1408 2524 1487 modis,

223 1496 616 1585 diversisque
666 1496 910 1561 vicibus
955 1495 1161 1573 factis,
1214 1496 1297 1561 ab
1345 1494 1690 1560 earundem
1726 1494 2141 1579 largicionum
2173 1508 2239 1560 et
2268 1518 2528 1560 conces-

221 1585 466 1647 sionum
512 1584 922 1669 temporibus
967 1585 1186 1661 etiam,
1231 1582 1315 1648 de
1362 1582 1595 1669 quibus
1646 1582 1957 1647 memoria
2002 1604 2127 1645 non
2175 1582 2527 1647 resultabat

223 1690 332 1735 nec
373 1671 654 1736 extabat
699 1670 882 1749 citra,
930 1670 1235 1735 continuo
1280 1692 1354 1735 ac
1385 1671 1521 1733 sine
1552 1667 2058 1733 contradictione
2089 1665 2301 1756 aliqua
2330 1670 2527 1733 etiam

220 1756 454 1843 absque
482 1756 859 1842 provisione
891 1758 991 1821 vel
1021 1756 1422 1832 commenda,
1456 1769 1569 1821 aut
1600 1754 1869 1839 alicujus
1899 1755 2158 1819 alterius
2192 1755 2357 1820 tituli
2389 1758 2523 1821 sive

213 1843 364 1926 juris
407 1844 745 1930 suffragio,
789 1843 978 1909 alicui
1007 1840 1192 1907 alteri
1225 1864 1516 1929 personae
1548 1842 1879 1927 acquisito,
1914 1840 2179 1927 pacifice
2209 1856 2274 1906 et
2306 1844 2525 1930 quiete

225 1932 658 2014 possederant,
691 1944 887 2015 prout
917 1945 1071 1995 tuuc
1096 1930 1404 1995 tenebant
1425 1942 1493 1995 et
1516 1926 1925 2013 possidebant
1952 1950 1969 2003 ;
2002 1944 2069 1992 et
2098 1948 2243 2015 quae
2266 1926 2527 2017 quidem

225 2016 618 2101 largitione&
672 2017 1065 2094 donationeS‚
1119 2032 1188 2082 et
1237 2018 1701 2091 concessioneS,
1749 2038 1824 2081 ac
1856 2016 2091 2081 exinde
2121 2032 2361 2095 secuta,
2397 2032 2527 2083 tam

225 2126 334 2187 per
391 2104 732 2171 Romanos
781 2103 1130 2169 Pontifices
1175 2126 1364 2191 quam
1408 2104 1698 2167 locorum
1746 2102 2147 2179 Ordinarios,
2192 2103 2299 2188 qui
2332 2104 2526 2170 etiam

225 2190 470 2257 fuerant
515 2215 644 2277 pro
696 2205 1010 2277 tempore,
1057 2189 1431 2257 successivis
1463 2190 1860 2275 temporibus
1892 2190 2247 2273 approbata
2275 2206 2339 2255 et
2373 2214 2533 2255 con·

227 2278 474 2343 firmata
505 2277 880 2356 extiterant,
911 2292 1105 2363 prout
1133 2277 1198 2341 in
1229 2276 1490 2342 dlversis
1519 2276 1899 2341 auctenticis
1924 2275 2151 2341 litteris
2174 2278 2528 2343 eorundem

231 2364 480 2449 Regum
525 2381 598 2429 et
649 2364 976 2429 Comitum
1029 2364 1248 2455 sigillis
1301 2363 1583 2441 munitiS,
1617 2362 1749 2427 sive
1790 2363 2225 2428 instrumentis
2256 2364 2527 2449 publicis

225 2450 366 2515 inde
396 2451 734 2529 confectis,
760 2465 827 2517 et
857 2465 1130 2539 quorum
1161 2450 1394 2539 aliqua,
1422 2450 1555 2515 sive
1577 2450 1903 2527 effectum,
1933 2450 2312 2515 venerabilis
2334 2452 2531 2516 frater

225 2552 434 2603 noster
477 2539 766 2605 Jacobus
799 2539 1154 2623 Episcopus
1192 2536 1412 2603 Sancti
1446 2538 1747 2615 Andreae,
1781 2536 1865 2601 ad
1896 2537 2266 2601 instanciam
2300 2560 2532 2603 eorun-

224 2622 362 2689 dem
411 2625 657 2691 Prioris
701 2639 768 2690 et
801 2626 1196 2703 ConventuS,
1231 2620 1558 2702 transumi,
1592 2638 1660 2688 et
1693 2625 1759 2688 iu
1791 2622 1997 2689 forma
2025 2620 2261 2710 publici
2294 2625 2529 2690 instru-

225 2711 420 2776 menti
451 2734 572 2797 per
613 2710 872 2777 modum
897 2708 1284 2797 'transumpti
1317 2710 1459 2775 fieri
1491 2710 1823 2799 redigique
1852 2710 2095 2775 fecerat
2122 2724 2186 2776 at
2239 2735 2316 2777 ue
2347 2734 2525 2777 man-

225 2797 506 2877 daverat,
565 2798 818 2883 plenius
866 2799 1182 2886 latiusque
1229 2798 1725 2873 continebatur-3
1778 2819 1854 2861 ac
1890 2798 2094 2863 eciam
2124 2734 2329 2864 eidem
2363 2821 2523 2885 prae-

225 2886 540 2951 decessori
585 2886 968 2971 supplicam,
1016 2898 1088 2950 ut
1134 2884 1596 2970 largitionibus,
1646 2884 2121 2963 donationibus,
2166 2900 2234 2951 et
2262 2906 2529 2951 conces-

223 2970 505 3037 sionibus
551 2971 952 3057 supradictis,
999 2971 1264 3059 aliisque
1309 2973 1374 3035 in
1425 2971 1652 3036 litteris
1684 2970 1817 3036 sive
1848 2971 2279 3036 instrumentis
2311 2972 2525 3057 hujus-

225 3058 392 3123 modi
451 3060 796 3137 contentis,
855 3060 1054 3123 robur
1113 3057 1484 3144 apostolicae
1546 3057 2050 3123 confirmationis
2102 3058 2377 3142 adJicere
2438 3060 2523 3124 d'e

222 3142 365 3209 beni
417 3148 624 3211 nitate
651 3145 1004 3230 apostolica
1025 3145 1441 3229 dignaretur3
1481 3144 1663 3209 Idem
1688 3143 2135 3230 praedecessor,
2162 3142 2526 3230 hujusmodi

224 3170 800 3317 supp‘iicacionibus
849 3232 1208 3309 inclinatus,
1259 3230 1647 3317 largitiones„
1698 3232 2097 3309 donatione&
2152 3246 2216 3296 ct
2268 3254 2528 3297 conces-

223 3316 430 3384 siones
479 3318 838 3405 praedictas,
890 3317 1234 3406 omniaque
1280 3332 1348 3383 et
1397 3317 1651 3406 singula
1696 3320 1761 3383 in
1794 3317 1979 3383 dictis
2010 3314 2238 3383 litteris
2266 3318 2398 3383 sive
2430 3319 2527 3382 in·

224 3406 590 3470 strumentis
623 3419 950 3482 contenta,
997 3428 1074 3469 ae
1105 3427 1529 3493 quaecumque
1558 3404 1709 3469 inde
1738 3418 1985 3484 secuta,
2014 3420 2155 3471 rata
2182 3406 2422 3471 habens
2455 3422 2524 3471 et

221 3505 422 3577 grata,
476 3490 588 3557 illa
632 3492 1014 3558 auctoritate
1061 3515 1100 3556 a
1145 3492 1414 3557 ostolica
1452 3505 1521 3555 et
1552 3515 1636 3556 ex
1664 3492 1759 3555 sui
1792 3506 1969 3557 certa
1997 3490 2262 3558 scientia
2290 3494 2527 3559 confir-

225 3578 438 3657 mavit,
485 3593 555 3644 et
597 3600 854 3643 suarum
883 3578 1073 3644 etiam
1102 3515 1482 3655 iitterarum,
1520 3578 1581 3642 in
1612 3578 1840 3666 quibus
1867 3593 2329 3666 transumptum
2365 3582 2523 3647 dicti

229 3664 550 3752 Episcopi,
603 3664 884 3749 Regum,
913 3678 982 3730 et
1011 3664 1282 3729 aliorum
1315 3663 1795 3751 praedictorum,
1830 3664 2073 3732 litteras
2104 3668 2168 3731 in
2218 3692 2286 3733 se
2316 3670 2525 3733 conti-

225 3771 380 3817 nens
429 3752 626 3817 etiam
677 3774 826 3817 cum
880 3752 1118 3818 eisdem
1166 3748 1398 3817 litteris
1428 3752 1620 3817 inseri
1650 3752 1826 3831 fecit,
1858 3756 2301 3838 communivit,
2332 3770 2531 3838 prout

225 3834 286 3900 in
307 3839 550 3903 eisdem
579 3838 734 3905 dicti
765 3838 1254 3925 praedecessoris
1283 3838 1515 3904 litteris
1545 3839 1792 3925 plenius
1822 3839 2205 3904 continetur.
2304 3840 2529 3913 Quare

223 3945 336 4007 pro
365 3939 552 4009 parte
580 3926 796 3991 dilecti
827 3925 942 3990 filii
982 3926 1318 4004 Willielmi,
1352 3924 1643 3991 moderni
1674 3924 1831 3991 dicti
1864 3924 2228 3990 monasterii
2264 3925 2524 4002 Prioris,

223 4026 287 4075 et
335 4012 656 4078 dictorum
714 4012 1110 4089 Conventus,
1167 4012 1350 4076 uobis
1404 4012 1523 4077 fuit
1574 4010 1895 4076 humiliter
1947 4010 2390 4095 supplicatum,
2449 4024 2522 4077 ut

221 4095 446 4163 litteris
499 4098 980 4185 praedecessoris
1025 4112 1094 4163 et
1139 4112 1539 4183 transumpto
1572 4098 1894 4183 Episcopi,
1930 4121 2003 4161 ac
2034 4098 2170 4161 aliis
2200 4097 2521 4182 praedictis
2616 4108 2635 4121 ·

223 4204 338 4267 pro
372 4208 598 4251 eorum
645 4184 1052 4251 subsistentia
1079 4184 1342 4251 firmiori
1389 4186 1587 4250 robur
1616 4184 1987 4269 apostolicoe
2019 4185 2529 4249 confirmationis

223 4271 412 4336 etiam
467 4272 768 4355 adjicere,
815 4295 892 4335 ac
921 4272 1074 4337 alias
1104 4295 1296 4358 super
1322 4271 1444 4336 hiis
1475 4288 1793 4357 oportune
1824 4272 2159 4357 providere
2184 4272 2266 4335 de
2296 4273 2523 4359 benig-

225 4357 418 4421 nitate
451 4358 803 4444 apostolicn
831 4358 1245 4443 dignaremur
1272 4384 1286 4423 :
1323 4382 1436 4423 uos
1467 4358 1664 4444 igitur
1696 4358 1939 4422 litteras
1960 4381 2035 4423 ac
2060 4354 2525 4443 transumptum

225 4442 604 4529 hujusmodi,
641 4467 786 4532 quae
817 4460 1084 4532 propter
1115 4447 1236 4513 hoc
1269 4444 1609 4533 diligenter
1638 4444 1863 4532 inspici
1894 4458 1959 4510 et
1991 4446 2339 4515 examinari
2371 4444 2525 4512 seci-
