3000 5117
527 380 876 455 cccxxxvi
991 404 1198 457 msr.
1239 402 1601 455 nummu.
1644 403 2109 455 semproass
2144 405 2355 457 Tuas.

527 565 738 630 dimus
793 563 1174 649 graciosum.
1271 562 1541 630 Necnon
1585 563 2035 629 convencionis
2078 566 2351 632 formam
2396 588 2591 655 quam
2622 569 2839 637 dictus

527 652 856 717 confrater
897 664 1118 717 noster
1145 651 1473 718 vobiscum
1505 650 1972 737 appunctuavit
2000 652 2082 716 de
2112 653 2297 717 terris
2330 656 2560 719 nostris
2586 654 2653 720 in
2686 658 2841 724 villa

525 738 610 804 de
638 738 932 805 Threske
961 752 1292 823 gratanter
1319 737 1689 823 accipimus,
1719 754 1785 803 et
1813 761 1856 803 a
1882 738 2065 803 vobis
2094 739 2231 805 fieri
2253 741 2675 824 postulamus,
2752 745 2838 811 Et

523 840 801 890 vestram
831 824 1216 891 carissimam
1259 824 1615 891 amiciciam
1646 847 1794 893 cum
1840 824 2085 889 honore
2133 826 2408 893 feliciter
2460 842 2531 893 et
2561 829 2839 917 longeve

523 912 760 1063 dir‘igat
789 910 855 977 in
883 912 1149 997 agendis
1191 913 1502 979 immensa
1530 910 1789 977 bonitas
1817 911 1975 976 Jesu
2014 910 2277 979 Christi.
2397 914 2677 1003 Scripta,
2726 928 2837 985 etc.

699 1462 908 1513 ccml.
980 1462 1214 1508 BULLA
1261 1461 1525 1506 caman
1572 1461 1767 1505 PAPAE
1810 1460 2050 1505 'rlmcu
2106 1462 2195 1507 ΒΕ
2258 1463 2654 1509 PoTEsTATn

697 1550 1148 1597 consulut-nm
1199 1548 1513 1594 umonsss
1561 1548 1863 1593 oanmsss
1898 1547 1983 1591 BT
2014 1548 2499 1596 Bnussulcssnm
2536 1552 2656 1597 Rc-

697 1638 1133 1683 CLESIASTICA
1165 1636 1619 1683 oRNAMRN'rA.

1375 1776 1546 1839 [cm.
1570 1774 1684 1827 111.
1712 1773 1747 1827 r.
1772 1778 1873 1827 200
1897 1777 1969 1844 u]

613 1923 895 1990 Calistus
923 1921 1296 2007 Episcopus,
1329 1940 1549 1985 servus
1580 1938 1905 1983 servorum
1940 1918 2092 1995 Dei,
2125 1914 2359 1981 dilecto
2390 1918 2525 1982 filio
2566 1918 2833 1987 williel-

519 2034 629 2079 mo
663 2009 869 2075 Priori
902 2007 1186 2073 ecclesiae
1222 2004 1695 2078 Dunelmensis,
1740 2004 1979 2068 ordinis
2010 2004 2213 2068 sancti
2249 2004 2610 2083 Benedicti,
2656 2008 2831 2073 salu-

517 2114 649 2167 tem
679 2110 748 2162 et
777 2096 1190 2181 apostolicam
1219 2091 1769 2157 benediccionem.
1887 2090 2102 2154 Sacrae
2134 2090 2477 2175 religionis,
2528 2094 2649 2156 sub
2700 2118 2833 2181 qua

513 2184 785 2254 ecclesia
832 2178 1290 2249 Dunelmensis
1337 2178 1577 2243 ordinis
1610 2178 1812 2242 sancti
1847 2176 2202 2255 Benedicti,
2236 2179 2528 2243 sedulum
2578 2180 2834 2266 impen-

513 2276 670 2340 dere
708 2268 1040 2338 Altissimo
1087 2264 1438 2331 dinoscitur
1489 2264 1889 2341 famulatum,
1921 2279 2327 2348 promeretur
2374 2264 2700 2345 honestae,
2758 2284 2831 2333 ut

515 2381 647 2425 non
693 2372 824 2423 tam
853 2355 993 2435 hiis,
1027 2375 1172 2455 quae
1203 2352 1397 2417 dictoe
1437 2351 1727 2417 ecclesiae
1756 2349 1957 2437 quieti
2002 2364 2070 2415 et
2117 2351 2589 2437 tranquillitati,
2622 2374 2829 2439 quam

511 2444 754 2523 decori,
785 2454 1142 2544 praesertnn
1173 2438 1256 2503 ad
1319 2438 1446 2504 Dei
1508 2438 1764 2502 laudem
1796 2450 1861 2501 et
1891 2436 2093 2501 divini
2138 2438 2345 2502 cultus
2397 2456 2827 2523 augmentum

515 2533 827 2609 tendenti,
871 2525 1288 2595 accommoda
1314 2524 1557 2590 censeri
1586 2522 2031 2609 conspicimus,
2080 2524 2427 2608 benignum
2456 2548 2589 2589 non
2632 2528 2829 2593 diffe-

513 2641 729 2685 ramus
781 2636 1108 2682 assensum
1159 2610 1494 2698 impertiri.
1617 2612 1807 2686 Cum,
1842 2609 2082 2697 itaque,
2116 2610 2282 2677 sicut
2311 2611 2605 2678 exhibita
2634 2616 2827 2679 nobis

513 2727 723 2793 nuper
752 2726 870 2789 pro
899 2714 1082 2788 parte
1129 2714 1240 2765 tua
1283 2699 1519 2785 peticio
1550 2696 1941 2774 continebat,
1974 2696 2332 2783 Episcopus
2359 2697 2826 2765 Dunelmensis

515 2816 635 2880 pro
684 2808 974 2875 tempore
1023 2786 1306 2852 existens
1363 2785 1539 2872 apud
1567 2784 1837 2850 eandem
1877 2784 2210 2849 ecclesiam
2254 2806 2481 2867 parum
2530 2786 2825 2853 residere

513 2891 842 2955 noscatur,
906 2874 1367 2961 contingatque
1440 2892 1881 2956 saepenumero
1941 2870 2122 2934 illum
2195 2870 2276 2935 ad
2324 2872 2821 2956 parliamentum

518 2966 730 3052 Regni
781 2962 1040 3051 Anglioe
1092 2959 1176 3025 ad
1224 2958 1729 3024 interessendum
1782 2956 2019 3021 ibidem
2064 2957 2341 3037 evocari,
2374 2970 2437 3021 et
2468 2974 2827 3045 propterea

514 3050 812 3119 monachi
836 3050 1028 3115 dIctoe
1058 3047 1346 3113 ecclesiae
1399 3066 1520 3131 pro
1566 3042 1960 3129 suscipendis
2001 3044 2085 3107 ab
2133 3044 2273 3129 ipso
2302 3043 2633 3111 ordinibus
2667 3070 2823 3113 eum

505 3138 847 3208 commode
904 3136 1082 3201 adire
1140 3155 1271 3198 non
1323 3130 1591 3218 possint,
1656 3130 1916 3217 ipseque
1998 3128 2355 3216 Episcopus
2428 3130 2514 3195 ad
2585 3133 2824 3200 bendi-

506 3226 785 3293 cendum
846 3223 912 3286 in
955 3220 1132 3287 dicta
1188 3220 1483 3297 ecclessa,
1539 3216 1808 3303 aliisque
1855 3216 2183 3294 ecclessiis,
2234 3238 2311 3283 ca
2358 3217 2495 3283 ellis
2548 3232 2615 3284 et
2656 3220 2822 3286 locis

506 3314 590 3380 ab
617 3336 696 3378 ea
725 3306 1258 3395 dependentibus,
1303 3304 1555 3380 calices,
1604 3304 1980 3389 corporalia,
2028 3303 2231 3383 pallas
2276 3325 2315 3370 a
2342 3304 2525 3383 taris,'
2570 3318 2640 3370 et
2688 3310 2824 3375 alia

504 3396 936 3467 ecclesiastica
975 3408 1370 3470 ornamenta,
1414 3391 1580 3455 sicut
1618 3390 1875 3455 deceret
1924 3406 1989 3455 et
2018 3406 2425 3478 congrueret,
2459 3392 2819 3479 aliquando

506 3506 736 3551 vacare
768 3503 893 3547 non
923 3480 1143 3565 possit,
1174 3499 1298 3562 pro
1330 3490 1516 3563 parte
1550 3492 1664 3541 tua
1709 3476 1893 3541 nobis
1944 3476 2067 3542 fuit
2118 3478 2444 3544 humiliter
2492 3481 2819 3565 supplica-

506 3586 666 3648 tum,
699 3581 770 3634 ut
800 3566 1070 3633 eandem
1109 3564 1460 3642 ecclesiam,
1502 3587 1652 3651 quae
1680 3564 1849 3629 inter
1877 3563 2029 3628 alias
2064 3564 2277 3649 Regni
2308 3568 2645 3631 memorati
2682 3570 2815 3633 Ca·

503 3656 827 3726 thedrales
849 3650 1240 3719 honorabilis
1269 3652 1352 3716 ad
1385 3652 1647 3715 modum
1680 3675 1755 3717 ac
1786 3650 2045 3735 insignis
2068 3663 2134 3716 et
2154 3652 2399 3718 famosa
2424 3653 2665 3731 existit,
2696 3678 2817 3719 cu-

489 3750 730 3835 jusque
764 3742 951 3807 Prior
979 3762 1097 3826 pro
1127 3752 1419 3824 tempore
1449 3740 1755 3817 existens,
1787 3751 1983 3825 prout
2001 3738 2221 3803 coeteri
2251 3739 2485 3803 similes
2514 3740 2813 3824 ejusdem

513 3831 728 3923 Regni
778 3830 1056 3906 PrioreS,
1106 3828 1297 3891 mitra
1338 3838 1406 3889 et
1449 3825 1681 3889 baculo
1711 3825 2015 3910 pastorali
2045 3846 2132 3889 ex
2176 3826 2589 3893 concessione
2618 3850 2817 3913 apos-

501 3922 697 3989 tolica
743 3917 836 3983 uti
883 3914 1255 3991 dinoscitur,
1304 3912 1678 3997 propensius
1732 3913 2053 3977 honorare
2106 3934 2181 3977 ac
2224 3936 2417 3999 super
2460 3914 2581 3979 hiis
2610 3937 2814 4001 opor-—

501 4024 661 4075 tune
735 4002 1073 4091 providere
1140 4002 1223 4067 de
1289 3999 1689 4087 benignitate
1748 3998 2101 4085 apostolica
2164 3999 2621 4085 dignaremur3
2684 4024 2815 4069 nos

501 4096 718 4183 igitur,
773 4093 920 4171 tuiS,
975 4112 1226 4157 necnon
1273 4086 1486 4152 dilecti
1537 4086 1648 4150 filii
1698 4086 2010 4152 ,lobannis
2060 4086 2206 4151 Lax
2254 4088 2466 4176 legum
2518 4089 2814 4155 doctoris

498 4178 825 4249 secretarii
869 4178 1072 4242 nostri
1113 4174 1287 4262 apud
1332 4196 1447 4238 nos
1493 4173 1821 4239 humiliter
1872 4173 2169 4238 instantis
2222 4175 2813 4261 supplicacionibus

503 4268 813 4340 inclinati,
849 4264 962 4329 tibi
995 4278 1062 4328 et
1092 4261 1558 4329 successoribus
1612 4260 1736 4325 tuis
1789 4282 1907 4346 pro
1956 4273 2247 4345 tempore
2300 4262 2629 4327 monachis
2658 4285 2815 4348 pre-

493 4357 646 4423 fatae
699 4352 984 4419 ecclesiae
1032 4350 1320 4415 ordinem
1369 4361 1791 4415 memoratum
1843 4370 2147 4433 expresse
2206 4349 2526 4433 professiS,
2574 4372 2809 4423 oinnes
