3000 5117
666 495 1072 550 sonemus
1126 495 1233 548 nr.-
1284 495 1803 550 onus-iussa.
2298 483 2401 554 48

93 663 404 748 pellarunt
453 683 582 749 pro
625 683 692 726 se
745 659 1200 726 Dunelmensis
1254 659 1623 725 Bertramus
1672 658 1859 724 Prior
1899 671 1967 724 et
2000 659 2397 740 Conventus,

97 751 374 816 dicentes
423 773 502 815 se
533 749 700 814 velle
729 747 1000 815 domino
1035 747 1545 830 Papaeinlicitis
1574 759 1643 812 et
1672 746 1958 812 honestis
1988 760 2053 812 et
2084 743 2175 812 eis
2202 749 2405 834 possi-

97 839 318 902 bilibus
349 837 656 914 obedire,
687 850 757 900 et
787 857 1044 922 semper
1071 835 1410 910 obedisse3
1452 833 1567 899 sed
1600 833 1963 920 spoliationi
1992 835 2403 900 ecclesiarum

100 948 372 1003 suarum,
429 923 784 1009 direptioni
831 924 1173 1001 bonorum,
1227 921 1623 987 subversioni
1674 921 2065 1000 libertatum,
2118 923 2405 989 subtrac-

103 1013 248 1078 tioni
278 1011 692 1090 victualium,
740 1025 1044 1099 tanquam
1077 1008 1585 1075 intolerabilibus
1613 1023 1675 1075 et
1709 1008 2195 1095 impossibilibus
2224 1010 2406 1076 dixe-

103 1115 238 1164 runt
263 1123 336 1164 se
366 1123 514 1164 non
545 1100 878 1174 assentire,
911 1097 1241 1162 indictioni
1275 1096 1599 1162 vilissimae
1626 1095 1951 1162 servitutis
1982 1095 2045 1160 in
2076 1098 2409 1164 ecclesiam

105 1185 357 1265 Christi,
411 1185 780 1272 gravissimi
857 1185 922 1249 in
977 1185 1153 1250 clero
1223 1182 1535 1262 scandali,
1595 1183 2030 1248 nefandissimi
2084 1185 2413 1270 obprobrii

105 1273 418 1353 crucifixi,
457 1285 800 1361 [tanquam
823 1271 1311 1338 irremediabilis
1333 1271 1786 1358 inperpetuum
1814 1271 2203 1336 incommodi
2228 1295 2413 1338 occa-

105 1362 314 1446 sioni],
365 1376 646 1450 paratos
686 1384 758 1426 se
800 1359 1240 1426 contradicere
1270 1375 1645 1437 asserentes,
1679 1371 1743 1424 et
1774 1358 1901 1424 hoc
1928 1360 2419 1460 quibuscunque

107 1452 528 1514 exactionum
575 1448 1038 1514 executoribus
1093 1453 1254 1530 [non
1298 1447 1436 1512 sine
1479 1445 1723 1512 doloris
1768 1447 2225 1528 amaritudine]
2272 1471 2419 1534 pro-

111 1537 416 1603 testando
443 1538 924 1603 denuntiantes.
993 1535 1220 1625 [Cum‚
1255 1533 1471 1636 igitur,
1505 1535 1817 1600 decimam
1850 1534 2421 1602 ecclesiasticorum

109 1639 546 1710 proventuum
592 1623 860 1688 domino
895 1623 1060 1709 Regi
1089 1622 1354 1708 Aughae
1403 1622 1472 1686 in
1499 1623 1849 1688 subsidium
1880 1643 2033 1707 pere
2080 1621 2421 1690 rinacionis

111 1736 238 1777 suae
280 1736 324 1778 a
374 1711 774 1800 quibusdam
835 1710 1100 1796 prelatis
1145 1709 1429 1798 Angliae,
1478 1709 1722 1794 majore
1783 1727 1963 1795 parte
2012 1733 2049 1774 c
2076 1711 2168 1776 eri
2221 1711 2425 1777 recla-

113 1815 346 1878 mante,
387 1822 506 1885 per
559 1797 914 1864 triennium
960 1819 1351 1875 concessam,
1398 1797 1608 1883 parati
1652 1811 1859 1862 essent
1890 1798 2161 1878 solvere,
2192 1811 2261 1866 et
2302 1822 2424 1886 pro

112 1887 358 1952 duobus
408 1885 600 1952 annis
645 1888 782 1972 jam
830 1884 1190 1963 solvissent]
1239 1899 1462 1950 contra
1508 1883 1849 1974 magistros
1895 1884 2297 1952 Rostandum
2356 1899 2425 1952 et

120 1975 192 2038 Β.
227 1978 706 2052 senonensem,
746 1974 857 2060 [ad
891 1973 1242 2038 indebitam
1273 1971 1615 2058 pecuniam
1646 1993 1764 2058 per
1794 1971 2021 2038 falsum
2050 1987 2426 2059 procurato—

113 2062 267 2126 rium
313 2061 780 2127 fraudulenter
822 2059 914 2126 eis
945 2059 1326 2146 impositam,
1405 2059 1745 2125 uibusdam
1777 2062 2253 2143 mercatoribus,
2286 2063 2427 2164 qui-

111 2151 222 2214 bus
253 2150 322 2215 in
357 2150 552 2214 nullo
583 2147 890 2212 dixerunt
931 2169 1000 2212 se
1032 2145 1260 2225 teneri,
1308 2082 1705 2226 sdlvendam,
1750 2168 1870 2232 per
1910 2169 2427 2216 excommunica-

114 2236 296 2302 tionis
327 2251 402 2302 et
433 2234 768 2302 interdicti
812 2239 970 2316 [ita]
1015 2257 1124 2298 eos
1183 2233 1571 2320 compellere
1631 2250 1859 2299 contra
1894 2235 2221 2320 justiciam
2265 2237 2428 2304 nite-

113 2325 372 2402 rentur]
416 2324 832 2410 praesentiam
865 2320 1108 2386 domini
1159 2320 1358 2408 Papoe
1403 2335 1470 2386 et
1526 2320 1965 2388 cardinalium
1996 2325 2423 2411 appellarunt,

114 2413 388 2477 sabbato
419 2434 558 2499 qno
587 2422 889 2475 cantatur
915 2411 1222 2486 sitientes,
1255 2431 1448 2486 anun,
1481 2423 1635 2488 etc„
1669 2429 1945 2478 Mccnvl.
2026 2415 2247 2491 Anno,
2280 2427 2426 2490 etc„

117 2519 472 2576 uccnvnt,
503 2519 650 2562 xvn
683 2497 811 2562 kal.
852 2495 1146 2584 Augusti,
1182 2496 1559 2562 Bertramus
1596 2495 1781 2562 Prior
1811 2519 1925 2582 per
1972 2497 2063 2562 H.
2120 2502 2433 2586 Supprio-

118 2609 249 2652 rem
297 2586 570 2671 rogavit
613 2597 1027 2663 conventum,
1083 2596 1158 2648 ut
1205 2583 1601 2648 concessioni
1645 2606 1781 2649 suae
1826 2598 2160 2668 annueret,
2218 2601 2285 2652 et
2343 2588 2427 2654 de

119 2675 308 2751 bonis
351 2671 732 2738 monasterii
778 2672 838 2737 ei
873 2670 1300 2756 provisionem
1333 2693 1683 2755 congruam
1712 2673 2089 2756 assignaret.
2164 2675 2428 2742 Vocatis

122 2785 274 2847 ergo
305 2761 495 2826 domi
531 2759 864 2826 Prioribus
898 2759 1226 2824 cellarum
1271 2773 1339 2822 et
1387 2758 1734 2843 majoribus
1780 2760 2061 2846 capituli,
2116 2761 2183 2826 in
2218 2763 2435 2849 vigilia

131 2849 610 2933 Assumptionis
640 2848 937 2932 exposita
980 2845 1317 2910 voluntate
1370 2845 1632 2924 PrioriS,
1679 2845 2003 2912 defectum
2044 2862 2111 2914 et
2141 2850 2433 2916 debilita-

123 2952 250 3000 tem
283 2936 524 3000 vit-ium
571 2933 996 3019 corporalium
1047 2933 1391 3018 allegante,
1438 2931 2016 3022 fatigationemque
2055 2936 2119 3000 in
2168 2937 2434 3004 diversis

127 3023 349 3088 officiis
396 3023 771 3087 monasterii
815 3043 930 3107 per
971 3040 1064 3084 111.
1114 3041 1338 3098 annos,
1369 3035 1438 3084 et
1481 3019 1549 3084 in
1586 3019 1882 3085 Prioratu
1928 3044 2041 3107 per
2085 3045 2223 3103 x1v,
2272 3046 2437 3110 prae-

127 3112 473 3189 tendente,
507 3110 679 3176 lecta
721 3121 819 3174 est
847 3107 1144 3194 quaedam
1174 3107 1354 3172 bulla
1381 3107 1645 3173 domino
1680 3108 2007 3194 Episcopo
2038 3111 2436 3177 Dunelmen-

129 3198 177 3261 si
207 3222 328 3284 per
356 3219 684 3263 summum
715 3195 1098 3261 Pontificem
1121 3195 1458 3274 destinata,
1485 3195 1841 3275 continens,
1863 3197 2039 3284 quod
2062 3197 2435 3284 Episcopus,

131 3287 412 3351 admissa
464 3283 751 3350 cessione
797 3282 1066 3360 Primis,
1094 3283 1465 3367 provideret
1493 3282 1703 3348 eidem
1736 3283 1820 3350 de
1854 3295 2171 3372 [congrua
2198 3292 2297 3368 et]
2325 3287 2441 3354 ho-

132 3391 316 3438 nesta
359 3371 835 3438 sustentatione
878 3370 961 3435 de
1005 3369 1190 3435 bonis
1225 3369 1557 3436 Prior-atus
1620 3377 1646 3452 [
1660 3372 1857 3455 juxta
1906 3371 2243 3438 facultates
2270 3375 2435 3461 ejus,

132 3462 346 3526 eidem
371 3460 638 3527 Bellum
673 3457 1020 3524 Redditum
1051 3456 1488 3546 assignando}
1586 3458 1737 3533 Qua
1763 3459 1939 3526 bulla
1966 3461 2133 3527 dixit
2162 3484 2233 3528 se
2256 3462 2441 3530 Prior

133 3549 308 3614 nolle
341 3548 448 3613 uti
471 3571 492 3623 3
540 3569 623 3612 ne
659 3545 1010 3632 Episcopus
1033 3558 1252 3610 nostra
1274 3543 1697 3624 discutiendo,
1720 3547 2054 3636 plusquam
2082 3562 2438 3635 oporteret,

133 3637 216 3702 de
239 3651 472 3701 nostro
492 3648 664 3700 statu
693 3645 1084 3722 agnosceret.
1175 3631 1361 3697 Missi
1392 3645 1541 3697 sunt
1571 3655 1729 3718 ergo
1752 3636 1883 3700 duo
1902 3636 2129 3702 fratres
2148 3636 2231 3702 ad
2259 3638 2445 3724 Epis-

135 3747 400 3810 copum,
453 3723 674 3788 literas
703 3743 894 3807 super
923 3723 1207 3785 cessione
1243 3719 1482 3785 Prioris
1514 3721 1791 3807 signatas
1816 3723 2200 3803 deferenteS,
2234 3725 2448 3790 humi-

139 3811 282 3876 liter
309 3833 466 3876 eum
513 3833 599 3875 ex
630 3823 818 3896 parte
849 3806 1090 3874 Prioris
1117 3807 1561 3893 deprecanteS,
1612 3824 1685 3874 ut
1734 3811 2009 3895 benigne
2048 3812 2185 3894 ejus
2216 3812 2446 3879 admit-

139 3912 305 3964 teret
365 3899 748 3966 cessionem.
844 3896 924 3962 In
984 3895 1282 3973 crastino,
1321 3895 1539 3984 igitur,
1582 3897 1753 3961 missi
1797 3913 1947 3962 sunt
1992 3901 2074 3964 ab
2122 3898 2445 3986 Episcopo

139 3987 446 4070 magister
483 3984 580 4050 W.
613 3985 698 4050 de
733 3983 925 4050 Meru
957 3995 1025 4048 et
1055 3982 1348 4048 dominus
1378 3982 1441 4048 J.
1482 3983 1568 4049 de
1601 3985 1904 4064 London,
1937 3985 2447 4054 commissionem

141 4073 486 4158 specialem
519 4073 602 4137 ad
647 4071 958 4158 praedicta
986 4069 1338 4144 babentes;
1383 4071 1492 4157 qui
1528 4071 1790 4157 ingressi
1820 4094 2139 4138 cameram
2186 4073 2448 4155 Prioris,

145 4174 208 4225 et
239 4163 466 4226 audita
495 4159 860 4224 rationabili
908 4181 1100 4222 causa
1145 4158 1450 4222 cessionis
1499 4159 1657 4244 ejuS,
1711 4183 1851 4225 eam
1900 4161 2339 4238 admiserunt;
2381 4177 2449 4230 et

146 4271 358 4313 curam
395 4247 768 4312 monasterii
815 4245 878 4308 in
909 4244 1346 4332 spiritualibus
1376 4244 1466 4313 H.
1504 4247 1863 4333 Suppriori,
1898 4246 1961 4311 in
1992 4250 2447 4335 temporalibus

148 4335 408 4401 domino
461 4335 543 4399 R.
590 4335 678 4400 de
730 4333 1046 4398 waltham
1081 4331 1555 4398 constabulario
1584 4333 2055 4402 commiserunt.
2148 4337 2450 4422 Assigna-

151 4425 362 4512 vitque
409 4438 774 4488 conventus
823 4421 1160 4486 Bertramo
1195 4419 1425 4498 Priori,
1458 4442 1577 4506 pro
1608 4423 1971 4505 provisione
2003 4445 2137 4501 sua,
2170 4425 2451 4503 [Beure-

155 4511 283 4596 pair
316 4535 462 4578 cum
510 4509 937 4600 pertinentiis,
989 4506 1281 4575 ecclesias
1329 4507 1413 4574 de
1469 4508 1857 4594 Petingdon,
1918 4511 2337 4600 Heyngtone,
2386 4524 2451 4576 et
