3000 5117
751 453 1172 505 ArrEme.
1214 454 1399 503 Anu.
1441 452 1985 504 mccccxxxm.
2204 434 2524 508 ccxxxiii

216 633 286 685 et
348 618 661 683 Turstino
718 616 979 681 Abbate
1041 614 1421 692 Glastoniae,
1483 628 1552 680 et
1613 615 1936 680 Scolando
1996 614 2254 681 Abbate
2313 617 2520 681 sancti

215 707 591 791 Augustini,
624 718 693 767 et
725 703 943 768 Aelsio
982 703 1237 767 Abbate
1276 702 1712 781 Bathoniensi,
1745 720 1814 766 et
1849 700 2235 767 Eadmundo
2260 703 2522 769 Abbate

216 790 638 868 Persoriensi,
692 804 761 854 et
811 788 1023 854 Witali
1076 790 1335 855 Abbate
1389 788 1954 867 westmonasterii,
2004 802 2068 853 et
2118 790 2522 874 Aelgelwino

216 882 483 946 Abbate
522 876 1042 953 Eoveshamensi,
1076 890 1142 940 et
1180 877 1381 941 Paulo
1416 878 1674 941 Abbate
1703 876 1905 940 sancti
1930 875 2190 954 Albani,
2217 891 2283 941 et
2311 876 2526 941 Tirol-

216 968 312 1031 do
362 967 619 1031 Abbate
674 964 1012 1049 Burgensi,
1046 977 1113 1027 et
1157 964 1493 1029 Rodberto
1521 962 1759 1027 comite
1793 961 2252 1042 Moritunensi,
2287 974 2354 1027 et
2388 964 2526 1028 Ro-

216 1078 385 1139 gero
434 1050 939 1117 Scrobbesbensi
976 1051 1237 1128 comite,
1278 1050 1576 1115 Roberto
1605 1048 1838 1114 comite
1859 1042 2426 1129 Nerthumbrensi,
2460 1065 2530 1115 et

226 1142 496 1225 Rogero
524 1139 761 1214 Bidod,
792 1151 864 1203 et
891 1138 1155 1203 Ursone
1187 1136 1558 1202 vicecomite
1588 1139 1672 1202 de
1704 1137 2011 1214 Abetote3
2039 1149 2108 1201 et
2145 1137 2422 1202 Ricardo
2445 1138 2530 1203 de

224 1226 534 1304 Curceio‚
584 1240 653 1291 et
702 1225 1020 1289 Willelmo
1065 1225 1149 1289 de
1200 1223 1556 1301 RedveriiS,
1599 1235 1666 1287 et
1701 1222 2038 1287 Rodberto
2069 1223 2528 1309 dispensatore,

222 1331 294 1379 et
332 1313 657 1379 Haimone
687 1311 1003 1398 dapiferO,
1035 1324 1103 1376 et
1131 1311 1467 1375 Rodberto
1498 1310 1582 1374 de
1617 1309 1848 1375 Monte
1876 1310 1931 1374 F
1931 1310 2076 1388 orti,
2103 1326 2170 1376 et
2196 1312 2534 1377 Rodberto

221 1402 369 1469 filio
405 1400 675 1476 Giraldi,
702 1416 769 1463 et
799 1398 1047 1463 Turald
1078 1398 1162 1463 de
1198 1398 1532 1483 Papileon,
1581 1410 1648 1461 et
1684 1397 1997 1462 Morkaro
2025 1411 2093 1462 et
2129 1398 2436 1483 Rogerio,
2468 1411 2534 1463 et

230 1488 529 1557 Siwardo
550 1501 982 1573 cognomento
1014 1486 1205 1563 Barn,
1230 1498 1297 1549 et
1322 1485 1650 1550 Wulnoto
1677 1484 1950 1549 Haraldi
1980 1485 2178 1569 Regis
2201 1507 2532 1571 germane,

227 1590 303 1641 et
333 1576 543 1640 Alano
566 1573 650 1638 de
673 1572 1031 1651 Lincolnia,
1058 1590 1124 1637 et
1147 1571 1489 1655 capellanis
1516 1571 1716 1655 Regis
1749 1571 2071 1637 Mauricio
2102 1586 2167 1637 et
2201 1572 2536 1637 Willelmo

229 1678 303 1727 et
357 1661 707 1726 Robert0.’'
800 1659 969 1736 Alia,
1004 1672 1201 1735 carta,
1235 1680 1428 1745 quam
1452 1658 1660 1723 dictus
1696 1657 1882 1729 Rrior
1914 1672 2066 1723 tnnc
2097 1659 2406 1737 exhibuit,
2439 1671 2539 1723 est

230 1761 419 1816 carta
449 1748 723 1811 Thomae
754 1746 1079 1833 quondam
1114 1745 1537 1811 Eboracensis
1569 1744 2048 1830 Archiepiscopi
2079 1758 2144 1810 et
2174 1745 2264 1811 sic
2289 1746 2535 1830 incipit.

234 1848 287 1879 “
310 1836 619 1912 Thomas,
684 1835 815 1899 Dei
872 1835 1091 1916 gracia
1146 1834 1572 1901 Eboracensis
1632 1832 2184 1918 Archiepiscopus,
2242 1833 2539 1899 omnibus

234 1922 780 2006 Archiepiscopis,
850 1919 1201 2005 Episcopis,
1267 1932 1335 1984 et
1401 1918 1768 1984 Abbatibus
1834 1942 1950 2005 per
2021 1920 2345 2004 Angliam,
2409 1934 2541 1985 tam

233 2008 605 2075 constitutis
664 2030 857 2094 quam
914 2006 1334 2091 imposterum
1396 2005 1801 2084 succes-suris,
1850 2020 1918 2070 et
1963 2008 2261 2073 omnibus
2307 2008 2426 2072 sibi
2475 2007 2542 2071 iu

242 2098 549 2161 Eboraco
616 2094 1131 2177 Archiepiscopis
1214 2094 1597 2157 successuris
1667 2094 2164 2178 imperpetuum,
2244 2095 2537 2163 salutem.

248 2186 421 2249 Cum
494 2196 779 2245 nostrum
840 2182 923 2244 sit
990 2180 1269 2245 officium
1327 2181 1622 2244 omnibus
1685 2193 1991 2265 praestare
2042 2183 2300 2267 pietatis
2360 2184 2547 2247 obse-

241 2270 495 2357 quium,
568 2269 689 2333 hiis
748 2283 963 2333 tamen
1036 2266 1319 2331 maxime
1380 2280 1747 2332 sauctorum
1808 2268 1941 2332 Dei
1999 2268 2306 2333 debemus
2359 2270 2547 2335 obse.-

246 2358 473 2443 quium
540 2368 777 2421 nostrae
844 2354 1213 2420 devocionis
1274 2353 1668 2438 impende-re,
1725 2377 1766 2418 a
1813 2356 2044 2440 quibus
2121 2368 2374 2420 constat
2429 2378 2548 2433 nos

236 2442 576 2528 peculiare
629 2442 908 2506 muneris
952 2440 1335 2505 beneficium
1382 2440 1762 2525 percepisse.
1886 2440 2026 2505 Nos
2072 2442 2354 2527 quidem,
2418 2442 2549 2508 Dei

250 2530 514 2614 flagello
559 2528 874 2615 castigati,
922 2544 987 2593 et
1035 2527 1303 2592 febrium
1350 2526 1764 2610 languoribus
1817 2550 1934 2613 per
1977 2528 2308 2593 biennium
2353 2530 2550 2593 modo

253 2615 614 2681 incredibili
647 2614 879 2693 exusti,
913 2638 1057 2679 cum
1090 2638 1315 2679 omnes
1347 2614 1574 2681 medici
1605 2614 1802 2681 solius
1831 2616 2052 2680 mortis
2083 2618 2329 2679 exitum
2363 2616 2550 2681 nobis

252 2702 620 2789 prominere
644 2703 1119 2787 promitterent,
1142 2701 1227 2765 nil
1260 2724 1538 2787 unquam
1569 2701 1689 2767 fuit
1720 2702 1785 2767 in
1809 2725 1939 2789 quo
1963 2703 2290 2766 continuoe
2314 2726 2551 2768 noxam

256 2790 641 2875 egritudinis
674 2801 1127 2873 temperarent.
1212 2789 1337 2852 Per
1369 2788 1570 2852 visum
1603 2810 1758 2872 ergo
1790 2790 2236 2867 commonitus,
2271 2792 2352 2856 ad
2386 2805 2555 2856 tum-

256 2880 408 2942 bam
450 2878 667 2941 Sancti
706 2875 1047 2941 Cuthberti
1070 2898 1332 2959 gemens
1358 2888 1422 2939 et
1443 2875 1722 2939 fremens
1746 2876 2132 2959 pernoctavi,
2160 2876 2291 2963 qui,
2326 2878 2556 2943 morbo

256 2965 449 3027 simul
482 2978 546 3028 et
582 2964 747 3028 mole
798 2964 1123 3047 fatigatuS,
1174 2962 1327 3025 dum
1378 2983 1714 3047 sompnum
1747 2962 2044 3047 surripui,
2103 2964 2164 3025 in
2213 2964 2347 3027 visu
2397 2964 2554 3028 mihi

257 3053 493 3115 beatus
542 3050 937 3115 Cuthbertus
980 3049 1201 3127 astitit,
1250 3049 1359 3135 qui
1409 3071 1598 3112 manu
1648 3070 1762 3113 sna
1805 3048 2054 3135 singula
2097 3052 2385 3115 membra
2413 3074 2558 3115 mea

260 3136 689 3223 explorandO,
736 3137 818 3201 de
860 3136 1231 3201 infirmitate
1262 3158 1407 3199 mea
1435 3148 2011 3219 percurrens;m0x
2039 3135 2446 3219 evigilantem
2478 3138 2561 3201 ab

264 3224 443 3289 omni
476 3224 845 3299 iufirmitate
876 3246 1101 3289 sanum
1133 3222 1437 3300 reddidit,
1472 3236 1538 3287 et
1557 3244 1658 3286 me.
1678 3221 1796 3287 sibi
1829 3222 1893 3284 in
1927 3222 2224 3287 omnibus
2255 3224 2561 3290 devotum

262 3313 429 3388 fore,
464 3324 531 3375 et
558 3332 976 3409 quaecumque
1006 3310 1071 3372 in
1102 3332 1245 3375 mea
1275 3308 1516 3374 diocesi
1556 3310 1692 3393 ipse
1723 3308 1824 3372 vel
1851 3310 1947 3373 sui
1977 3310 2320 3392 possessuri
2350 3323 2565 3375 essent

266 3400 353 3463 ab
407 3397 583 3461 omni
644 3397 1030 3481 fatigacione
1066 3418 1291 3460 secura
1342 3408 1409 3460 et
1448 3396 1652 3460 libera
1698 3418 1836 3461 esse
1885 3397 2210 3481 praecepit.
2311 3398 2564 3473 Quibus

266 3486 448 3549 beati
501 3483 879 3547 confessoris
917 3484 1173 3567 adjutus
1204 3482 1552 3559 beneflciiS‚
1587 3506 1668 3546 eo
1698 3487 1757 3548 ei
1789 3497 1855 3547 et
1886 3483 2012 3547 suis
2044 3485 2348 3549 devocior
2377 3484 2570 3549 extiti

266 3595 405 3657 quo
458 3570 705 3656 majora
750 3570 1119 3655 persolvere
1172 3568 1427 3636 debui.”
1521 3570 1611 3633 Et
1654 3569 2032 3655 quibusdam
2065 3570 2450 3657 interpositis
2481 3573 2571 3637 sic

268 3659 591 3744 sequitur.
653 3666 698 3697 “
723 3658 942 3722 Sciant
966 3656 1159 3740 igitur
1179 3671 1307 3720 tam
1331 3668 1673 3739 praesentes
1691 3680 1916 3721 omnes
1946 3680 2135 3743 quam
2167 3660 2366 3723 futuri
2396 3661 2571 3742 quod

269 3769 401 3828 ego
448 3744 735 3808 Thomas
770 3743 1193 3807 Eboracensis
1232 3742 1780 3826 ArchiepiscopuS,
1815 3766 1897 3807 ex
1927 3758 2236 3831 precepto
2273 3746 2581 3833 Gregorii

274 3834 481 3915 Papae
528 3828 803 3914 septimi,
851 3842 917 3899 et
963 3830 1461 3894 confirmacione
1506 3829 1749 3893 domini
1805 3830 2138 3895 willielmi
2191 3832 2408 3915 Regis,
2457 3834 2576 3897 sub

270 3917 652 3983 testimonio
699 3916 1075 3981 universalis
1125 3915 1482 4001 Anglorum
1533 3916 1798 3993 consilii,
1854 3929 1920 3981 et
1970 3939 2284 3981 consensu
2333 3918 2579 3983 Ebora-

272 4004 487 4069 censis
552 4002 835 4086 capituli,
901 4004 990 4067 do
1048 4014 1115 4066 et
1167 4002 1457 4066 concedo
1506 4002 1656 4067 Deo
1717 4017 1782 4067 et
1824 4017 2047 4066 sancto
2102 4003 2463 4068 Cutbberto
2510 4018 2580 4069 et

274 4091 579 4155 omnibus
610 4090 747 4173 ejus
784 4088 1115 4173 Episcopis
1138 4087 1540 4166 successuriS,
1573 4102 1640 4152 et
1670 4087 1964 4152 omnibus
1987 4089 2314 4153 monachis
2345 4090 2584 4176 impos-

276 4193 495 4243 terum
550 4175 791 4239 ibidem
841 4176 1095 4252 futuris,
1128 4188 1203 4239 ut
1244 4196 1467 4238 omnes
1515 4174 1832 4250 ecclesias,
1868 4197 2298 4261 quascumque
2329 4176 2392 4239 in
2437 4200 2587 4263 pres·

275 4264 449 4341 senti
511 4265 578 4325 in
629 4261 993 4325 diocesiana
1036 4262 1373 4347 parrochia
1416 4283 1560 4324 mea
1599 4262 1946 4342 possident,
2008 4263 2111 4325 vel
2172 4263 2582 4347 imposterum

278 4349 597 4416 canonice
674 4346 1012 4435 adquirere
1078 4347 1387 4432 poterint,
1436 4347 1842 4410 concessione
1903 4348 2178 4431 Regum,
2241 4349 2588 4436 largicione

278 4437 601 4515 fidelium,
650 4434 749 4499 vel
796 4434 1237 4507 edificare-rint
1270 4434 1332 4497 in
1366 4435 1628 4519 proprio
1659 4434 1862 4498 fundo
1895 4447 2229 4514 terrarum,
2263 4436 2492 4502 liberas
2521 4452 2587 4501 et
