3000 5117
469 468 534 541 ’δ”
943 484 1144 541 nistr.
1181 485 1535 540 nummu.
1577 486 2029 543 scnirroaas
2064 466 2275 543 rans.

480 648 788 729 Thomas,
843 650 1114 716 consilio
1165 650 1432 717 fratrum
1479 650 1745 729 electus,
1796 649 2109 735 largitatis
2140 666 2409 729 amator,
2442 664 2509 719 et
2540 664 2799 737 tempe-

480 738 710 803 rantiae
737 738 978 811 cultor.
1091 736 1225 813 Qui
1255 745 1344 803 eis
1377 737 1677 803 reluctari
1700 736 2137 816 suadentibus,
2162 760 2389 804 eorum
2418 762 2491 805 se
2521 740 2677 805 fidei
2716 753 2798 803 et

473 825 848 909 juramento
875 824 1306 902 committens,
1337 823 1727 910 probitatem
1773 824 2055 909 experiri
2084 825 2413 902 decrevit3
2460 838 2527 891 et
2556 827 2801 891 oborta.

485 932 682 995 super
723 910 1104 998 quibusdam
1149 910 1573 987 libertatibus,
1606 909 1889 975 maxime
1918 923 2138 976 tamen
2162 934 2361 999 super
2390 912 2659 978 ecclesia
2702 911 2799 976 de

485 997 863 1075 Alvertona,
895 996 1066 1062 inter
1103 997 1315 1083 ipsum
1359 1011 1427 1061 et
1465 996 1857 1083 Episcopum
1892 1000 2327 1077 contentione,
2362 998 2631 1063 viriliter
2656 1020 2805 1062 res-

487 1083 640 1150 titit.
731 1084 1068 1150 Fratribus
1097 1103 1272 1163 vero,
1304 1083 1466 1148 sieut
1496 1104 1649 1147 cera
1674 1105 1715 1148 a
1744 1082 1907 1149 facie
1938 1084 2129 1167 ignis,
2152 1084 2325 1150 illico
2354 1088 2587 1151 timore
2618 1084 2803 1151 solu-

489 1169 594 1248 tis,
648 1182 716 1235 et
769 1192 917 1235 eum
958 1169 1080 1234 sibi
1125 1172 1192 1233 in
1223 1169 1528 1236 conflictu
1568 1168 2103 1256 relinquentibus,
2144 1172 2453 1237 violentia
2482 1170 2807 1257 Episcopi

490 1256 838 1357 ‹leposituS,
880 1256 1112 1334 cessit;
1153 1269 1221 1323 et
1257 1258 1469 1323 Farne
1495 1256 1823 1335 secedens,
1860 1256 2104 1339 [beato‚
2146 1260 2311 1325 sicut
2342 1258 2629 1347 legitur,]
2662 1258 2805 1322 fine

493 1356 760 1427 qulewt.

871 1732 1018 1777 ΕΑΡ.
1067 1732 1148 1774 lv.
1251 1732 1630 1780 GBRMANUS
1703 1732 1963 1778 rAc‘rus
2014 1735 2133 1781 EST
2209 1734 2427 1780 muoz<

1351 1819 1923 1869 DUNHELMRNSIS.

1223 1958 1377 2026 [Ms.
1411 1962 1536 2031 Cap.
1570 1978 1682 2015 cxi.
1714 1964 1753 2014 f.
1792 1966 1888 2016 166
1924 1964 2015 2028 bJ

593 2100 755 2171 Post
797 2124 1012 2190 quem,
1061 2102 1126 2166 in
1163 2102 1451 2167 Priorem
1483 2102 1866 2187 provehitur
1898 2103 2330 2182 Germanus,*
2362 2124 2629 2169 summae
2658 2106 2821 2167 sim·

505 2190 808 2279 plicitatis
851 2203 922 2254 et
973 2188 1298 2274 patientiae
1343 2189 1717 2268 monachus,
1778 2190 2025 2256 habens
2083 2190 2344 2278 quidem
2405 2191 2819 2255 voluntatem

507 2276 870 2355 resistendi,
901 2276 1016 2341 sed
1046 2275 1294 2341 enormi
1317 2276 1809 2360 praedecessoris
1841 2278 2133 2342 turbatus
2174 2278 2499 2362 exemplo,
2530 2300 2662 2363 quo
2692 2271 2823 2340 mi-

505 2368 678 2429 nime
721 2364 989 2429 fratrum
1034 2362 1389 2427 confideret
1432 2361 1700 2442 auxilio,
1746 2364 2159 2429 considerans
2194 2387 2264 2429 se
2293 2364 2379 2428 ad
2408 2364 2537 2428 hoc
2566 2364 2819 2428 viribus

507 2454 840 2538 imparem,
888 2463 954 2514 et
982 2464 1205 2516 contra
1235 2462 1514 2513 tractum
1544 2449 1821 2515 fluminis
1856 2449 2099 2529 [ianiti
2129 2452 2573 2536 impotentem,
2604 2450 2669 2512 in
2693 2473 2823 2535 pa-

511 2538 742 2604 tientia
780 2536 996 2601 fovere
1027 2535 1288 2619 [magis]
1320 2536 1518 2623 elegit
1546 2535 1882 2609 honorem,
1913 2559 2105 2624 quam
2134 2536 2269 2605 sine
2297 2536 2515 2603 fructu
2558 2550 2821 2621 tempo—

511 2626 714 2690 ralem
766 2622 1006 2688 nomini
1051 2644 1168 2687 suo
1208 2622 1547 2708 adquirere
1590 2622 2054 2691 confusionem.
2147 2622 2230 2688 Ei
2275 2638 2492 2687 tamen
2544 2622 2823 2707 Episco-

514 2735 639 2799 pus
669 2710 974 2797 quasdam
1004 2708 1328 2773 libertates
1357 2730 1400 2773 a
1436 2708 1783 2794 Ranulpho
1818 2710 2141 2795 Episcopo
2170 2709 2419 2774 deletas
2442 2710 2575 2774 sive
2598 2708 2831 2794 prohi-

513 2797 680 2863 bitas
709 2795 1026 2871 restituit3
1057 2818 1097 2860 e
1125 2795 1358 2881 quibus
1385 2794 1697 2881 quasdam
1719 2796 1936 2883 elegit,
1961 2796 2274 2883 quasdam⁴
2294 2818 2381 2860 ex
2404 2796 2827 2882 simplicitate

515 2882 805 2967 neglexit
830 2905 849 2958 3
894 2904 1053 2969 quas
1091 2902 1418 2946 successor
1449 2882 1587 2965 ejus
1624 2882 1981 2960 BetramuQ
2014 2883 2258 2947 scilicet
2286 2882 2505 2946 sedem
2538 2881 2827 2947 Abbatis

517 2970 586 3034 in
621 2970 845 3035 Choro
875 2983 943 3033 et
968 2968 1294 3053 Capitulo,
1320 2966 1693 3044 renovavit3
1727 2970 1851 3052 [et]
1886 2969 2009 3033 isto
2032 2968 2295 3033 demum
2318 2968 2470 3033 huic
2492 2970 2642 3033 vitae
2664 2969 2831 3033 sub·

519 3056 676 3135 lato,
725 3056 896 3120 idem
946 3054 1353 3131 Bertramus†
1402 3053 1683 3141 eligitur,
1748 3058 1846 3118 vir
1892 3056 2099 3120 bonus
2150 3068 2215 3119 et
2245 3066 2588 3131 strenuus3
2632 3057 2827 3139 cujus

515 3142 912 3229 praeconium
957 3154 1075 3220 est,
1122 3142 1298 3228 quod
1334 3140 1463 3205 suis
1493 3140 1888 3224 temporibus
1918 3140 2189 3206 ecclesia
2216 3140 2493 3226 pristinis
2524 3142 2835 3209 restituta

517 3244 616 3296 es:
674 3229 1097 3295 libertatibus.
1207 3226 1588 3312 Episcopus,
1646 3228 1863 3310 igitur,
1909 3249 2029 3293 nec
2088 3249 2245 3312 erga
2285 3226 2564 3293 barones
2606 3250 2837 3315 neque

517 3316 812 3393 elericos,
845 3316 913 3378 in
941 3314 1174 3413 quibus
1205 3313 1484 3378 maxime
1508 3314 1898 3392 confidebat,
1930 3326 2221 3378 veterum
2244 3326 2487 3380 statuta
2503 3316 2828 3379 servabat.

525 3404 862 3485 Comperit
891 3422 1062 3464 emm
1092 3420 1290 3483 penes
1341 3421 1452 3462 eos
1487 3402 1623 3484 jam
1671 3421 1803 3463 non
1836 3400 2161 3465 modicum
2192 3403 2291 3464 sui
2320 3401 2601 3465 residere
2630 3402 2833 3465 timo-

522 3508 686 3563 rem,
733 3500 798 3551 et
827 3486 1170 3569 plurimam
1216 3484 1443 3548 mentis
1471 3484 1807 3550 inolevisse
1837 3487 2240 3571 tepiditatem
2273 3511 2291 3562 3
2334 3500 2411 3553 ut
2438 3508 2555 3550 nec
2585 3486 2839 3552 obsibi-

520 3574 658 3638 lare
683 3571 785 3635 vel
819 3572 882 3634 in
915 3570 1183 3635 occultis
1205 3570 1516 3635 auderent
1538 3594 1569 3649 3.
1602 3584 1671 3635 et
1702 3572 1755 3637 si
1803 3574 2061 3659 quando
2104 3573 2353 3637 vultum
2384 3574 2833 3657 praetenderet

521 3659 816 3736 hilarem,
849 3670 918 3721 et
947 3657 1316 3743 loqueretur
1362 3656 1517 3737 [eis]
1562 3658 1851 3742 pacifice,
1886 3672 2083 3724 tantae
2113 3659 2473 3742 dignationi
2516 3682 2652 3723 suae
2674 3682 2834 3743 gra..

525 3747 646 3810 tias
665 3757 965 3829 agerent.
1095 3742 1276 3816 Quos
1335 3743 1613 3821 amabat,
1667 3744 2047 3832 [honoribus
2104 3750 2201 3825 et]
2279 3745 2598 3823 libertati3
2659 3768 2835 3833 quos

525 3832 816 3909 nolebat,
867 3828 1158 3894 servituti
1202 3829 1418 3907 dabat,
1471 3831 1604 3914 [vel
1634 3830 1897 3896 omniuo
1945 3830 2309 3917 paupertati
2340 3832 2747 3918 mancipabat
2772 3840 2833 3915 3]

525 3934 600 3983 ut
629 3916 1038 4006 quorundam
1089 3914 1496 3981 haereditates
1549 3930 1618 3981 et
1664 3917 1817 4001 jura
1844 3917 2172 3982 videretur
2198 3920 2269 3982 in
2297 3933 2642 3983 extraneos
2671 3940 2837 3983 cou-

527 4006 768 4082 tulisse,
801 4016 868 4069 et
927 4001 1106 4067 novis
1164 4002 1668 4067 institutionibus
1726 4002 2020 4089 antiquas
2078 4005 2479 4089 episcopatus
2532 4004 2713 4091 leges
2758 4018 2839 4069 et

528 4090 1024 4156 consuetudines
1071 4090 1324 4173 penitus
1369 4086 1757 4157 immutasse.
1850 4090 2207 4155 Venientes
2252 4092 2335 4155 ad
2374 4114 2442 4156 se
2472 4091 2837 4155 monachos

530 4176 880 4241 honorifice
926 4197 1177 4259 semper
1217 4176 1599 4258 excipiebat,
1646 4188 1715 4239 et
1758 4176 2055 4240 dominos
2089 4178 2398 4254 vocabat3
2443 4200 2575 4263 quo
2604 4198 2835 4241 eorum

529 4261 935 4327 dilectionem
977 4282 1102 4326 non
1135 4260 1548 4327 mediocriter
1574 4261 1929 4328 obtinebat.
2018 4264 2127 4329 De
2180 4265 2372 4330 rebus
2425 4264 2841 4350 episcopatus

1243 4442 1268 4471 ⁶
1311 4437 1639 4488 Arrnnmx.
1675 4450 1855 4495 xxxx„
1878 4452 1928 4502 p.
1950 4452 2130 4489 xxxv.

1394 4508 1434 4566 †
1468 4506 1784 4555 Arrssxmx.
1820 4506 1947 4554 ibid.
