3000 5117
506 441 745 517 CCXCli
946 459 1152 511 ms'r.
1192 456 1558 508 DUNELM.
1601 454 2064 507 SCRIPTORES
2101 454 2321 507 ‘rm-:s-

514 624 953 709 reputacione,
1008 634 1077 685 et
1120 616 1341 684 reddit
1389 616 1565 681 clare
1625 639 1742 701 per
1769 634 2010 681 annum
2043 616 2272 702 xxiiij¹.
2307 617 2471 703 xiij'.
2519 617 2685 705 viijd.
2729 620 2842 682 ob.

520 713 725 776 Vasta
754 732 873 794 pro
902 708 1157 773 defectu
1188 707 1554 770 tenencium
1585 703 1789 789 xliiij‘.
1887 700 2182 768 Decasus
2213 704 2365 789 viij⁸.
2415 704 2561 790 iiijd.
2593 706 2708 769 ob.

622 799 1010 861 VVARDLBY.
1108 791 1475 857 Manerium
1508 790 1748 855 ibidem
1774 789 2120 853 dimittitur
2149 792 2438 857 Roberto
2475 792 2726 868 RodeS,
2759 791 2845 855 ad

522 883 871 949 terminum
902 880 969 944 xl
1002 901 1335 955 annorum,
1383 878 1509 942 hoc
1539 900 1710 941 anno
1739 892 1992 953 octavo,
2042 892 2110 940 et
2158 878 2372 941 reddit
2431 901 2554 965 per
2600 901 2848 943 annum

525 970 678 1055 viij¹.
776 968 1133 1053 Reparacio
1164 965 1451 1053 ejusdem
1474 966 1540 1027 in
1563 964 1862 1028 omnibus
1885 962 2182 1029 domibus
2211 965 2425 1029 eidem
2456 966 2847 1051 pertinenti·

524 1060 648 1124 bus
678 1071 1023 1121 assessatur
1051 1053 1135 1118 ad
1164 1053 1364 1137 xva¹.
1411 1051 1570 1137 xiij⁸.
1619 1050 1757 1135 iiijd.

625 1146 961 1209 STurruu
1005 1158 1188 1204 Artm
1243 1138 1703 1203 ernsrowu.
1801 1136 1874 1200 In
1936 1135 2154 1220 primis
2235 1151 2388 1203 sunt
2445 1138 2698 1204 ibidem
2755 1138 2848 1221 xij

530 1231 755 1306 Boves,
817 1228 1101 1313 precium
1161 1225 1384 1311 capitis
1452 1226 1570 1311 xj¹.
1636 1224 1771 1309 νῇ,
1823 1222 1926 1308 vj¹.
1982 1222 2187 1309 xviij⁸.
2299 1227 2462 1291 Item
2519 1225 2561 1310 ij
2625 1226 2848 1301 boves,

534 1320 813 1405 pretium
848 1314 1056 1399 xxiij⁸.
1102 1313 1142 1401 ij
1199 1313 1347 1399 equi
1394 1334 1516 1397 pro
1569 1308 1860 1386 carectis,
1907 1310 2183 1394 pretium
2215 1319 2354 1380 xx⁸.
2450 1312 2613 1376 Duo
2638 1330 2854 1376 aratra

538 1427 687 1470 cum
748 1416 889 1467 toto
935 1418 1270 1486 apparatu,
1320 1412 1453 1463 tam
1517 1398 1735 1481 ligneo
1787 1419 1980 1483 quam
2029 1396 2264 1476 ἴθι-τεο,
2326 1422 2447 1499 pro
2501 1400 2594 1484 xij
2641 1400 2852 1465 bobus

538 1506 606 1557 et
676 1490 764 1571 iiij
844 1486 1045 1575 equis.
1176 1486 1341 1551 Item
1418 1484 1481 1569 iij
1564 1483 1866 1569 harpicae,
1945 1483 2225 1568 pretium
2289 1486 2448 1571 viijd.
2578 1487 2755 1551 Item
2815 1511 2855 1552 v

539 1579 863 1668 quarteria
936 1588 1003 1639 et
1076 1572 1414 1637 dimidium
1474 1572 1679 1650 ordei,
1741 1571 1785 1657 ij
1859 1571 2185 1656 quarteria
2242 1587 2308 1637 et
2367 1572 2713 1637 dimidium
2771 1574 2858 1639 de

540 1665 901 1729 blandcorn
949 1676 1015 1727 et
1048 1664 1105 1747 vj
1156 1659 1481 1747 quarteria
1520 1678 1892 1734 avenarum,
1947 1679 2096 1721 cum
2137 1661 2168 1744 j
2213 1659 2433 1723 modio
2487 1661 2764 1746 antiquo
2793 1676 2858 1723 et

543 1750 765 1827 debili,
814 1770 1087 1836 quorum
1132 1745 1349 1832 precia
1394 1744 1793 1833 ignorantur.
1895 1738 2058 1808 Ite‘m
2107 1746 2178 1808 xl
2228 1747 2474 1810 thravae
2529 1748 2858 1811 straminis

544 1836 746 1912 ordei,
808 1850 875 1901 et
934 1846 1065 1899 11²⁸.
1126 1834 1371 1897 thravae
1432 1831 1754 1895 straminis
1807 1853 2175 1910 avenarum,
2245 1833 2526 1917 pretium
2583 1834 2860 1918 singulte

546 1927 795 1991 thravae
828 1923 929 2011 jd„
977 1921 1183 2005 xxiij⁸.
1247 1918 1384 2007 iiij⁶.
1480 1919 1648 1983 Item
1701 1938 1748 1981 x
1787 1939 1958 1982 acrae
1987 1917 2172 1983 trinae
2223 1942 2434 1985 arurae
2461 1942 2664 2005 super
2695 1924 2859 1987 Car·

545 2012 866 2086 stanflate,
899 2008 1175 2094 pretium
1222 2008 1493 2087 [blankl.
1594 2006 1760 2069 Item
1815 2004 2206 2070 seminantur
2257 2006 2494 2071 ibidem
2543 2030 2695 2071 cum
2729 2009 2862 2072 fru-

544 2114 768 2165 mento
798 2097 885 2183 xij
941 2118 1107 2160 acrae
1138 2116 1330 2179 super
1366 2092 1810 2169 Carstanflate,
1845 2094 1955 2178 xvj
2007 2114 2175 2157 acrae
2205 2116 2348 2157 cum
2390 2094 2730 2159 frumento
2761 2119 2864 2160 su·

546 2208 665 2273 per
716 2182 1122 2271 Liegatflate,
1184 2180 1291 2265 xvj
1342 2202 1512 2245 acroe
1560 2200 1710 2244 cum
1762 2179 2084 2245 frumento
2133 2202 2326 2266 super
2377 2180 2444 2246 le
2493 2180 2704 2246 Tofte
2733 2226 2756 2257 ,
2819 2184 2860 2266 ij

549 2296 719 2339 acrae
768 2292 915 2336 curn
976 2269 1305 2334 frumento
1350 2289 1546 2352 super
1593 2266 1920 2341 Benlawe,
1973 2264 2056 2353 vij
2105 2288 2275 2331 acrae
2323 2290 2470 2333 cum
2525 2269 2866 2334 frumento

550 2382 745 2446 super
810 2358 1096 2435 Pikwell,
1158 2370 1225 2422 et
1276 2355 1344 2419 ix
1397 2376 1565 2419 acrae
1613 2376 1761 2418 cum
1811 2351 2138 2419 frumento
2183 2377 2377 2440 super
2437 2356 2869 2421 Saundifoor-

546 2448 783 2514 launde
810 2470 832 2523 ς
872 2446 1151 2533 pretium
1198 2444 1485 2507 omnium
1515 2463 1807 2507 acrarum
1839 2441 2293 2526 praedictarum
2325 2443 2478 2527 xvj¹.
2513 2447 2625 2530 vj‘.
2681 2443 2866 2509 Idem

548 2536 905 2601 manerium
936 2531 1280 2595 dimittitur
1308 2530 1392 2594 ad
1435 2530 1684 2593 firmam
1715 2550 1860 2593 cum
1893 2527 2067 2593 dicto
2097 2530 2292 2593 stuffo
2328 2531 2628 2595 Roberto
2657 2530 2870 2595 John-

546 2644 665 2687 son
694 2636 761 2685 et
794 2622 955 2696 aliis,
990 2640 1117 2681 una
1146 2640 1294 2681 cum
1324 2617 1606 2703 quadam
1657 2614 1939 2701 parcella
1989 2629 2179 2680 terrae
2231 2629 2462 2681 vocata
2515 2617 2864 2693 Dowflatt,

548 2731 668 2795 pro
698 2708 897 2792 xviijh
945 2704 1107 2789 xiij¹.
1152 2702 1290 2788 iiijd.
1336 2725 1452 2788 per
1494 2725 1772 2779 annum3
1817 2702 1901 2767 ad
1954 2702 2295 2768 terminum
2349 2725 2469 2769 sex
2521 2726 2865 2781 annorum,

546 2796 674 2859 hoc
704 2816 875 2857 anno
907 2794 1127 2869 tercie,
1152 2792 1394 2877 absque
1426 2790 1810 2855 indenturis.
1911 2788 2270 2875 Reparacio
2301 2789 2566 2855 manerii
2599 2790 2866 2867 ibidem,

550 2884 672 2948 viz.
708 2893 839 2944 tam
870 2879 1210 2943 domorum
1259 2890 1324 2941 et
1378 2900 1774 2941 camerarum
1827 2899 1948 2962 pro
2007 2877 2413 2943 habitacione
2471 2877 2750 2941 firmarii
2807 2892 2870 2943 et
2974 2884 2975 2925 l

548 2966 943 3034 husbandria
970 2987 1161 3052 quam
1210 2964 1553 3028 domorum
1607 2978 1674 3027 et
1718 2985 2114 3029 camerarum
2169 2986 2287 3049 pro
2335 2965 2744 3049 competenti
2774 2987 2872 3028 re-

550 3054 860 3139 cepcione
912 3049 1283 3129 Senescalli,
1334 3051 1640 3129 Terrarii,
1702 3063 1770 3115 et
1821 3050 2124 3130 Bursarii,
2185 3051 2446 3130 ibidem,
2507 3065 2872 3118 assessatur

554 3142 639 3208 ad
670 3141 733 3205 1¹·

646 3228 1106 3291 erns'rown.
1196 3224 1368 3290 Vilia
1406 3224 1646 3289 ibidem
1704 3224 1922 3289 reddit
1965 3225 2156 3301 clare,
2209 3248 2354 3290 cum
2403 3226 2610 3291 libera
2657 3226 2870 3303 firma,

552 3312 733 3401 xiiij1.
766 3315 917 3400 viis.
954 3314 1015 3398 ij.
1110 3312 1400 3377 Decasus
1453 3312 1640 3397 xxij⁸.
1737 3312 2188 3378 Molendinum
2221 3313 2482 3391 ibidem,
2531 3336 2685 3378 cum
2745 3336 2877 3378 una

551 3400 828 3485 piscaria
858 3414 1084 3464 vocata
1128 3400 1365 3483 Ebyar,
1420 3398 1837 3463 dimittuntur
1883 3398 2176 3465 Henrico
2231 3402 2524 3478 Barowe,
2580 3422 2707 3484 pro
2766 3402 2873 3486 vj¹.

552 3488 713 3575 xiij⁸.
777 3486 917 3570 iiijd.
1008 3486 1261 3551 Tamen
1313 3486 1565 3551 solebat
1621 3486 1894 3551 reddere
1951 3508 2071 3573 per
2126 3509 2367 3552 annum
2427 3488 2518 3552 κ’.
2560 3488 2683 3571 iij‘.
2733 3487 2878 3573 iiijff.

555 3574 847 3641 Decasus
900 3572 1185 3657 ejusdem
1236 3573 1586 3637 molendini
1638 3572 1827 3650 lxx⁸.,
1871 3587 1940 3639 et
1985 3574 2314 3659 praecipua
2363 3596 2560 3640 casua
2595 3574 2875 3639 decasus

555 3661 853 3748 proedicti
903 3660 1249 3724 molendini
1298 3673 1397 3724 est
1426 3682 1508 3723 eo
1555 3660 1732 3747 quod
1782 3660 1934 3725 villa
1983 3660 2068 3733 de
2124 3662 2370 3739 Sheles,
2425 3683 2574 3749 quae
2607 3674 2878 3726 tenetur

558 3748 735 3835 sequi
768 3748 939 3811 idem
971 3747 1432 3823 molendinum,
1464 3767 1585 3831 pro
1621 3768 1856 3832 magna
1897 3761 2100 3832 parte,
2149 3770 2270 3834 pro
2301 3748 2566 3813 defectu
2609 3770 2881 3835 repara-

559 3834 760 3902 cionis
822 3846 1331 3899 tenementorum
1390 3834 1655 3911 ibidem,
1711 3835 1890 3919 jacet
1949 3848 2130 3899 vasta
2179 3851 2248 3900 et
2295 3858 2428 3900 non
2483 3834 2880 3901 inhabitata.

566 3922 927 4008 Reparacio
968 3921 1255 4008 ejusdem
1308 3920 1679 4000 molendini,
1728 3936 1798 3986 ut
1841 3922 1906 3985 in
1937 3935 2204 4001 tectura,
2267 3938 2334 3987 et
2383 3924 2638 3987 factura
2683 3926 2880 3987 unius

557 4026 723 4076 rotae
752 4006 1092 4075 exterioris
1143 4022 1209 4073 et
1256 4006 1597 4085 interioris,
1648 4031 1796 4074 cum
1845 4010 2097 4073 factura
2148 4009 2334 4073 unius
2379 4010 2532 4075 novi
2583 4011 2884 4110 flodgate

559 4098 821 4173 ibidem,
870 4110 1217 4159 assessatur
1259 4094 1344 4158 ad
1390 4095 1508 4160 11¹.
1600 4095 1766 4162 Item
1817 4095 2148 4181 repar-acio
2197 4098 2381 4161 unius
2413 4112 2772 4163 tenemenu
2813 4097 2884 4161 iu

559 4196 789 4282 tenura
831 4180 1141 4331 Jogiatinis
1192 4182 1520 4267 Cronkley
1566 4182 1630 4245 in
1676 4182 1992 4271 praedicta
2020 4181 2170 4247 villa
2199 4182 2283 4247 de
2323 4182 2730 4270 Wyvestowe
2759 4208 2886 4249 ωε-

563 4283 829 4333 uniatur
858 4292 897 4332 a
974 4288 1017 4330 x
1046 4275 1089 4336 ¹.

658 4358 1123 4422 Sovrnwrxn.
1223 4353 1397 4419 Villa
1426 4354 1687 4434 ibidem,
1721 4376 1866 4419 cum
1901 4354 2100 4420 libera
2129 4356 2318 4419 firma
2361 4370 2428 4420 et
2479 4357 2882 4435 molendino,

562 4442 779 4507 reddit
810 4442 979 4507 clare
1011 4463 1127 4527 per
1156 4463 1397 4506 annum
1430 4442 1564 4527 xij¹.
1599 4443 1777 4527 xvij⁸.
1811 4442 1944 4526 vijd.
2041 4442 2244 4509 Vasta
2273 4442 2506 4519 lxix¹.;
2555 4446 2738 4511 unde
2765 4445 2882 4509 lx‘.
