3000 5117
474 436 629 512 ccxl
948 458 1151 509 msr.
1194 458 1556 509 DUNELM.
1597 454 2062 507 semri-cass
2096 456 2306 508 rans.

470 622 685 688 dicere
733 619 949 697 vellet,
999 619 1339 705 quominus
1390 618 1600 683 dictus
1649 616 1850 682 frater
1900 616 2187 683 Thomas
2215 616 2299 682 ad
2331 636 2514 682 suam
2543 638 2790 706 purga-

470 712 721 775 cionem
764 708 1149 795 procederet
1190 706 1572 784 faciendam,
1620 705 1929 792 nulloque
1976 704 2298 788 objicente
2359 705 2460 768 vel
2521 722 2786 770 contra·

468 798 746 874 dicente,
794 797 1003 895 ipsum
1056 794 1139 858 ad
1193 792 1555 879 hujusmodi
1588 792 2038 877 purgacionem
2071 790 2441 855 admisimus
2471 789 2542 854 in
2570 791 2786 857 forma

461 886 649 973 juriS,
676 881 879 947 sibim
911 879 1159 965 scriptis
1192 879 1359 944 hunc
1390 879 1728 945 articulum
1755 877 2118 943 recitantes,
2166 888 2210 921 ‘⁶
2232 878 2310 941 In
2338 876 2466 942 Dei
2485 880 2782 957 nomine,

471 974 705 1038 Amen.
800 967 940 1033 Nos
969 967 1321 1045 Johannes,
1360 966 1545 1029 Prior
1574 964 1863 1029 ecclesiae
1892 962 2272 1029 cathedralis
2296 964 2786 1043 Dunelmensis,

466 1060 587 1125 tibi
608 1057 791 1123 fratri
826 1055 1099 1120 Thomae
1136 1050 1457 1130 Neesbitt,
1487 1054 1655 1116 sic‘ut
1682 1052 1838 1116 alias
1863 1052 2214 1136 objecimus
2238 1064 2303 1114 et
2326 1050 2780 1137 opposuimus,

466 1147 561 1213 ita
588 1166 760 1211 nunc
790 1142 909 1207 tibi
938 1139 1272 1226 objicimus
1303 1152 1369 1203 et
1398 1138 1802 1224 opponimuS,
1848 1137 2021 1226 quod
2072 1152 2140 1202 tu
2189 1137 2675 1203 incontinenter
2713 1155 2782 1205 et

469 1230 809 1300 carnaliter
870 1226 1231 1317 cognovisti
1292 1226 1582 1293 Sibillam
1645 1246 1918 1289 uxorem
1974 1226 2292 1290 Johannis
2354 1224 2778 1314 Adyngham,

470 1342 677 1407 nuper
698 1318 763 1382 in
797 1316 1007 1381 Ballio
1040 1313 1463 1379 Dunelmensi
1484 1312 2052 1377 commorantem?
2134 1312 2349 1385 Quem
2381 1312 2652 1398 quidem
2681 1336 2786 1377 ar-

466 1408 733 1475 ticulum
764 1404 937 1468 idem
979 1401 1177 1466 frater
1217 1400 1530 1477 Thomas,
1563 1413 1639 1464 ut
1668 1412 1880 1477 antea,
1912 1410 2281 1463 constanter
2333 1401 2642 1483 negavit3
2687 1416 2778 1478 et,

468 1494 652 1561 tactis
684 1512 801 1577 per
848 1492 1056 1574 ipsum
1104 1486 1520 1552 sacrosanctis
1566 1485 1934 1573 evangeliis,
1980 1507 2048 1551 se
2077 1486 2317 1550 dictam
2351 1485 2653 1551 sibillam
2683 1488 2782 1551 in-

468 1581 874 1648 continenter
920 1576 1022 1639 vel
1062 1574 1411 1639 carnaliter·
1453 1594 1782 1660 nunquam
1833 1572 2242 1661 cognovisse,
2289 1594 2410 1637 nec
2453 1596 2526 1637 se
2577 1596 2782 1660 super

468 1671 645 1733 dicta
686 1662 945 1729 infamia
989 1662 1056 1725 in
1114 1660 1332 1760 aliquo
1383 1659 1770 1745 culpabilem
1829 1682 1968 1724 esse
2024 1660 2126 1724 vel
2174 1681 2381 1725 reum.
2469 1662 2582 1724 Ac
2623 1677 2786 1727 tunc

464 1754 621 1821 dicti
663 1762 1039 1838 purgatores
1100 1761 1285 1812 tacus
1344 1770 1461 1833 per
1519 1750 1690 1833 ipsos
1761 1748 2182 1811 sacrosanctis
2239 1746 2590 1831 evangeliis
2649 1751 2783 1812 sin-

465 1839 733 1926 gillatim
787 1838 1169 1922 juraverunt
1230 1857 1299 1899 se
1360 1835 1634 1899 firmiter
1677 1835 1812 1899 sine
1860 1834 2250 1899 hesitacione
2293 1834 2561 1898 credere
2639 1836 2782 1900 dic-

467 1945 603 1995 tum
654 1926 917 1990 fratrem
974 1922 1297 1987 Thomam
1354 1921 1656 1987 Neesbitt
1703 1943 1922 1985 verum
1968 1921 2240 2005 jurasse.
2359 1919 2635 1985 Necnon
2689 1946 2780 1987 ex

464 2011 861 2082 habundanti
907 2012 1105 2075 ceteri
1150 2030 1373 2072 omnes
1418 2009 1770 2073 confratres
1805 2008 2004 2071 nostri
2039 2022 2109 2072 et
2137 2008 2580 2071 commonachi
2617 2022 2778 2073 tunc

462 2103 703 2170 ibidem
755 2110 1128 2185 proesentes,
1184 2095 1249 2158 in
1299 2116 1565 2160 numero
1617 2094 1879 2183 triginta
1921 2108 1990 2158 et
2029 2110 2197 2171 oct0,
2233 2095 2354 2158 hoc
2385 2095 2558 2158 idem
2591 2097 2777 2182 quod

463 2190 621 2256 dicti
668 2197 1195 2271 compurgatores
1226 2182 1453 2265 singuli
1475 2182 1892 2267 juraverunt3
1923 2181 2153 2268 quibus
2181 2181 2272 2245 sic
2305 2181 2602 2266 peractiS,
2637 2183 2780 2247 dic-

461 2295 599 2344 tum
622 2276 885 2339 fratrem
905 2270 1227 2335 Thomam
1256 2268 1555 2333 Neesbitt.
1577 2270 1661 2333 ad
1683 2290 1860 2334 suam
1886 2268 2318 2333 innocenciam
2344 2282 2414 2331 et
2435 2269 2776 2354 pristinam

460 2366 700 2430 bonam
742 2360 973 2424 famam
1005 2356 1393 2422 restituimus
1424 2378 1542 2441 per
1572 2356 1918 2420 decretum.
2016 2356 2115 2418 Ac
2147 2369 2298 2419 tunc
2329 2356 2540 2419 dictus
2569 2356 2776 2421 frater

464 2452 751 2517 Thomas
798 2447 982 2511 nobis
1034 2444 1357 2508 humiliter
1408 2443 1810 2529 supplicavit,
1875 2457 1944 2506 et
1989 2442 2270 2506 notarios
2324 2442 2773 2528 infrascriptos

461 2553 615 2605 tunc
654 2548 1001 2621 praesentes
1031 2554 1175 2595 cum
1208 2530 1521 2595 instancia
1551 2528 1895 2616 requisivit,
1933 2541 2004 2592 ut
2035 2551 2224 2613 super
2253 2529 2599 2614 praemissis
2629 2532 2774 2595 lite-

461 2648 565 2691 ras
594 2642 846 2688 nostras
878 2618 1329 2686 testimoniales
1360 2617 1481 2680 sub
1513 2618 1937 2681 instrumento
1966 2615 2224 2700 publico
2255 2616 2374 2679 sibi
2405 2616 2775 2683 concedere

459 2728 523 2779 et
572 2710 889 2774 conficere
938 2705 1367 2789 dignaremur.
1462 2704 1539 2767 In
1593 2725 1868 2790 quorum
1919 2702 2204 2767 omnium
2253 2718 2320 2766 et
2365 2702 2774 2786 singulorum

458 2796 899 2865 testimonium
922 2805 1115 2878 atque
1148 2791 1345 2854 fidem
1376 2805 1726 2875 praesentes
1757 2790 1970 2853 literas
2003 2790 2135 2852 sive
2167 2789 2494 2874 publicum
2531 2792 2772 2855 instru-

460 2896 753 2951 mentum
806 2880 993 2965 sigilli
1042 2878 1243 2943 nostri
1290 2880 1729 2961 impressione,
1781 2898 1858 2941 ac
1911 2876 2188 2940 Thomae
2235 2876 2450 2960 Tang,
2493 2877 2778 2943 Roberti

472 2969 858 3055 Beerhalgh,
907 2964 1217 3031 Johannis
1269 2964 1727 3041 Ronkehorne,
1777 2976 1844 3027 et
1873 2962 2186 3028 Johannis
2223 2964 2615 3048 Beerhalgh,
2650 2988 2774 3030 no-

460 3061 769 3125 tariorum
800 3053 1223 3141 publicorum,
1256 3050 1453 3139 signis
1483 3064 1550 3115 et
1577 3048 2154 3134 subscripcionibus
2182 3050 2450 3115 fecimus
2479 3072 2776 3117 commu-

459 3146 604 3211 niri.
700 3146 867 3208 Acta
909 3154 1057 3206 sunt
1102 3140 1264 3216 haee,
1320 3152 1513 3222 prout
1559 3137 1847 3221 superius
1895 3137 2259 3201 scribuntur
2287 3152 2356 3202 et
2384 3138 2769 3218 recitantur,

458 3231 673 3321 quoad
718 3230 910 3295 dictae
957 3225 1362 3313 purgacionis
1406 3224 1942 3309 receptacionem,
1977 3223 2098 3287 sub
2127 3246 2298 3288 anno
2328 3226 2412 3289 ab
2473 3224 2774 3299 incarna-

456 3322 643 3385 cione
708 3316 971 3381 Domini
1031 3313 1383 3377 secundum
1430 3331 1688 3375 cursum
1741 3324 1808 3376 et
1861 3312 2418 3394 computacionem
2471 3314 2773 3378 ecclesiae

460 3405 842 3489 Anglicanoe
888 3400 1223 3465 millesimo
1268 3398 1896 3485 quadringentesimo
1927 3397 2251 3462 tricesimo
2274 3413 2530 3485 quarto,
2564 3400 2774 3465 indic-

460 3495 646 3558 cione
702 3488 901 3553 tercia
953 3486 1221 3562 decima,
1280 3487 1690 3569 pontificatus
1737 3484 2111 3549 sanctissimi
2157 3484 2220 3548 in
2273 3486 2536 3550 Christo
2567 3488 2771 3571 patris

458 3593 525 3645 et
554 3576 799 3642 domini
830 3572 1030 3639 nostri
1050 3572 1292 3635 domini
1332 3572 1605 3671 Euge-nii
1631 3571 1848 3636 divina
1871 3571 2285 3656 providencia
2321 3572 2522 3659 Papae
2553 3576 2776 3661 quarti

456 3688 627 3733 anno
658 3675 908 3750 quarto,
942 3658 1173 3723 mensis
1202 3659 1485 3723 Januani
1517 3658 1624 3723 die
1650 3658 1952 3723 vicesimo
1982 3673 2234 3739 octavu,
2269 3661 2332 3723 in
2367 3660 2544 3724 dicta
2567 3664 2776 3727 domo

462 3750 813 3840 Capitulari
886 3747 1181 3812 ecclesiae
1240 3746 1640 3811 Cathedralis
1719 3746 2197 3813 Dunelmensis,
2328 3746 2770 3813 Praesentibus

454 3836 917 3909 venerabilibus
970 3847 1039 3898 et
1090 3832 1382 3898 discretis
1431 3832 1576 3896 viris
1621 3833 1886 3897 domino
1917 3832 2178 3899 Thoma
2209 3833 2417 3920 Percy
2447 3836 2768 3900 canonico

458 3927 747 3995 ecclesiae
770 3922 1132 4007 collegiatae
1164 3921 1245 3985 de
1280 3919 1654 3998 Southwell,
1691 3919 2029 3984 Willielmo
2057 3920 2484 3985 Chaunceller
2515 3920 2770 3987 domini

459 4010 917 4083 Dunelmensis
992 4008 1295 4094 Episcopi
1354 4006 1755 4083 cancellarie,
1811 4006 2120 4091 magistro
2176 4007 2516 4072 Willelmo
2577 4008 2772 4074 Don-

457 4118 661 4169 castre
705 4098 949 4164 domini
995 4094 1443 4161 Dunelmensis
1493 4092 1778 4179 episcopi
1809 4093 2085 4171 officiali,
2122 4094 2430 4178 magistro
2458 4095 2772 4161 ,Iohanne

460 4188 789 4272 Burgham
844 4185 910 4249 in
956 4183 1206 4267 legibus
1252 4180 1596 4246 bacallario
1641 4204 1718 4245 ac
1761 4194 2016 4245 rectore
2061 4181 2348 4245 ecclesiae
2379 4183 2768 4266 parochialis

451 4278 660 4342 beatae
718 4272 949 4337 Mariae
1004 4272 1069 4334 in
1134 4268 1336 4335 Ballio
1399 4267 1678 4332 Australi
1731 4267 2180 4345 Dunelmensi,
2233 4266 2511 4332 dominis
2563 4270 2768 4335 Petro

463 4362 776 4447 Kirkeby,
832 4357 1150 4423 Willelmo
1206 4356 1489 4432 Holilob,
1521 4356 1816 4419 Johanne
1853 4355 2277 4439 Bynchestre,
2311 4356 2568 4421 Joanne
2605 4356 2768 4421 Per-

454 4450 701 4537 terkye,
748 4446 1043 4513 Johanne
1098 4443 1345 4521 Elstob,
1398 4436 1745 4527 Raclulpho
1793 4440 2088 4528 Skipton,
2122 4440 2418 4511 Johanne
2451 4444 2764 4531 Coi-brig,
