3000 5117
717 475 1144 528 APPENDIX.
1183 475 1368 527 ANN.
1408 473 1905 528 Mchxxxvl.
2328 467 2462 518 XCV

183 645 358 722 dictae
401 639 660 708 emersis
703 650 774 703 et
801 637 1040 704 habitis
1069 639 1238 704 inter
1267 649 1482 724 partes
1510 647 1920 713 memoratas,
1954 655 2172 702 coram
2200 631 2469 698 diversis

176 730 500 821 judicibus,
533 728 688 793 hinc
717 725 868 791 inde
899 726 1174 814 quaestio
1204 737 1583 803 verteretur,
1619 747 1696 790 ac
1724 724 1959 790 diversi
1989 742 2325 810 processus
2352 742 2471 805 per

179 819 410 904 judices
451 815 784 902 utriusque
827 815 1026 900 partis
1064 814 1335 879 fuissent
1365 827 1713 900 utrumque
1742 811 2069 878 viceversa
2094 807 2475 893 subscripti3

186 906 444 982 interim,
491 903 810 988 praedicto
859 902 1222 967 Willielmo
1272 899 1777 987 Archiepiscopo
1820 899 1903 965 de
1948 899 2165 966 medio
2194 897 2473 974 sublat0,

187 991 409 1079 placuit
453 988 968 1056 reverentissimo
1015 988 1180 1074 patri
1211 987 1474 1053 domino
1504 987 1787 1053 Johanni
1816 987 1947 1053 Dei
1978 984 2197 1072 gracia
2225 1005 2477 1051 succes-

187 1079 302 1144 sori
345 1077 540 1163 ipsius
579 1076 878 1141 willelmi
924 1076 1316 1160 immediato,
1363 1097 1486 1160 pro
1524 1098 1593 1139 se
1623 1087 1691 1139 et
1720 1073 2191 1140 successoribus
2220 1073 2367 1151 suis,
2398 1093 2477 1138 ac

187 1165 460 1231 similiter
511 1163 801 1250 praefatis
845 1163 1158 1248 religiosis
1209 1161 1418 1229 Priori
1462 1176 1537 1228 et
1563 1160 1869 1247 Capitulo
1902 1161 2329 1227 Dunelmensi
2360 1181 2479 1245 pro

189 1277 252 1319 se
293 1266 358 1318 et
377 1250 850 1317 successoribus
895 1250 1049 1330 suis,
1081 1252 1165 1317 ad
1196 1251 1528 1338 utriusque
1558 1249 1870 1328 ecclesiae,
1908 1249 2333 1314 Eboracensis
2360 1247 2483 1312 sci-

200 1342 338 1406 licet
359 1353 424 1405 et
450 1337 928 1417 Dunelmensis,
959 1341 1244 1428 quietem
1265 1351 1667 1425 perpetuam,
1699 1349 1769 1402 et
1798 1337 1881 1402 ad
1906 1336 2296 1401 omnimodae
2318 1357 2485 1422 prae-

193 1428 414 1493 habitae
443 1425 888 1493 contencionis
929 1448 1119 1513 super
1147 1423 1490 1513 praemissis
1520 1437 1895 1510 perpetuam
1926 1423 2355 1501 sedacionem,
2389 1423 2485 1487 in-

195 1517 584 1581 terveniente
635 1527 704 1579 et
747 1513 1070 1580 mediante
1115 1511 1462 1579 venerabili
1507 1525 1693 1597 patre
1734 1511 1999 1577 domino
2028 1512 2322 1576 Antonio
2356 1509 2489 1576 Dei

197 1603 394 1701 gracia
424 1601 758 1688 Episcopo
791 1599 1238 1678 Dunelmensi,
1353 1623 1388 1664 r
1417 1599 1587 1663 viam
1616 1599 1793 1684 pacis
1822 1599 2175 1686 procedere
2204 1599 2487 1664 finaliter

196 1713 254 1753 in
281 1691 444 1754 hunc
473 1689 768 1766 modum,
789 1687 1093 1754 videlicet
1115 1622 1759 1776 quotfgraenominati
1786 1686 1973 1752 Prior
2002 1699 2071 1752 et
2104 1687 2485 1773 Capitulum

199 1776 644 1841 Dunelmensis
667 1797 784 1861 pro
807 1799 876 1840 se
901 1790 970 1842 et
991 1773 1462 1840 successoribus
1491 1772 1643 1852 suiS,
1670 1795 1789 1859 pro
1808 1775 1986 1840 bono
2018 1774 2215 1860 pacis,
2236 1776 2485 1854 volunt,

199 1864 616 1940 consentiunt,
665 1874 734 1927 et
777 1874 1266 1947 recognoscunt,
1313 1861 1492 1948 quod
1536 1860 1843 1946 praefatus
1886 1861 2267 1928 venerabilis
2304 1877 2489 1948 pater

199 1951 480 2015 dominus
533 1951 866 2016 Johannes
915 1950 1454 2036 Archiepiscopus
1499 1949 1924 2036 Eboracensis
1974 1962 2043 2014 et
2093 1971 2489 2014 successores

199 2039 306 2115 sui,
349 2037 614 2103 racione
673 2039 966 2102 ecclesiae
1014 2038 1460 2114 Eboracensis,
1505 2036 2027 2122 jurisdiccionem
2074 2036 2487 2103 diocesanam

201 2126 461 2190 habeant
513 2137 590 2189 et
640 2139 1028 2191 excerceant
1073 2125 1140 2190 in
1192 2123 1480 2202 ecclesia,
1529 2123 1809 2202 civitate,
1857 2136 1927 2188 et
1962 2124 2203 2190 diocesi
2238 2125 2497 2190 Dunel-

201 2213 529 2290 mensibus,
557 2212 714 2277 sede
741 2211 1166 2278 Dunelmensi
1191 2225 1478 2289 vacante,
1506 2225 1700 2297 prout
1721 2211 1971 2298 praefati
1991 2213 2493 2296 proedecessores

203 2300 429 2365 domini
469 2299 792 2364 willielmi
845 2299 1332 2386 Archiepiscopi
1377 2322 1519 2364 eam
1560 2297 1737 2364 dicta
1764 2300 1919 2364 sede
1949 2314 2221 2366 vacante
2248 2300 2495 2366 habue-

204 2387 320 2451 rint
369 2400 434 2453 et
487 2389 906 2452 exercuerint
957 2388 1024 2452 in
1072 2387 1362 2465 ecclesia,
1417 2387 1678 2453 civitate
1729 2402 1798 2451 et
1842 2385 2081 2452 diocesi
2128 2388 2494 2454 antedictis.

211 2474 378 2540 Idem
423 2475 688 2560 insuper
729 2475 1060 2541 Johannes
1105 2474 1647 2560 Archiepiscopus
1690 2473 2090 2561 supradictus
2120 2497 2345 2541 omnes
2388 2497 2497 2542 ac-

207 2561 430 2642 ciones,
477 2563 796 2650 querelas,
843 2564 1124 2648 injurias,
1157 2585 1456 2628 rancores
1487 2577 1551 2641 et
1580 2562 2078 2642 malivolenciaS,
2111 2563 2161 2626 si
2186 2585 2345 2651 quas
2374 2563 2497 2630 sibi

209 2651 445 2716 nomine
489 2650 782 2716 ecclesiae
811 2673 946 2714 suae
976 2650 1040 2714 in
1072 2672 1346 2735 persona
1372 2649 1839 2736 predecessoris
1868 2650 1965 2716 sui
2002 2650 2301 2717 Willelmi
2331 2674 2497 2737 prae-

207 2737 372 2802 libati
415 2761 535 2823 per
585 2737 848 2802 eosdem
891 2737 1248 2823 religiosos,
1294 2751 1407 2804 aut
1439 2760 1666 2804 eorum
1696 2751 2159 2825 procuratores,
2192 2761 2307 2804 seu
2338 2739 2497 2806 alios

209 2847 637 2913 quoscumque
683 2825 806 2890 sibi
847 2825 1260 2903 adherentem,
1292 2838 1663 2926 competere
1694 2827 2089 2910 reputaverit
2118 2827 2218 2890 vel
2253 2824 2495 2907 inferri,

213 2934 376 2996 pure,
424 2913 804 2998 simpliciter
846 2927 912 2978 et
943 2912 1236 2978 absolute
1265 2913 1591 2999 praedictis
1620 2912 1931 2998 religiosis
1959 2913 2226 2980 remittit
2250 2913 2502 2999 penitus

209 3013 272 3063 et
313 3002 662 3066 condonat.
756 2999 924 3064 Item
968 2999 1387 3065 consenciunt
1429 3013 1645 3086 partes
1688 3000 2021 3086 proedictae
2065 2999 2241 3086 quod
2272 3023 2499 3067 omnes

211 3087 546 3152 sentenciae
607 3087 1051 3172 suspensionis,
1113 3086 1824 3165 excommunicacioniS,
1886 3086 2235 3166 interdicti,
2296 3087 2508 3174 priva-

212 3173 414 3253 cionis,
477 3174 930 3260 deposicionis,
993 3187 1060 3240 et
1117 3174 1262 3240 alioe
1321 3197 1749 3262 quaecumque
1808 3175 2234 3240 execuciones
2296 3175 2501 3240 eciam

213 3263 582 3339 subsecutae,
628 3263 1208 3328 condemnaciones
1253 3283 1703 3364 expensarum,
1752 3275 1819 3328 et
1862 3284 2081 3329 omnes
2112 3260 2219 3328 alii
2248 3285 2507 3348 proces-

215 3369 332 3426 ειιε,
363 3371 582 3414 coram
613 3350 1122 3438 quibuscumque
1144 3350 1470 3436 judicibus
1499 3373 1615 3416 seu
1646 3371 1763 3436 per
1791 3373 2229 3438 quoscumque
2248 3350 2503 3436 judices

215 3435 372 3514 latae,
417 3438 504 3502 de
547 3437 724 3501 facto
753 3459 865 3502 seu
895 3438 980 3502 de
999 3440 1148 3524 jure
1177 3437 1391 3516 factae,
1423 3437 1629 3503 eciam
1660 3460 1773 3503 seu
1804 3438 2231 3518 demandatae,
2264 3437 2506 3504 viribus

215 3523 592 3589 omnimodis
621 3537 884 3590 careant
902 3537 972 3590 et
993 3525 1250 3609 penitus
1273 3524 1709 3592 adnullentur.
1807 3524 1895 3590 Et
1912 3533 2226 3613 quatenus
2257 3526 2339 3592 de
2357 3529 2507 3615 jure

217 3611 308 3674 vel
337 3611 420 3676 de
447 3611 628 3676 facto
657 3625 1108 3698 processerunt
1135 3626 1526 3677 revocentur
1549 3624 1615 3678 et
1642 3624 2094 3678 retractentur.
2176 3613 2263 3680 Et
2294 3629 2507 3699 partes
2544 3679 2555 3688 ,

221 3697 566 3764 adinvicem
617 3699 1112 3764 retractaciones
1162 3699 1553 3785 hujusmodi,
1600 3698 1729 3764 suis
1760 3701 2089 3789 utriusque
2118 3701 2501 3788 sumptibuS,

221 3782 372 3850 iufra
415 3807 662 3851 annum
709 3808 750 3851 a
802 3799 1095 3872 tempore
1139 3787 1597 3872 complecionis
1642 3787 2092 3874 praesencium,
2148 3790 2323 3854 bona
2372 3788 2504 3853 fide

223 3871 552 3938 efficaciter
599 3875 1038 3958 procurabunt
1089 3886 1158 3938 et
1199 3873 1439 3939 facient
1481 3875 1857 3952 retractari3
1896 3875 2240 3963 literasque
2269 3896 2508 3940 renun-

223 3958 510 4024 ciacionis
555 3983 752 4046 super
801 3961 1173 4047 hujusmodi
1221 3961 1644 4047 processibus,
1691 3961 1912 4050 sigillis
1948 3961 2281 4050 utriusque
2310 3961 2509 4047 partis

225 4045 510 4130 signatas,
567 4047 717 4114 hinc
764 4048 917 4115 inde
963 4047 1085 4114 sibi
1131 4048 1406 4115 invicem
1458 4049 1844 4117 liberabunt.
1941 4050 2069 4115 Per
2096 4049 2260 4113 hanc
2290 4061 2509 4114 autem

227 4135 750 4220 composicionem
793 4157 928 4201 non
971 4135 1320 4202 intendunt
1363 4152 1580 4224 partes
1616 4135 1944 4222 praedictoe
1974 4137 2151 4225 quod
2183 4136 2514 4223 Episcopo

229 4217 658 4302 Dunelmensi,
705 4225 818 4312 qui
864 4246 1034 4289 nunc
1087 4236 1205 4304 est,
1267 4224 1372 4290 vel
1418 4224 1529 4312 qui
1582 4247 1703 4310 pro
1753 4240 2043 4310 tempore
2088 4223 2303 4304 fuerit,
2354 4225 2509 4289 sede

229 4305 424 4454 plena,
473 4309 736 4398 aliquod
781 4311 1228 4400 praejudicium
1278 4334 1408 4400 quo
1437 4311 1523 4377 ad
1554 4309 1979 4396 excepciones
2010 4324 2078 4376 et
2107 4311 2510 4378 defensiones

253 4394 534 4478 egitimas
581 4398 788 4464 eidem
831 4400 1083 4485 dejure
1128 4399 1230 4466 vel
1262 4399 1346 4464 de
1376 4397 1553 4464 facto
1580 4411 2027 4485 competentes
2056 4421 2166 4465 seu
2200 4399 2513 4485 competi·

233 4491 394 4550 turas
445 4485 764 4553 ullatenus
815 4498 1182 4574 generetur.
1277 4487 1358 4554 In
1411 4507 1685 4574 quorum
1733 4485 2017 4554 omnium
2058 4486 2514 4574 praedictorum
