3000 5117
472 441 628 515 cclx
984 466 1185 515 fflsr.
1226 465 1575 517 mmmm.
1619 462 2074 515 scium-unns
2101 461 2318 513 runs.
2404 523 2410 527 ,

402 626 407 632 ’
478 626 667 691 libras
701 626 1172 691 distribuendas
1204 650 1323 711 pro
1351 624 1606 691 dnobus
1647 624 1925 690 millibus
1957 624 2162 689 missis
2189 623 2618 704 wicht-andis,
2671 626 2810 690 fes-

473 716 784 779 tinancius
814 736 947 800 quo
976 714 1249 779 comode
1280 727 1584 799 poterunt
1615 726 1759 798 post
1789 713 2120 777 decessum
2154 735 2394 791 meum,
2425 736 2548 798 pro
2577 713 2806 777 anima

474 799 719 865 domini
752 801 961 866 mariti
992 800 1139 878 mei,
1179 816 1243 866 et
1290 801 1504 865 anima
1531 823 1697 877 mea,
1729 814 1796 865 et
1822 798 2156 863 animabus
2187 798 2472 863 omnium
2507 799 2810 865 fidelium

483 890 957 954 defunctorum..
1058 888 1269 971 Hujus
1300 904 1517 953 autem
1567 887 1931 952 testamenti
1963 884 2085 949 mei
2117 899 2502 951 executores
2531 888 2705 952 facio
2737 902 2810 950 et

486 974 809 1041 constituo
842 974 1273 1061 praedilectam
1306 976 1502 1039 filiam
1529 996 1739 1039 meam
1781 973 2154 1039 Katerinam
2183 973 2523 1039 Ducissam
2552 974 2814 1039 North-

484 1062 719 1140 solcioe,
758 1064 1117 1127 Bobertum
1148 1061 1535 1147 Episcopum
1566 1061 2088 1139 Dunelmeusem‚
2120 1060 2469 1125 Ricardum
2495 1062 2812 1125 comitem

490 1152 742 1229 Sarum,
782 1148 1141 1234 Georgium
1176 1148 1534 1213 Dominum
1579 1149 1662 1213 de
1698 1148 2065 1235 Latymere,
2095 1148 2264 1213 filios
2301 1170 2502 1224 meos,
2537 1148 2812 1213 fratrem

490 1237 813 1303 Thomam
882 1238 1203 1323 Bynham‚
1266 1236 1632 1301 Johannem
1704 1236 1972 1317 Duffeld
2033 1236 2360 1313 clericum,
2435 1236 2814 1301 Robertum

494 1324 913 1402 Conestable,
950 1323 1317 1390 Johannem
1368 1321 1711 1408 Whixley,
1745 1322 2070 1387 'rhomam
2131 1322 2467 1409 Wytham‚
2493 1336 2571 1387 et
2622 1324 2814 1387 Tho-

490 1435 661 1476 mam
714 1412 1005 1487 Walton3
1058 1410 1288 1497 quibus
1332 1409 1423 1474 do
1475 1426 1542 1474 et
1587 1409 1735 1495 lego
1775 1410 2101 1473 residuum
2147 1409 2435 1474 omnium
2480 1412 2815 1475 bonorum

494 1522 783 1565 meorum
828 1521 959 1563 non
1005 1499 1402 1581 legatorum3
1450 1510 1523 1561 ut
1565 1496 1910 1581 disponant
1952 1510 2020 1561 et
2063 1496 2362 1561 ordine-nt
2397 1497 2598 1581 juxta
2643 1498 2818 1563 velle

490 1609 728 1665 meum,
760 1603 954 1669 prout
996 1607 1217 1649 coram
1263 1608 1518 1649 summo
1559 1583 1792 1649 Judice
1825 1582 2212 1669 respondere
2241 1583 2586 1649 voluerint.
2679 1586 2820 1651 Su-

490 1673 845 1757 pervisores
896 1688 1109 1739 autem
1166 1672 1453 1757 ejusdem
1510 1670 1875 1735 testamenti
1925 1669 2048 1734 mei
2101 1669 2336 1733 ordino
2379 1686 2452 1735 et
2481 1672 2820 1737 constituo

488 1760 911 1825 reverendum
942 1758 1277 1825 dominum
1312 1775 1378 1825 et
1424 1758 1690 1824 fratrem
1735 1780 1950 1821 meum
1992 1758 2352 1821 Henrieum
2405 1758 2535 1823 Dei
2581 1760 2816 1864 gracia

502 1846 913 1913 Cardinalem
964 1846 1240 1930 Angl-iae,
1291 1862 1355 1911 et
1402 1846 1767 1910 Johannem
1823 1843 2234 1929 permissione
2281 1844 2504 1909 divina
2561 1846 2822 1911 Ebora-

498 1955 753 2002 censem
810 1933 1431 2018 Archiepiscopum3
1476 1954 1712 2021 rogans
1760 1947 1826 1995 et
1875 1930 2238 2015 supplicans
2281 1954 2415 2010 eos,
2450 1946 2524 1997 ut
2555 1934 2678 2017 ipsi
2732 1936 2822 1999 ob

494 2020 930 2086 reverenciam
982 2020 1109 2084 Dei
1168 2034 1236 2083 et
1294 2042 1580 2085 amorem
1642 2018 1792 2095 mei,
1831 2040 1992 2082 onus
2050 2018 2430 2102 praedictum
2493 2042 2696 2105 super
2753 2045 2824 2085 se

496 2131 815 2175 assumere
876 2107 1244 2190 dignentur.
1365 2107 1443 2170 ln
1501 2128 1776 2194 quorum
1828 2104 2118 2171 omnium
2171 2106 2612 2172 testimonium
2665 2108 2823 2173 huic

500 2194 801 2281 praesenti
846 2207 1237 2259 testamento
1280 2215 1429 2257 meo
1474 2193 1751 2278 sigillum
1781 2214 1996 2259 meum
2045 2194 2340 2277 apposui.
2437 2195 2614 2259 Item
2661 2197 2824 2261 volo

500 2282 674 2370 quod
707 2304 823 2367 per
847 2282 1301 2346 discrecionem
1334 2294 1401 2344 et
1432 2280 1914 2345 ordinacionem
1945 2277 2104 2343 dicti
2135 2280 2248 2343 filii
2271 2282 2398 2344 inei
2431 2282 2728 2359 Ricardi‚
2755 2296 2826 2347 et

498 2369 786 2453 magistri
834 2369 1111 2433 Thomae
1163 2368 1483 2454 Bynham,
1517 2367 1736 2431 debite
1797 2366 2300 2451 perimpleantur
2341 2382 2542 2432 certae
2595 2371 2831 2435 condi-

500 2456 723 2522 ciones
776 2469 840 2521 et
890 2455 1354 2522 convenciones
1405 2453 1474 2517 in
1528 2454 1908 2541 quibusdam
1955 2452 2315 2518 indentur-is
2368 2455 2541 2520 inter
2587 2478 2710 2519 nos
2761 2471 2830 2523 et

512 2542 892 2611 Priorissam
922 2558 990 2607 et
1022 2555 1411 2606 conventum
1440 2540 1823 2605 Monialium
1855 2541 1939 2604 de
1973 2540 2402 2627 Nonkillying
2429 2543 2496 2607 in
2537 2543 2832 2609 Holder-

502 2653 688 2695 nesse
736 2642 1089 2706 contentas,
1122 2629 1205 2693 de
1257 2626 1510 2691 duobus
1553 2626 1894 2712 capellanis
1939 2648 2053 2711 per
2083 2627 2250 2711 ipsas
2281 2628 2692 2695 inveniendis
2743 2633 2830 2696 ad

506 2717 823 2782 orandum
870 2729 938 2780 et
983 2714 1437 2780 celebrandum
1486 2714 1550 2778 in
1582 2727 1960 2800 perpetuum
1992 2735 2112 2799 pro
2143 2716 2480 2781 animabus
2509 2716 2673 2782 dicti
2707 2719 2830 2783 do-

505 2804 662 2867 mini
694 2802 901 2869 mariti
932 2802 1083 2880 mei,
1116 2824 1283 2880 mea,
1312 2801 1602 2868 omnium
1631 2802 1980 2868 liberorum
2011 2815 2404 2881 nostrorum,
2431 2819 2502 2868 et
2523 2805 2830 2871 omnium

505 2889 797 2957 fidelium
842 2890 1336 2959 defunctorumz
1386 2888 1686 2953 videlicet
1727 2888 1812 2951 de
1853 2886 1976 2950 illis
2008 2888 2191 2951 terris
2223 2903 2288 2952 et
2318 2891 2712 2955 tenementis
2767 2893 2832 2956 in

510 2978 771 3043 civitate
824 2974 1219 3043 Eboracensi
1267 2976 1597 3061 praedicta,
1640 2996 1788 3061 quae
1837 2996 2042 3059 nuper
2089 2973 2350 3041 fuerunt
2379 2978 2676 3061 praedicti
2713 2980 2837 3045 do-

507 3066 667 3129 mini
688 3064 899 3129 mariti
928 3064 1076 3142 mei,
1108 3086 1219 3128 seu
1250 3062 1522 3127 aliorum
1553 3062 1617 3125 in
1649 3062 1886 3127 eisdem
1917 3060 2346 3127 feoffatorum.
2437 3064 2606 3128 Item
2641 3066 2739 3131 do
2769 3080 2837 3130 et

506 3152 659 3239 lego
716 3152 1000 3217 Ricardo
1044 3150 1183 3216 filio
1228 3163 1295 3215 et
1340 3149 1566 3215 heredi
1600 3148 1864 3212 Ricardi
1910 3147 2184 3215 Comitis
2219 3150 2474 3228 Sarum,
2525 3150 2643 3215 filii
2699 3155 2836 3223 mei

510 3238 830 3333 praedicti,
862 3262 1063 3303 unum
1095 3259 1266 3302 ewer
1294 3250 1670 3323 argenteum
1706 3248 1770 3299 et
1794 3234 2196 3305 deauratum,
2290 3236 2458 3301 Item
2484 3238 2570 3301 do
2589 3250 2658 3302 et
2675 3239 2838 3324 lego

530 3326 762 3391 Aliciae
793 3326 947 3390 filine
986 3324 1279 3391 Isabelloe
1325 3323 1407 3388 de
1446 3322 1763 3407 Whixley,
1798 3319 2025 3403 viginti
2071 3322 2264 3386 libras
2309 3323 2394 3386 ad
2423 3323 2847 3409 maritagium

512 3434 723 3479 suum.
820 3412 969 3477 Hiis
1000 3413 1289 3489 testibuS,
1330 3409 1653 3475 Edwardo
1687 3406 1973 3471 Domino
2007 3408 2462 3497 Burgevenny‚
2489 3410 2628 3475 filio
2659 3435 2838 3489 meo,

523 3498 801 3564 Eudone
821 3498 1128 3575 Claxton,
1158 3497 1417 3561 Thoma
1433 3493 1998 3572 Bewike,clericiS,
2024 3494 2406 3560 Not-manno
2429 3498 2838 3583 Swynsorth,

517 3584 559 3649 J
562 3584 813 3648 ohanne
827 3584 1405 3662 cassen,Johanne
1427 3580 2265 3669 Wandesforth,armigeriS,
2299 3596 2368 3647 et
2398 3584 2559 3649 aliis·
2639 3586 2846 3673 Apud

518 3671 886 3750 Howedom
919 3671 1047 3750 die,
1083 3692 1299 3735 mense
1329 3684 1393 3735 et
1424 3692 1596 3735 anno
1625 3666 2074 3754 supradictis*

594 3852 622 3879 ⁰
663 3846 884 3898 Probate
904 3845 1120 3914 granted
1144 3847 1211 3897 20
1233 3846 1275 3896 J
1277 3861 1353 3896 an.
1384 3846 1604 3907 1440-1,
1627 3847 1682 3895 in
1706 3844 1798 3894 the
1823 3840 2036 3893 Church
2063 3842 2124 3894 of
2159 3842 2386 3909 Holtby,
2409 3846 2482 3910 by
2505 3843 2599 3897 the
2627 3846 2848 3915 Keeper

516 3914 581 3967 of
590 3914 682 3967 the
708 3913 1018 3981 Spiritualty
1039 3911 1194 3965 of'St.
1217 3914 1481 3964 cuthbert
1502 3914 1554 3963 in
1583 3911 1815 3963 Howden
1840 3906 1940 3959 and
1969 3908 2356 3971 Howdenshire,
2377 3919 2433 3962 to
2457 3911 2688 3963 Richard
2721 3914 2854 3970 Earl

514 3982 583 4040 pf
598 3984 798 4047 Sarum,
822 3984 1031 4051 George
1056 3982 1197 4035 Lord
1220 3982 1475 4046 Latimer,
1502 3982 1704 4033 Robert.
1729 3976 2058 4041 conestable,
2079 3978 2180 4031 aud
2207 3976 2434 4031 Thomas
2463 3978 2703 4037 Walton.
