3000 5117
505 464 854 541 cccxcviii
1059 484 1264 538 ms'r.
1305 482 1663 537 numum.
1704 484 2167 540 SCRIPTORES
2204 484 2423 541 rans,

499 672 636 714 sem
663 671 706 715 a
735 648 991 713 vinculo
1011 670 1142 737 quo
1171 647 1365 712 dictae
1389 646 1681 715 ecclesiae
1712 646 2159 728 Dunelmensi,
2192 651 2296 714 cui
2322 636 2485 716 'tunc
2514 665 2829 739 praeerat,

499 737 870 813 tenebatur,
919 736 1002 801 de
1031 734 1342 800 similibus
1373 735 1643 801 consilio
1691 752 1760 800 et
1808 737 2147 821 potestatis
2180 738 2579 822 plenitudine
2608 740 2835 807 absol-

503 839 748 901 ventes,
803 823 1011 909 ipsum
1063 822 1147 887 ad
1193 821 1527 887 ecclesiam
1581 822 2087 887 wintoniensem
2135 838 2292 889 tnnc
2343 842 2705 905 vacantem,
2740 828 2835 892 de

499 911 853 975 eorundem
883 911 1152 975 fratrum
1169 908 1456 987 consilio,
1481 909 1872 974 auctoritate
1904 910 2257 994 apostolica
2276 913 2583 977 duximus
2616 930 2833 979 trans-

499 998 860 1075 ferendum,
909 996 1327 1083 praeficiendo
1387 996 1595 1083 ipsum
1648 996 1742 1060 illi
1800 997 1863 1061 in
1908 997 2283 1083 episcopum
2342 1014 2412 1063 et
2456 1016 2824 1086 pastorem,

499 1086 676 1151 dicta
719 1087 1104 1151 auctoritate
1137 1084 1598 1162 transtulimus,
1630 1085 1967 1169 ipsumque
1998 1084 2208 1149 eidem
2238 1087 2531 1152 ecelesias
2568 1088 2831 1153 Dunel-

497 1172 700 1237 mensi
737 1172 1123 1257 praeficimus
1161 1170 1228 1235 in
1263 1170 1653 1270 Episcopum
1685 1184 1755 1235 et
1784 1185 2126 1257 pastorem,
2160 1194 2380 1238 curam
2410 1190 2477 1239 et
2508 1176 2825 1240 adminis-

499 1258 850 1325 tracionem
885 1258 1080 1345 ipsius
1123 1258 1414 1323 ecclesiae
1462 1257 1917 1323 Dunelmensis
1962 1258 2082 1324 sibi
2138 1259 2213 1331 ,in
2258 1260 2707 1347 spiritualibus
2752 1279 2829 1330 et

498 1346 958 1447 temporalibus
1034 1345 1270 1410 lenarie
1319 1345 1803 1423 committendo,
1854 1362 2046 1431 prout
2090 1345 2155 1409 in
2201 1348 2439 1414 nostris
2480 1349 2631 1417 inde
2659 1350 2849 1415 con·'

508 1434 696 1499 fectis
727 1434 927 1499 literis
957 1454 999 1518 p
1025 1432 1206 1497 enius
1235 1432 1624 1501 continetur.
1682 1432 2004 1507 Quocirca
2032 1432 2408 1499 discrecioni
2434 1451 2668 1501 vestrae
2700 1458 2835 1523 per

499 1521 857 1607 apostolica
899 1522 1136 1605 scripta
1181 1518 1581 1597 mandamus,
1628 1519 1930 1607 quatinus
1974 1520 2184 1585 eidem
2240 1522 2601 1588 Willielmo
2647 1525 2830 1609 epis-

499 1630 648 1693 opo,
697 1622 1002 1695 tanquam
1047 1605 1212 1692 patri
1255 1621 1321 1671 et
1366 1608 1609 1692 pastori
1660 1606 2019 1671 animarum
2060 1622 2437 1686 vestrarum,
2486 1610 2833 1677 humiliter

498 1695 925 1772 intendentes,
971 1716 1050 1759 ac
1093 1694 1476 1759 exhibentes
1510 1694 1633 1757 sibi
1662 1694 2105 1759 obedienciam
2136 1710 2203 1760 et
2235 1699 2664 1763 reverenciam
2700 1700 2831 1764 de·-

498 1782 666 1847 bitas
696 1797 766 1847 et
811 1783 1100 1860 devotaS,
1148 1781 1286 1866 ejus
1349 1781 1629 1845 salubria
1672 1780 1919 1846 monita
1960 1781 2317 1868 suscipiatis
2362 1797 2429 1849 ct
2480 1786 2821 1863 mandata,

499 1893 708 1956 eaque
737 1869 1065 1935 humiliter
1109 1883 1175 1932 et
1219 1868 1566 1934 efficaciter
1610 1867 1964 1954 adimplere
2010 1869 2285 1935 curetis:
2332 1870 2615 1959 alioquin
2664 1896 2833 1937 sen-

501 1958 802 2035 tenciam,
835 1979 1026 2045 quam
1057 1954 1224 2020 idem
1269 1956 1639 2020 Willielmus
1670 1954 2002 2041 episcopus
2032 1955 2155 2021 rite
2178 1958 2395 2023 tulerit
2424 1958 2489 2023 in
2512 1960 2819 2039 rebelles,

499 2063 704 2109 ratam
731 2044 1127 2121 habebimus,
1159 2060 1228 2108 et
1256 2042 1585 2121 faciemus,
1619 2057 1885 2109 auctore
1914 2042 2241 2125 ⁸Domino,
2276 2068 2479 2133 usque
2522 2046 2607 2111 ad
2631 2048 2829 2113 satis-

500 2127 860 2197 faccionem
919 2131 1310 2217 condignam
1368 2129 1819 2195 inviolabiliter
1900 2130 2242 2209 observari,
2312 2133 2491 2198 Data
2554 2134 2819 2214 Romae,

500 2218 676 2304 apud
725 2220 1034 2285 Sanctum
1071 2217 1357 2295 Petrum,
1391 2240 1567 2282 anno
1596 2216 2055 2283 incarnacionis
2082 2217 2447 2285 Dominicoe
2470 2228 2601 2285 mm
2626 2223 2829 2308 quin-

497 2306 856 2459 gentesgmo
899 2304 1204 2383 secundo,
1253 2305 1478 2393 quinto
1539 2304 1844 2371 kalendas
1888 2305 1931 2371 J
1934 2303 2068 2385 ulii,
2134 2308 2547 2392 pontificatus
2608 2311 2823 2375 nostri

498 2415 670 2459 anno
747 2416 977 2461 cenno-

809 2814 1004 2860 CCCX·
1053 2812 1466 2858 INDENTURA
1526 2812 1665 2857 PRO
1710 2810 2044 2858 sonatum
2090 2808 2491 2855 TILDRSLEY.

1397 2954 1558 3025 [neg.
1582 2954 1656 3007 v.
1676 2954 1714 3005 ε
1751 2954 1863 3019 7o.1

589 3100 761 3167 Haec
791 3098 1138 3165 indentura
1165 3096 1337 3162 facta
1367 3096 1533 3161 inter
1563 3096 1907 3176 Thomam,
1940 3096 2355 3184 permissione
2388 3097 2628 3163 Divina
2662 3099 2819 3165 Pri-

498 3212 678 3255 orem
701 3186 984 3255 ecclesiae
1013 3184 1395 3252 cathedralis
1427 3184 1881 3249 Dunelmensis
1908 3199 1976 3249 et
2008 3185 2295 3270 ejusdem
2327 3186 2452 3251 loci
2500 3187 2814 3253 Conven-

497 3292 635 3343 tum
649 3300 734 3343 ex
748 3298 876 3342 una
892 3289 1098 3363 parte,
1122 3289 1188 3339 et
1205 3272 1567 3338 ,Iohannem
1584 3271 1911 3358 Tildesley
1923 3287 2251 3338 cantorem
2270 3296 2353 3338 ex
2374 3273 2581 3338 altera
2590 3290 2807 3360 parte,

497 3379 788 3442 testatur,
821 3363 996 3450 quod
1028 3362 1194 3427 idem
1226 3358 1558 3425 ,Iohannes
1590 3374 1687 3424 est
1718 3374 2009 3424 retentus
2040 3373 2109 3425 et
2138 3360 2409 3425 firmiter
2427 3360 2685 3445 juratus
2715 3364 2807 3427 ad

497 3452 839 3517 terminum
873 3449 1042 3527 vitae,
1077 3450 1197 3513 sub
1229 3448 1435 3512 forma
1465 3446 1907 3533 inii-ascripta3
1958 3447 2077 3516 viz.
2124 3448 2299 3535 quod
2346 3449 2519 3514 idem
2551 3449 2806 3515 Johan·

496 3558 614 3603 nes
648 3535 933 3601 Tildesle
999 3535 1138 3599 illos
1171 3534 1519 3599 monachos
1545 3534 2038 3613 DunelmenseS,
2072 3550 2139 3599 et
2168 3550 2319 3601 octo
2349 3556 2587 3622 pueros
2618 3560 2808 3602 secu-

497 3626 684 3702 lares,
763 3642 878 3686 uos
991 3621 1120 3686 rior
1167 3621 1621 3687 Dunelmensis
1655 3622 1755 3687 vel
1802 3622 1937 3708 ejus
1984 3623 2331 3708 deputatus
2380 3624 2804 3708 assignaverit

495 3711 618 3777 sibi
796 3707 1198 3786 discendum,
1241 3708 1491 3774 assidue
1524 3725 1589 3775 et
1620 3709 1967 3796 diligenter
1994 3730 2070 3775 ac
2102 3710 2347 3775 meliori
2398 3712 2616 3789 modo,
2665 3734 2802 3799 quo

496 3798 772 3876 sciverit,
805 3810 936 3863 tam
979 3796 1063 3862 ad
1109 3795 1573 3861 modulandum
1618 3820 1813 3883 super
1862 3818 2104 3883 organa
2200 3819 2344 3862 uam
2393 3798 2475 3863 ad
2528 3800 2803 3885 planum

495 3904 758 3955 cantum
787 3899 854 3950 et
898 3882 1295 3973 organicum,
1345 3883 1593 3949 scilicet
1644 3884 2023 3985 playnsong,
2073 3887 2171 3969 pri
2218 3901 2390 3963 note,
2446 3885 2802 3967 faburdon,

493 3976 765 4051 discant,
797 3986 1175 4049 swarenote,
1207 3984 1274 4037 et
1295 3985 1587 4050 countre,
1620 3988 1928 4059 quantum
1964 3994 2025 4035 m
2056 3975 2195 4057 ipso
2225 3987 2343 4051 est,
2376 3972 2571 4057 gratis
2616 3973 2809 4039 labo-

493 4064 663 4129 rabit
692 4074 761 4126 et
789 4059 1178 4137 informabit,
1225 4080 1300 4123 ac
1343 4059 1649 4144 praefatos
1698 4059 2041 4124 monachos
2094 4076 2161 4124 et
2212 4074 2362 4125 octo
2409 4082 2669 4147 pueroS,
2722 4078 2803 4129 nt

493 4148 928 4238 praemittitur,
960 4160 1190 4233 qnater
1217 4145 1392 4209 omni
1423 4146 1531 4211 die
1561 4145 1814 4225 feriato,
1862 4145 2166 4213 videlicet
2207 4148 2305 4212 bis
2336 4162 2489 4213 aute
2534 4148 2803 4215 meridi-

493 4260 600 4303 em
629 4252 697 4301 et
724 4234 822 4300 bis
853 4246 999 4315 post
1033 4232 1389 4311 meridiem,
1421 4235 1545 4297 nisi
1576 4232 1860 4321 legitime
1906 4233 2247 4319 impeditus
2278 4235 2492 4315 fuerit,
2519 4235 2803 4320 diligen-

493 4338 592 4391 ter
649 4335 718 4387 et
772 4320 1158 4385 sufficienter
1207 4319 1513 4396 docebit3
1566 4342 1920 4407 eorumque
1952 4320 2292 4401 lecciones,
2326 4334 2400 4387 ut
2428 4324 2800 4409 praefertur,

493 4408 738 4484 audiet,
771 4404 964 4469 nichil
993 4407 1076 4470 ab
1105 4408 1200 4471 eis
1228 4406 1310 4471 de
1338 4406 1527 4471 dictis
1556 4406 1841 4472 scienciis
1885 4408 2294 4475 occultando.
2432 4409 2807 4477 Tenebitur

495 4495 713 4581 itaque
743 4489 1090 4577 praedictus
1120 4492 1456 4561 ,Iohannes
1482 4494 1775 4560 omnibus
1799 4510 1868 4559 et
1910 4494 2172 4581 singulis
2218 4496 2441 4577 missis,
2486 4498 2797 4585 vesperis,
