3000 5117
814 482 1237 537 APPENDIX.
1280 481 1461 531 ANN.
1500 480 2036 533 mccccxxxvn
2243 463 2496 539 ccxlvii

167 644 469 727 superius
522 642 585 707 in
637 643 763 707 hoc
816 654 1207 719 testamento
1260 664 1407 707 meo
1459 640 1786 727 descripta
1826 642 2108 727 plenarie
2139 646 2488 727 persoluta,

165 729 499 807 ordinent,
530 729 786 807 faciant,
819 742 887 794 et
916 730 1280 814 disponant,
1314 728 1378 793 in
1411 727 1636 805 missis,
1671 728 2050 806 elemosinis,
2078 744 2146 794 ct
2175 730 2312 795 aliis
2334 754 2492 816 ope-

166 812 357 880 ribus
402 816 709 893 caritatis,
742 830 937 901 prout
983 817 1339 881 secundum
1376 814 1588 879 Deum
1645 828 1714 879 et
1757 836 1975 879 sanam
2007 815 2486 898 conscientiam,

162 902 261 967 ad
312 902 585 968 salutem
630 902 863 968 auimae
893 925 1057 967 meae
1111 901 1379 968 celerius
1411 915 1477 965 et
1504 900 1728 965 melius
1761 901 2037 967 viderint
2066 903 2396 989 expedire,
2429 921 2499 972 et

162 1002 371 1073 prout
398 1012 592 1075 super
622 989 1055 1076 disposicione
1086 988 1447 1073 hujusmodi
1478 1008 1694 1053 coram
1725 1010 1978 1054 summo
2006 989 2238 1055 Judice
2267 993 2489 1058 volue-

162 1077 307 1140 rint
360 1077 630 1141 reddere
675 1076 1020 1141 racionem.
1115 1076 1335 1161 Hujus
1382 1090 1598 1141 autem
1630 1075 2031 1140 Testamenti
2081 1077 2202 1141 mei
2250 1100 2488 1145 execu-

164 1176 353 1227 tores
402 1163 635 1227 ordino
684 1162 1118 1248 infrascriptos
1171 1164 1290 1227 viz.
1333 1160 1721 1226 reverendos
1765 1162 1830 1225 in
1866 1163 2128 1228 Christo
2158 1178 2372 1249 patres
2417 1183 2488 1232 et

164 1249 475 1314 dominos
513 1246 915 1314 willielmum
968 1248 1383 1335 permissione
1428 1248 1650 1313 divina
1709 1248 2180 1315 Norwicensem
2221 1251 2487 1339 Episco-

162 1358 355 1421 pum,
388 1350 455 1401 et
485 1336 815 1400 dominum
856 1335 1257 1401 willielmum
1288 1336 1710 1423 permissione
1731 1335 1946 1401 divina
1981 1336 2486 1405 Coventrensem

162 1438 241 1487 et
300 1422 832 1488 Lechfeldensem
884 1423 1279 1509 episcopum,
1331 1423 1581 1487 nobiles
1644 1436 1712 1487 et
1761 1422 2135 1508 magnificos
2187 1425 2482 1493 dominos

168 1510 533 1575 Ricardum
585 1511 889 1575 comitem
929 1508 1281 1587 Warrewic,
1314 1522 1383 1575 et
1418 1507 1768 1573 Ricardum
1798 1510 2097 1575 comitem
2131 1513 2382 1591 Sarum,
2417 1528 2484 1579 et

164 1596 489 1663 illustrem
518 1598 725 1661 virum
754 1596 1070 1663 ,Iacobum
1100 1596 1433 1661 dominum
1474 1596 1560 1661 de
1593 1596 1870 1684 Audley,
1905 1618 2157 1663 necnon
2207 1600 2482 1666 dilectos

166 1684 361 1747 nobis
412 1684 479 1747 in
545 1682 807 1748 Christo
866 1684 1181 1749 Jacobum
1250 1684 1662 1769 Strangways
1713 1684 2050 1763 seniorem,
2107 1706 2169 1748 m
2258 1688 2483 1753 istrum

167 1770 503 1836 'rhomam
537 1770 710 1857 Leys
757 1785 1075 1835 rectorem
1129 1769 1213 1835 de
1250 1769 1686 1848 Weremouth‚
1721 1770 2052 1835 dominum
2091 1708 2481 1839 Nitffiolaum

168 1857 431 1922 Hulme
460 1857 837 1921 canonicum
868 1857 1156 1923 ecclesiae
1185 1856 1548 1944 collegiatae
1601 1856 1684 1920 de
1719 1857 2126 1944 Derlyngton
2173 1858 2478 1926 Dunelm.

164 1944 369 2021 dioc..
410 1958 477 2009 et
526 1944 861 2009 dominum
898 1944 1245 2009 Ricardum
1282 1943 1574 2029 Buckley
1605 1957 1918 2009 rectorem
1955 1945 2242 2010 ecclesiae
2293 1969 2482 2032 paro-

164 2029 399 2097 chialis
446 2032 650 2095 sancti
706 2029 1003 2097 Nicbolai
1044 2030 1317 2095 civitatis
1352 2030 1686 2109 Dunelm.,
1722 2031 2041 2097 Thomam
2081 2032 2348 2099 Holden
2381 2058 2483 2100 ar-

164 2119 512 2207 migerum,
545 2118 862 2183 Jacobum
895 2117 1223 2184 Grenehal
1274 2117 1316 2181 h
1347 2116 1754 2201 armigerum,
1795 2118 2156 2185 Robertum
2183 2121 2483 2187 Strother

162 2205 583 2291 armigerum,
636 2205 968 2269 dominum
1026 2142 1375 2270 Ricardum
1420 2205 1700 2271 Corston
1727 2205 2152 2289 capellanum,
2184 2222 2252 2275 et
2299 2208 2480 2274 Tho-

162 2314 345 2356 mam
393 2292 621 2369 Jobur,
654 2290 898 2357 dictum
950 2292 1252 2369 London‚
1287 2292 1612 2368 clericum,
1646 2292 2042 2357 con'unctim
2094 2308 2162 2358 et
2207 2295 2481 2363 divisim.

170 2380 437 2454 Quibus
464 2378 723 2467 quidem
754 2378 1201 2445 executoribus
1233 2378 1409 2456 meiS,
1442 2378 1562 2441 sub
1593 2376 1725 2444 Dei
1753 2314 2206 2447 benedictione
2229 2395 2296 2447 et
2315 2406 2479 2463 mea,

161 2466 533 2553 specialiter
578 2466 867 2551 injungo,
902 2480 973 2531 ut
1024 2464 1433 2531 concordiam
1482 2464 1648 2529 inter
1691 2487 1759 2530 se
1789 2466 2093 2532 continue
2122 2468 2386 2535 foveant
2413 2488 2481 2537 et

162 2555 473 2631 habeant,
522 2575 597 2617 ac
648 2552 713 2617 in
758 2553 1053 2619 omnibus
1098 2551 1375 2617 consiliis
1404 2564 1471 2616 et
1499 2552 1750 2618 actibus
1779 2552 1907 2617 suis
1939 2576 2218 2639 praesens
2251 2554 2482 2623 Testa-

160 2654 461 2705 mentum
490 2640 1021 2706 concernentibus
1068 2638 1399 2704 unanimes
1428 2638 1746 2716 existant3
1792 2640 1882 2710 sic
1913 2663 2192 2729 namque
2221 2656 2476 2708 sanctus

164 2728 594 2805 cuthbertus,
626 2740 935 2812 patronus
958 2748 1138 2791 meus
1165 2726 1564 2802 benedictuS,
1599 2728 1664 2790 in
1699 2726 1928 2793 ultimo
1973 2728 2112 2793 vale
2141 2752 2254 2795 seu
2285 2741 2480 2795 testa-

162 2828 387 2881 mento
437 2836 557 2877 suo
603 2814 731 2877 suis
779 2814 1082 2879 fratribus
1111 2814 1395 2877 noscitur
1422 2812 1896 2899 injuxisse-—In
1941 2816 2477 2915 quorum—Data

160 2915 233 2967 et
282 2914 435 2967 acta
484 2912 636 2964 sunt
684 2900 824 2966 haec
854 2900 917 2964 in
970 2922 1224 2966 camera
1252 2898 1538 2964 interiori
1572 2900 1842 2964 manerii
1872 2922 1995 2967 mei
2025 2902 2109 2965 de
2141 2902 2470 2981 Aukland,

159 2989 319 3055 dict.
366 2988 539 3055 dioc.
598 2985 930 3065 Dunelm.,
961 2986 1069 3052 die
1119 2985 1389 3063 veneriS,
1422 2988 1488 3048 in
1520 2985 1683 3049 festo
1733 2986 1801 3051 S.
1839 2986 2113 3051 Thomae
2147 2988 2470 3073 Apostoli,

161 3074 469 3141 vicesimo
515 3072 725 3159 primo
778 3074 883 3139 die
914 3074 1151 3137 mensis
1192 3072 1573 3137 Decembris
1613 3073 1801 3136 1486.
1897 3073 2326 3139 Praesentibus
2355 3076 2474 3141 ho-

160 3161 475 3227 rabilibus
521 3159 668 3223 viris
710 3159 1025 3248 magistris
1054 3159 1354 3225 Johanne
1403 3158 1692 3236 Bonour,
1736 3159 2143 3224 decretorum
2175 3160 2465 3241 doctore,

160 3248 546 3315 cancellario
592 3268 757 3323 mec,
790 3260 860 3311 et
898 3244 1237 3313 willielmo
1291 3245 1659 3309 Doncastre
1707 3244 1774 3309 in
1820 3246 2072 3331 legibus
2101 3246 2466 3327 bacallariO,

160 3334 419 3399 officiali
468 3354 640 3410 meo,
688 3346 759 3397 et
804 3332 1070 3398 domino
1130 3330 1467 3396 willielmo
1523 3330 1848 3417 Damyon,
1897 3332 2150 3398 decano
2199 3334 2469 3421 capellae

164 3444 353 3489 meae.

424 3592 679 3657 Proved
702 3602 773 3656 at
817 3601 861 3635 “
884 3592 1295 3669 Medilltam,”
1336 3596 1413 3655 1¹7
1439 3592 1618 3667 Dee„
1661 3595 1849 3659 1439.
1945 3594 2467 3661 Administration

326 3681 611 3761 granted
655 3688 717 3742 to
760 3680 1055 3745 Richard
1109 3681 1280 3743 Earl
1323 3680 1411 3759 qs
1436 3678 1784 3759 satiebat-y,
1847 3678 2153 3745 Nichoeas
2206 3683 2461 3761 Hulme,

346 3767 623 3831 Ἠιοηωε
648 3764 916 3845 Holden,
946 3764 1181 3831 Robert
1206 3766 1498 3843 Strother,
1531 3767 1663 3831 and
1688 3766 1981 3832 Richard
2010 3770 2285 3835 Cot-scon.
2407 3790 2412 3797 ·
