3000 5117
882 524 1293 575 Arent-imit.
1336 524 1520 575 ANN.
1562 524 1978 577 mccccxu.
2382 498 2586 571 cclxv

280 690 612 759 concessio
664 686 899 751 nullius
958 684 1043 749 sit
1088 685 1336 751 roboris
1384 686 1488 751 vel
1519 686 1849 751 momenti.
1941 683 2118 749 Nulli
2143 702 2298 765 ergo
2327 682 2592 746 omnino

284 778 622 845 hominum
668 776 859 839 liceat
902 773 1067 837 hanc
1096 772 1397 861 paginam
1428 786 1668 839 nostrae
1695 773 2126 837 concessionis
2155 784 2221 835 et
2249 770 2593 835 voluntatis

283 866 662 952 infringere,
718 860 821 926 vel
864 860 927 925 ei
956 882 1113 924 ausu
1148 860 1492 924 temerario
1522 861 1862 929 contraire.
1959 858 2028 924 Si
2051 860 2192 945 quis
2223 872 2438 924 autem
2468 860 2594 924 hoc

236 1010 241 1015 .
281 962 672 1037 attemptare
730 944 1208 1033 presumpserit,
1265 946 1782 1035 indignacionem
1827 946 2286 1033 omnipotentis
2322 947 2468 1025 Dei,
2532 960 2598 1011 et

282 1042 627 1104 beatorum
680 1034 860 1100 Petri
909 1046 979 1098 et
1035 1033 1218 1101 Pauli
1265 1033 1704 1119 apostolorum
1735 1037 1891 1121 ejus,
1927 1056 1996 1098 se
2025 1036 2276 1099 noverit
2306 1034 2598 1099 incursu-

288 1148 460 1193 rum.
556 1123 735 1187 Data
783 1120 1114 1198 Ferrariae,
1164 1142 1334 1185 anno
1378 1120 1840 1187 incarnacionis
1886 1121 2250 1188 Dominicae
2280 1128 2410 1186 mm
2441 1145 2598 1209 qua-

288 1208 797 1311 dringentesimo
858 1207 1181 1272 tricesimo
1228 1208 1522 1293 septimo,
1576 1208 1964 1277 duodecimo
2007 1208 2314 1275 kalendas
2359 1208 2596 1295 apriliS,

283 1299 699 1386 pontificatus
729 1298 931 1361 nostri
953 1316 1121 1360 anno
1150 1313 1399 1363 octavo.

480 1814 721 1862 ccxxv,
772 1812 1077 1857 nimissxo
1132 1788 1285 1881 [ita]
1339 1808 1622 1854 Pmoms
1667 1809 2162 1855 nunomnnnffls
2212 1812 2428 1857 rAc'rA

476 1901 829 1945 meis-rao
876 1899 1189 1945 sonsum
1236 1896 1528 1941 nonron
1577 1898 1662 1940 ΕΤ
1707 1898 2072 1944 ΜΑωεΤΒο,
2114 1900 2427 1945 JOHANNI

476 1988 915 2033 mammon-rr
945 1988 1034 2030 An
1067 1984 1610 2030 msrALLANnnM
1645 1984 2058 2031 nrlscortm.

746 2126 923 2193 [Cart.
944 2126 1059 2179 111.
1082 2124 1169 2178 fol.
1192 2129 1296 2179 304
1317 2128 1369 2181 b.
1391 2132 1448 2178 et
1470 2124 1615 2194 Orig-
1641 2127 1684 2175 1.
1710 2128 1760 2185 7.
1786 2126 1978 2179 Pontif.
2003 2127 2072 2180 N.
2100 2130 2172 2193 1.]

384 2266 733 2343 Johannes,
809 2265 1219 2352 permissione
1297 2262 1540 2329 Divina
1615 2264 1804 2329 Prior
1875 2266 2166 2332 ecclesiae
2223 2269 2606 2338 cathedralis

296 2353 787 2431 Dunelmensis,
850 2353 1319 2419 venerabilibus
1394 2365 1459 2416 et
1531 2352 2008 2437 circumspectis
2081 2355 2229 2419 viris
2302 2360 2609 2443 magistro

298 2440 583 2506 Johanni
660 2440 938 2519 Norton,
1000 2441 1403 2507 decretorum
1463 2439 1738 2516 doctori,
1803 2462 1877 2503 ac
1937 2440 2243 2526 magistro
2315 2445 2610 2513 Boberto

302 2528 749 2606 Beammontt,
812 2530 877 2593 in
929 2540 1204 2614 utroque
1252 2527 1402 2612 jure
1458 2526 1826 2606 bacallariO,
1881 2526 2150 2593 salutem
2209 2530 2272 2594 in
2346 2549 2610 2599 auctore

298 2615 551 2679 salutis.
644 2616 813 2679 Cum
842 2615 925 2679 de
938 2617 1088 2700 jure
1118 2636 1193 2679 ac
1239 2612 1700 2679 consuetudine
1729 2614 2036 2678 laudabili
2067 2616 2357 2682 ecclesiae
2385 2622 2608 2685 cathe-

304 2701 501 2765 dralis
547 2702 1002 2767 Dunelmensis
1050 2702 1333 2803 legitime
1375 2699 1765 2787 praescriptis
1801 2723 1878 2765 ac
1914 2705 2218 2770 continue
2247 2708 2512 2791 pacifice
2541 2720 2612 2772 et

301 2790 543 2875 quiete,
601 2812 643 2853 a
702 2802 991 2874 tempore
1038 2810 1221 2873 quus
1274 2786 1578 2853 contrarii
1621 2787 1931 2854 memoria
1969 2790 2302 2856 hominum
2336 2814 2467 2859 non
2497 2817 2612 2859 ex-

298 2875 465 2953 istit,
518 2878 895 2941 inconcusse
946 2878 1305 2955 observata,
1350 2876 1457 2960 jus
1504 2874 1894 2953 installandi,
1952 2876 2397 2957 intronizandi,
2431 2899 2497 2947 et
2544 2882 2611 2946 in

303 2963 529 3029 sedem
580 2961 1011 3049 episcopalem
1055 2985 1131 3029 ac
1179 2962 1249 3027 in
1302 2982 1714 3049 suppremum
1745 2964 2002 3028 stallum
2033 2966 2099 3027 in
2129 2966 2400 3031 dextera
2428 2982 2614 3053 parte

304 3050 490 3115 chori
558 3051 947 3115 reverendos
1020 3062 1234 3137 patres
1310 3050 1779 3115 Dunelmenses
1855 3049 2230 3135 EpiscopoS,
2306 3052 2612 3141 quociens

302 3158 567 3203 necesse
616 3138 827 3216 fuerit,
882 3137 1184 3223 ponendi,
1236 3138 1320 3202 ad
1356 3138 1648 3202 Priorem
1702 3132 1986 3221 ejusdem
2028 3139 2360 3222 pertinuit,
2395 3142 2614 3229 sicque

303 3224 391 3287 ad
420 3247 543 3289 nos
592 3224 875 3309 pertinet
934 3225 1003 3288 in
1053 3224 1373 3311 praesenti,
1406 3247 1525 3288 nos
1579 3234 1816 3313 tamen,
1869 3237 2232 3291 metuentes
2279 3228 2614 3308 infirmari,

306 3310 414 3375 vel
444 3312 599 3375 alias
636 3310 951 3396 impediri,
1007 3310 1345 3397 quominus
1391 3309 1814 3374 reverendum
1858 3310 1925 3374 in
1981 3312 2241 3378 Christo
2271 3328 2519 3399 patrem
2549 3328 2616 3381 et

307 3398 645 3462 dominum
698 3398 1029 3463 dominum
1069 3398 1425 3463 Robertum
1458 3396 1586 3462 Dei
1633 3396 1852 3481 gracia
1886 3397 2392 3469 Dunelmensem
2428 3404 2615 3489 Epis-

306 3506 550 3571 copum
609 3486 986 3550 modernum
1041 3484 1106 3550 in
1162 3486 1427 3571 propria
1483 3497 1704 3549 nostra
1761 3506 2055 3569 persona,
2118 3488 2460 3557 undecimo
2512 3492 2618 3555 die

306 3574 544 3637 mensis
582 3572 819 3658 Aprilis
864 3570 1161 3657 proxime
1208 3572 1428 3635 futuro
1473 3583 1621 3655 post
1681 3570 1898 3635 datam
1929 3575 2367 3658 praesencium,
2403 3578 2618 3644 instal-

305 3660 469 3738 lare,
521 3658 924 3738 intronizare,
973 3672 1043 3724 et
1100 3659 1166 3722 in
1224 3658 1445 3723 sedem
1506 3658 1930 3743 episcopalem
1976 3682 2053 3724 ac
2099 3661 2162 3725 in
2207 3686 2617 3751 suppremum

305 3746 527 3810 locum
586 3746 651 3809 in
708 3747 979 3812 dextera
1036 3757 1221 3832 parte
1268 3744 1448 3809 chori
1500 3767 1762 3831 ponere,
1813 3759 2008 3829 prout
2057 3748 2140 3813 ad
2191 3772 2310 3815 nos
2363 3754 2614 3834 attinet,

306 3832 658 3911 valeamus,
690 3834 893 3911 vobis,
947 3834 1031 3898 de
1072 3855 1346 3921 quorum
1377 3832 1690 3897 fidelitate
1721 3845 1786 3897 et
1817 3834 2278 3920 circumspecta
2305 3838 2622 3909 industria

303 3919 502 4006 plene
533 3920 935 3999 confidimuS,
992 3922 1077 3985 ad
1125 3920 1602 3998 installandum,
1652 3917 2164 3985 intronizandum
2197 3925 2358 3988 etin
2398 3927 2618 3995 sedem

308 4006 741 4092 episcopalem
789 4030 865 4072 ac
912 4028 1327 4093 suppremum
1377 4008 1592 4071 locum
1623 4008 1690 4071 in
1733 4006 2010 4071 dextera
2039 4023 2216 4093 parte
2248 4012 2426 4077 chori
2455 4036 2622 4099 prae.

307 4094 470 4158 dicti
516 4095 891 4179 ponendum
940 4095 1281 4180 praefatum
1327 4094 1754 4158 reverendum
1813 4109 2063 4177 patrem
2117 4096 2621 4171 Dunelmensem

310 4180 733 4266 Episcopum,
779 4195 1144 4268 coeteraque
1190 4181 1406 4246 omnia
1449 4180 1576 4246 alia
1605 4193 1670 4244 et
1701 4178 1953 4263 singula
2027 4204 2127 4245 uae
2158 4183 2226 4247 in
2257 4190 2617 4273 praemissis,

308 4289 426 4333 seu
474 4268 645 4334 circa
690 4290 791 4347 ea,
842 4269 1202 4335 necessaria
1250 4267 1511 4346 fuerint,
1567 4289 1678 4331 seu
1732 4203 2223 4367 quomodolibet
2281 4290 2618 4361 oportuna,

356 4356 611 4421 uatinus
658 4355 741 4421 ad
794 4378 917 4421 nos
964 4356 1047 4421 de
1086 4359 1235 4444 jure
1288 4369 1354 4420 et
1402 4354 1867 4419 consuetudine
1925 4355 2252 4440 praedictis
2300 4364 2621 4445 pertinere

304 4378 758 4521 dinoscuntur,
790 4444 1107 4523 facienda,
1162 4442 1548 4519 exercenda,
1604 4441 2031 4527 expedienda,
2083 4448 2476 4533 conjunctim
2507 4477 2623 4521 seu

308 4529 567 4598 divisim
612 4530 1041 4599 commitimus
1089 4530 1256 4601 vices
1303 4542 1553 4598 nostras
1601 4551 1716 4618 per
1744 4544 2122 4617 praesentes,
2164 4534 2370 4622 sigillo
2403 4555 2622 4608 nostro
