3000 5117
407 434 844 513 mdxxxv-iii.
881 456 1086 505 ms‘r.
1127 456 1488 507 DUNELM.
1516 457 1987 509 SCR‘IPTORES‘
2022 458 2245 510 rans.

403 619 731 695 firmitate,
764 630 837 683 et
852 618 1112 703 jacente
1140 618 1312 703 apud
1353 616 1705 706 Kepeyere‚
1740 641 1779 683 a
1808 640 1937 706 qua
1979 618 2353 684 infirmitate
2382 639 2513 683 non
2548 639 2729 685 con·

406 706 626 783 valuit,
673 705 803 770 duo
847 705 1053 793 sigilla
1097 719 1406 792 argentea
1433 728 1580 771 cum
1626 706 1775 791 iiijp⁰¹
1806 707 2063 792 punctis
2107 707 2445 791 argenteis,
2478 706 2733 792 quibus

411 792 619 877 dictus
650 792 947 857 dominus
982 790 1340 878 Episcopus
1369 815 1519 857 usus
1549 792 1761 858 fuerat
1805 793 1957 857 dum
1991 792 2171 870 vixit,
2206 792 2443 857 obtulit
2473 794 2729 859 feretro

405 879 619 945 sancti
637 878 998 957 Cuthberti,
1021 892 1213 965 prout
1243 879 1434 943 moris
1453 878 1981 967 est-requisitus
2008 880 2094 945 ad
2124 879 2191 943 id
2220 880 2565 945 instancius
2596 901 2735 965 per

408 967 750 1053 praefatum
802 966 1330 1051 circumspectum
1377 969 1606 1043 virum,
1660 966 1996 1052 praefatum
2038 966 2412 1055 magistrum
2463 967 2727 1031 Radal-

407 1053 630 1141 phum‚
663 1076 738 1119 ac
768 1053 972 1118 eciam
1003 1054 1342 1137 diligenter
1370 1069 1650 1138 rogatus,
1683 1068 1757 1118 ut
1785 1055 1851 1117 in
1885 1066 2173 1138 tempore
2204 1052 2516 1119 offertorii
2545 1076 2737 1140 prae-

411 1140 726 1206 dictorum
757 1140 1108 1224 sigillorum
1139 1139 1467 1204 humiliter
1487 1155 1556 1205 et
1584 1140 1819 1205 devote
1851 1134 2003 1207 Deo
2034 1154 2101 1205 et
2131 1139 2527 1207 sanctissimo
2556 1162 2723 1207 con-

407 1228 634 1294 fessori
664 1242 731 1294 et
761 1244 1032 1313 patrono
1064 1227 1426 1292 Cuthberto
1456 1226 1738 1315 quinque
1769 1228 1967 1292 Pater
1994 1238 2201 1293 noster
2225 1249 2369 1293 cum
2402 1230 2733 1295 Salmaci-

406 1338 522 1380 οπο
551 1317 852 1399 Anyelica
881 1337 1000 1399 pro
1029 1313 1302 1401 praefato
1325 1313 1667 1379 venerabili
1692 1329 1875 1400 patre
1900 1312 2167 1378 domino
2189 1312 2485 1380 Johanne
2506 1337 2733 1401 nuper

412 1401 839 1467 Dunelmensi
888 1402 1230 1486 EpiscopO,
1281 1413 1349 1465 et
1392 1422 1512 1485 pro
1546 1400 1776 1485 seip303
1808 1400 1993 1465 flexis
2024 1402 2295 1486 genibus
2324 1402 2729 1467 effunderet.

421 1488 589 1564 Quae
619 1489 874 1576 quidem
909 1488 1115 1577 sigilla
1141 1488 1312 1552 idem
1361 1486 1681 1573 dompnus
1726 1488 2014 1553 Thomas
2066 1488 2401 1565 Swalwess,
2450 1489 2723 1554 nomine

459 1600 542 1641 uo
587 1598 800 1661 supra,
846 1573 1172 1661 praedictis
1216 1574 1320 1640 die
1367 1587 1434 1639 et
1475 1597 1645 1639 anno
1693 1574 2003 1640 offerebat
2052 1588 2203 1640 ante
2253 1575 2457 1641 altare
2504 1575 2731 1643 sancti

411 1599 780 1742 guthberti,
813 1664 897 1727 ad
927 1677 1120 1748 caput
1163 1661 1364 1726 sancti
1412 1661 1755 1727 Cuthberti
1800 1663 2153 1740 situatum3
2194 1675 2261 1727 et
2305 1676 2533 1748 postea
2576 1685 2725 1727 sur-

411 1750 584 1817 rexit
615 1764 682 1815 et
712 1751 794 1815 ad
829 1772 1049 1815 manus
1079 1748 1354 1835 dompni·
1380 1748 1653 1815 Roberti
1686 1748 1935 1837 Bailyai
1964 1749 2203 1814 adtunc
2224 1749 2539 1815 feretrarii
2572 1750 2733 1815 Du·-

410 1838 604 1907 nelm.
653 1838 1031 1903 deliberavit
1077 1835 1519 1915 custodienda,
1552 1836 1618 1901 in
1651 1836 1929 1924 aliquem
1970 1858 2153 1900 usum
2184 1837 2426 1901 bonum
2459 1860 2731 1902 monas-

413 1924 558 1990 terii
591 1923 896 1993 Dunelm.
932 1924 1049 1988 viz.
1082 1924 1148 1987 in
1181 1946 1379 1987 unum
1409 1924 1673 1989 calicem
1706 1947 1821 1989 seu
1851 1924 2009 1989 duas
2039 1923 2221 1988 fiolas
2252 1925 2737 2001 convertenda}

416 2034 632 2076 ceram
663 2010 1137 2097 circumspectis
1183 2010 1331 2073 viris
1376 2009 1651 2075 dominis
1684 2011 2049 2075 Willielmo
2082 2010 2316 2075 Brown
2356 2012 2725 2097 suppl-iore,

417 2098 714 2163 Roberto
741 2098 992 2182 Bailya'r
1017 2096 1369 2175 feretrari0‚
1402 2096 1703 2163 Johanne
1731 2098 1976 2163 Rakett
2004 2098 2237 2162 clerico
2266 2098 2565 2163 scaccarii
2598 2100 2733 2165 do-

413 2184 572 2250 mini
627 2184 1080 2250 Dunelmensis
1125 2184 1428 2270 episcopi,
1481 2185 1766 2249 Ricardo
1809 2184 2129 2271 Emi-yson
2174 2184 2385 2250 scriba
2430 2186 2735 2273 Registri

413 2272 664 2338 domini·
695 2272 934 2337 Prioris
969 2270 1274 2336 Dunelm.
1308 2288 1372 2337 et
1402 2272 1660 2336 notario
1688 2271 1965 2357 publico,
2004 2269 2363 2337 Willielmo
2413 2273 2729 2339 Smeders

412 2360 682 2425 custode
729 2360 938 2445 gaolae
987 2358 1231 2423 domini
1281 2358 1591 2446 Dnnelm.
1641 2358 1943 2445 episcopi,
1991 2358 2274 2425 Ricardo
2311 2361 2727 2426 Batmonson

414 2450 728 2513 serviente
788 2445 1038 2531 proefati
1088 2446 1397 2511 Johannis
1451 2446 1723 2525 Rakett‚
1779 2446 1846 2511 in
1898 2445 2099 2511 fidem
2156 2460 2221 2510 et
2276 2446 2730 2515 testimonium

413 2534 887 2621 praemissorum
919 2532 1275 2619 specialiter
1317 2532 1659 2621 requisitis.

513 2622 600 2687 Et
624 2644 741 2707 pro
771 2633 946 2686 certa
974 2635 1040 2685 et
1083 2619 1363 2685 veridica
1407 2618 1828 2685 attestacione
1880 2618 2421 2686 deliberacionum
2475 2621 2731 2706 sigillo—

417 2731 558 2773 rum
597 2710 1062 2795 Episcoporum
1086 2706 1376 2792 primitus
1393 2706 1763 2772 habitorum
1787 2706 2152 2791 hujusmodi
2178 2730 2391 2773 versus
2417 2708 2733 2794 insculpti

415 2810 564 2861 sunt
597 2796 660 2860 in
692 2795 856 2881 pede
887 2796 1073 2858 unius
1102 2792 1354 2858 calicis*
1386 2793 1735 2880 compositi·
1756 2815 1839 2857 ex
1869 2792 2087 2877 sigillis
2122 2794 2383 2861 Ricardi
2408 2797 2495 2862 de
2521 2796 2731 2883 Bery,

415 2884 743 2973 quondam
775 2881 1084 2947 Dunelm.
1115 2879 1420 2968 episcopi,
1453 2882 1574 2946 sub
1606 2894 1831 2947 tenore
1860 2878 1973 2967 qui
2001 2881 2308 2967 seqnitur.

772 3054 909 3120 Hic
939 3054 1106 3120 calix
1137 3054 1398 3139 insignis
1429 3054 1507 3119 fit
1549 3053 1834 3140 proesnlis
1864 3072 1947 3117 ex
1979 3064 2145 3119 tetra
2174 3055 2369 3141 signis

774 3142 879 3207 Ri.
907 3141 1362 3207 Dunelmensis
1391 3142 1604 3230 quarti
1633 3155 1795 3209 natu·
1823 3138 2170 3211 Beriensis.

423 3320 698 3402 Insuper
722 3316 789 3381 in
820 3337 951 3381 nna
979 3314 1276 3403 ymagine
1308 3325 1519 3381 stante
1541 3338 1737 3403 super
1758 3316 2063 3382 feretrum
2100 3316 2319 3383 Sancti
2344 3316 2732 3399 cuthberti,

421 3417 792 3473 constructa
819 3401 916 3502 de·
933 3401 1153 3501 sigillis
1183 3402 1430 3467 domini
1463 3403 1742 3469 Thomae
1780 3403 2049 3469 Hatfeld
2080 3403 2363 3490 episcopi
2409 3404 2727 3472 Dunelm.

416 3495 510 3558 sic
541 3489 688 3555 talis
716 3511 964 3553 mensio
986 3511 1052 3552 in
1082 3490 1367 3553 versibus
1390 3512 1583 3575 super
1604 3490 1767 3576 pede
1796 3492 2083 3577 praefatae
2104 3492 2421 3581 ymaginis
2443 3490 2733 3579 insculp-

419 3580 524 3659 tis,
555 3579 719 3641 sicut
749 3574 814 3639 in
847 3574 1258 3662 sequentibus
1287 3575 1733 3662 explicabitur,

771 3748 816 3813 J
817 3770 900 3812 on
929 3745 1284 3819 Alvervilia
1311 3750 1662 3816 monachus
1686 3751 2005 3838 capiendo
2032 3750 2241 3836 sigilla

777 3834 884 3900 Ex
917 3834 1197 3902 Hatfeld
1227 3834 1506 3902 Thomae
1535 3836 1625 3903 sic
1652 3840 1958 3925 providi-t,
1990 3839 2157 3905 bene
2187 3860 2307 3924 pro
2328 3860 2455 3905 me*-

422 4012 644 4146 uzrssd‘
667 4010 832 4067 altare
870 4012 1092 4067 Thomna
1134 4011 1373 4078 Hstfeld,
1404 4012 1494 4066 sed
1530 4018 1648 4083 post
1682 4028 1777 4083 pet
1822 4014 1887 4067 1⁶
1906 4029 2069 4069 annos
2090 4013 2214 4068 inde
2243 4011 2429 4069 furati.
2490 4015 2639 4069 Nota
2668 4016 2739 4067 δη
