3000 5117
742 492 1157 550 Arrsnmx.
1217 493 1398 545 Anu.
1441 491 1879 544 mccxxv111.
2324 461 2465 534 lxix

24 667 26 716 ἶ
123 664 302 727 toris
349 659 596 727 solacio
641 659 972 725 destituta.
1073 657 1238 722 Cum
1285 669 1502 721 autem
1544 675 1723 720 mora
1754 657 1817 718 in
1852 652 2083 716 talibus
2114 647 2461 734 plurimum

119 749 429 815 ecclesiis
482 749 565 813 sit
618 750 994 834 dampnosa,
1039 743 1423 809 fraternitati
1471 759 1603 807 tuae
1654 765 1765 826 per
1816 738 2169 825 apostolica
2219 732 2460 818 scripta

123 838 550 914 mandamuS,
583 835 884 924 quatinus
915 826 1080 897 infra
1109 833 1380 896 duarum
1413 829 1727 896 mensium
1754 829 2041 913 spacium
2065 837 2210 909 post
2234 844 2455 922 recept

123 925 394 989 cionem
429 923 876 1009 praesencium,
912 921 977 984 in
1008 917 1202 1004 ipsius
1233 917 1571 982 eleccionis
1600 915 1894 1000 negoci0,
1916 913 2113 997 juxta
2140 910 2327 974 officu
2361 922 2455 972 tui

123 1012 464 1090 debitum,
513 1011 736 1097 previa
765 1009 1022 1074 racione
1053 1004 1384 1090 procedas.
1482 1004 1682 1078 Quod
1712 1001 1765 1067 si
1794 1001 1961 1066 forte
1992 998 2155 1063 infra
2185 997 2457 1083 praedic-

129 1113 282 1164 tum
341 1113 598 1184 tempus
647 1120 778 1162 non
831 1093 1094 1161 duxeris
1149 1092 1657 1179 prosedendum,
1690 1087 2029 1154 eleccionis
2082 1087 2348 1150 formam
2390 1099 2457 1148 et

131 1209 516 1270 processum
547 1185 740 1271 ipsius
772 1183 854 1247 ad
885 1204 1010 1247 nos
1039 1180 1178 1244 sine
1211 1179 1547 1264 dispendio
1570 1200 1769 1242 morae
1794 1175 2081 1240 remittas
2108 1197 2125 1249 ;
2172 1187 2245 1238 ut
2266 1195 2457 1257 super

131 1275 264 1336 hoc
321 1274 504 1360 quod
555 1272 906 1337 secundum
964 1269 1184 1334 Deum
1233 1267 1649 1331 statuendum
1694 1263 2035 1327 viderimus
2080 1273 2451 1327 statuamus.

111 1361 328 1424 -Data
383 1359 716 1438 Laterani,
751 1380 817 1422 v1
873 1356 1182 1422 kalendas
1222 1355 1533 1433 Jauuarii,
1586 1351 1994 1438 pontificatus
2048 1349 2247 1414 nostri
2289 1371 2456 1412 anno

135 1448 514 1513 undecimo.
890 1439 904 1450 ⁹

327 1808 448 1852 ml.
528 1807 761 1852 BULLA
823 1807 1167 1852 GREGORH
1233 1807 1306 1851 IX
1367 1807 1566 1851 MISSA
1628 1805 1695 1854 R.
1760 1805 2280 1854 SARISBERIENSI

325 1895 662 1940 muscox’o
743 1895 832 1940 UT
909 1895 998 1938 An
1067 1895 1552 1940 EPlscoPATUM
1617 1895 2143 1938 DUNELMENSEM
2203 1899 2279 1940 SE

321 1983 828 2027 TRANSFERRET
861 1983 948 2026 ΕΤ
981 1983 1362 2026 accursum
1398 1983 1617 2026 ILLAM
1648 1983 1987 2032 TANQUAM
2022 1984 2280 2027 PASTOR.

317 2071 554 2118 BONUS
601 2070 744 2114 TAM
797 2069 872 2113 m
921 2069 1450 2114 SPIRITUALIBUS
1483 2067 1684 2120 QUAM
1730 2069 2277 2116 TEMPORAMBUS

323 2157 736 2204 coLLAPSUM
770 2159 858 2200 AD
893 2157 1284 2202 Pms'rmUM
1315 2157 1588 2201 STATUM
1626 2157 2052 2202 REVOCARBT.

990 2273 1166 2340 [Cart.
1191 2275 1306 2326 111.
1334 2273 1372 2324 f.
1401 2275 1512 2326 1525.
1544 2276 1619 2340 b.1

235 2391 599 2480 Gregorius
651 2391 1028 2477 Episcopus,
1061 2413 1282 2455 servus
1325 2413 1655 2456 servorum
1709 2389 1857 2470 Dei,
1892 2391 2239 2458 venerabili
2274 2396 2455 2460 fratri

149 2479 628 2545 saresberiensi
659 2479 984 2564 Episcopo
1011 2479 1425 2562 apostolicam
1459 2478 2007 2545 benediccionem.
2107 2481 2452 2549 Eleccione

143 2590 361 2654 nuper
391 2567 562 2632 sacta
589 2568 674 2632 de
703 2566 941 2630 dilecto
971 2567 1107 2630 filio
1149 2565 1240 2629 W.
1280 2566 1753 2630 Archidiacono
1782 2569 2223 2654 wigorniensi
2258 2571 2317 2633 in
2350 2594 2456 2636 ec-

143 2655 344 2719 clesia
399 2653 850 2731 Dunelmensi,
881 2673 1000 2738 pro
1053 2677 1132 2718 eo
1179 2653 1352 2738 quod
1402 2667 1789 2739 attemptata
1834 2654 2044 2720 fuerat
2074 2672 2297 2722 contra
2328 2659 2456 2721 for—

147 2765 324 2806 mam
360 2743 638 2807 Concilii
672 2741 1031 2817 Generalis,
1054 2740 1316 2826 justicia
1345 2741 1677 2824 exigente,
1710 2755 1994 2820 cassata3
2042 2767 2159 2808 nos
2189 2744 2455 2829 provide

143 2829 584 2907 attendentes,
618 2829 794 2916 quod
826 2843 1067 2930 quanto
1099 2829 1320 2893 eadem
1356 2829 1625 2893 ecclesia
1653 2843 1753 2893 est
1782 2829 2095 2917 insignior
2147 2844 2327 2897 tanto
2356 2847 2457 2897 est

145 2917 497 2982 notabilior
541 2917 752 3001 lapsus
797 2938 958 3000 eJuS,
987 2915 1072 2979 de
1117 2916 1536 3000 reparacione
1582 2917 1719 3000 ejus
1764 2918 1969 2981 coacti
2002 2941 2217 2982 sumus
2263 2921 2455 2985 anxie
2540 2978 2551 2984 -

141 3006 458 3089 cogitare.
551 3003 720 3068 Cum
771 3003 942 3068 enim
996 3003 1114 3067 sub
1167 3003 1395 3066 umbra
1425 3003 1770 3069 Pastorum
1822 3005 2129 3089 prodigos
2159 3006 2458 3072 habuerit

143 3093 556 3177 dispersores,
588 3091 697 3178 qui
731 3113 858 3154 non
887 3089 1092 3154 solum
1124 3110 1333 3154 errata
1362 3091 1683 3174 corrigere
1722 3091 1822 3154 vel
1848 3091 2131 3176 dispersa
2152 3093 2455 3178 colligere

143 3201 278 3244 non
324 3193 651 3255 curarunt,
683 3178 818 3255 sed,
854 3199 972 3242 nec
1021 3178 1168 3242 lana
1219 3200 1341 3240 nec
1393 3177 1560 3240 lacte
1592 3180 1907 3256 contenti,
1942 3180 2143 3263 pelles
2175 3180 2455 3267 desuper

147 3266 394 3331 ossibus
425 3265 872 3351 dissipatarum
905 3264 1122 3328 ovium
1146 3263 1505 3349 rapiebant,
1541 3264 1818 3330 lacerato
1848 3288 2047 3350 grege
2077 3268 2449 3349 Dominico,

149 3355 382 3420 eadem
412 3352 688 3418 ecclesia·
711 3352 994 3437 graviter
1023 3370 1120 3415 est
1145 3351 1208 3414 in
1241 3350 1677 3436 spiritualibus
1708 3352 2069 3420 deformata
2096 3368 2167 3420 et
2196 3356 2259 3421 in
2296 3371 2453 3422 tem·

153 3441 481 3527 poralibus
511 3441 847 3508 diminuta.
933 3438 1166 3512 ,Quare
1195 3438 1527 3524 cupientes
1556 3438 1617 3504 ei
1648 3440 1729 3503 de
1762 3439 1997 3506 idoneo
2020 3444 2452 3532 gubernatore

147 3529 505 3607 consulere,
537 3527 648 3615 qui
679 3527 960 3612 dampna
991 3526 1302 3611 praeteriti
1335 3526 1665 3611 temporiS,
1696 3527 1981 3593 Domino
2004 3533 2219 3610 dante,
2244 3554 2451 3596 resar-

147 3618 346 3692 ciens,
378 3615 662 3703 requirat
689 3615 862 3700 quod
893 3613 1194 3698 perierat,
1221 3612 1397 3700 quod
1421 3626 1520 3676 est
1551 3614 1871 3698 abjectum
1896 3618 2181 3695 reducat,
2210 3635 2279 3684 et
2299 3643 2451 3684 con-

148 3703 382 3768 solidet
409 3703 585 3790 quod
619 3702 936 3766 infirmum
966 3723 982 3775 3
1018 3715 1083 3764 te
1116 3700 1234 3785 ipsi
1264 3699 1551 3765 ecclesiae
1582 3701 1973 3786 providimus
2006 3704 2069 3768 in
2104 3721 2447 3789 pastorem,

149 3815 264 3878 spe
293 3791 482 3854 nobis
509 3788 838 3875 proposita
865 3787 1040 3875 quod
1067 3786 1192 3865 ille,
1225 3787 1336 3887 qui
1365 3787 1525 3852 dans
1558 3787 1825 3853 virtutes
1854 3792 2117 3874 praemia
2146 3793 2456 3878 elargitur

151 3878 402 3943 virtutis
447 3891 578 3942 tuae
623 3876 853 3940 merito
881 3874 1218 3939 ecclesiam
1249 3897 1454 3959 ipsam
1482 3875 1548 3938 in
1581 3889 1816 3940 statum
1847 3891 1915 3940 et
1946 3878 2257 3944 honorem
2290 3885 2453 3966 pris-

151 3967 356 4030 tinum
399 3962 822 4038 restaurabit;
869 3962 1068 4026 immo
1119 3979 1188 4026 et
1229 3977 1412 4046 grata
1437 3960 1889 4046 multiplicabit
1918 3965 1985 4026 in
2016 3966 2455 4048 spiritualibus

151 4068 218 4119 et
247 4052 708 4138 temporalibus
739 4051 1158 4114 incrementa.
1253 4050 1422 4114 Cum
1454 4049 1651 4136 igitur
1680 4049 1856 4135 quod
1886 4071 1926 4113 a
1956 4053 2138 4116 nobis
2170 4069 2268 4120 est
2300 4078 2449 4119 cum

149 4141 619 4207 deliberacione
663 4136 986 4223 provisum
1040 4149 1104 4200 te
1148 4135 1378 4199 deceat
1415 4136 1743 4199 humiliter
1772 4150 2123 4222 acceptare,
2157 4142 2453 4208 fraterni-

151 4229 414 4294 nitatem
447 4240 624 4290 tuam
658 4245 976 4312 rogamuS,
1011 4245 1362 4299 monemus,
1385 4237 1452 4287 et
1479 4223 1813 4288 hortamur
1836 4239 2084 4290 attente
2105 4251 2221 4314 per
2246 4231 2453 4316 Apos-

155 4317 344 4381 tolica
375 4313 492 4377 tibi
523 4313 780 4398 scripta,
817 4311 882 4374 in
915 4311 1148 4375 virtute
1187 4309 1462 4394 Spiritus
1498 4310 1737 4386 Sancti,
1766 4313 1885 4376 sub
1916 4313 2305 4382 obedientias
2336 4321 2450 4384 de-

153 4405 303 4478 bito,
336 4400 630 4467 districte
673 4395 1112 4485 proecipiendo
1159 4397 1537 4462 mandantes
1568 4411 1637 4460 et
1668 4398 2059 4464 obtestantes
2092 4425 2207 4487 per
2237 4430 2452 4492 asper·-

154 4493 392 4556 sionem
434 4488 762 4577 sanguinis
809 4487 962 4552 Jesu
1001 4483 1262 4561 Christi,
1297 4484 1597 4632 qgatinus
1643 4483 2007 4570 hujusmodi
2040 4493 2221 4560 oneri
2254 4495 2367 4559 tibi
2412 4521 2453 4561 a

1247 4591 1287 4632 Ε
1335 4581 1352 4598 .
