3000 5117
583 449 685 526 42
1051 475 1258 528 msr.
1299 475 1659 528 mmmm.
1702 475 2181 528 semmonns
2211 477 2423 528 rans.

583 635 857 702 contulit
891 636 1233 703 Bertramo
1269 636 1474 702 Priori
1509 651 1577 703 et
1604 635 1949 704 conventui
1994 651 2254 703 centum
2286 657 2463 704 acras
2493 638 2694 717 bosci,
2742 659 2923 726 qnae·

584 723 892 789 Milnesid
937 738 1368 810 nuncupatur,
1418 725 1873 810 licentiamque
1903 723 2243 790 claudendi
2283 725 2461 802 illas3
2520 739 2585 790 et
2616 727 2913 791 liberam

579 833 944 878 warennam
1005 812 1070 875 in
1129 812 1274 892 illis,
1337 824 1406 878 et
1457 811 1664 899 parcis
1725 812 1809 877 de
1876 811 2081 898 Acley
2111 826 2179 878 et
2216 813 2399 900 Fery,
2436 813 2786 898 Renigton,
2826 829 2911 878 et

583 898 926 964 Heworht.
975 900 1171 966 Anno
1201 914 1350 978 etc.,
1383 919 1773 978 mccxmrm,
1802 899 1909 964 die
1940 897 2112 963 lunae
2142 903 2439 985 proxima
2468 915 2613 986 post
2651 901 2909 965 Purifi-

577 984 917 1063 cationem,
980 985 1155 1052 venit
1198 988 1502 1074 magister
1546 985 1879 1052 Johannes
1923 986 2008 1050 de
2068 987 2243 1052 Gras
2286 985 2687 1054 Dunelmum
2731 1011 2905 1053 cum

577 1072 774 1138 literis
821 1075 1190 1158 patentibus
1233 1073 1695 1159 archiepiscopi
1744 1073 2169 1139 Eboracensis
2198 1088 2265 1140 et
2296 1075 2581 1161 episcopi
2615 1076 2907 1140 Batoni-

576 1159 763 1240 ensis,
807 1160 1012 1226 Priori
1050 1176 1118 1228 et
1144 1161 1488 1227 conventui
1521 1161 1800 1240 directis,
1842 1182 2035 1246 super
2061 1162 2349 1227 cessione
2386 1162 2684 1228 Nicholai
2714 1164 2901 1248 epis-

572 1247 758 1334 copi3
805 1263 874 1314 et
920 1271 1111 1335 super
1156 1249 1470 1314 electione
1514 1250 1827 1316 canonica
1862 1250 1944 1314 de
1992 1269 2271 1333 persona
2298 1250 2533 1316 idonea
2560 1249 2903 1330 facienda,

573 1336 949 1403 auctoritate
979 1335 1390 1424 apostoliea-⁴⁸

952 1811 1100 1856 CAP.
1133 1811 1221 1854 v1.
1285 1807 1583 1854 BLECTIO
1632 1799 1943 1851 wantum
1996 1807 2084 1851 DE
2136 1803 2505 1855 KYRKHAM.

1236 1949 1392 2018 ms,
1415 1951 1543 2018 Cap.
1570 1963 1853 2003 cxxxvm.
1877 1950 1966 2003 fol.
1996 1955 2101 2002 183·
2118 1952 2190 2019 tx]

662 2090 877 2162 Petita
919 2093 1113 2178 igitur
1141 2093 1404 2158 licentia
1433 2115 1474 2157 a
1510 2091 1717 2178 Rege.
1750 2105 1817 2158 et
1848 2093 2143 2171 obtenta,
2176 2093 2285 2158 die
2316 2092 2615 2158 mercurii
2648 2096 2884 2179 prox-i-

569 2203 674 2249 me
719 2197 864 2268 post
903 2181 1136 2247 festum
1180 2179 1384 2245 sancti
1421 2178 1634 2268 Elfegi
1668 2179 1908 2246 electus
1938 2195 2037 2245 est
2076 2178 2392 2246 Walterns
2422 2181 2506 2246 de
2546 2181 2883 2248 Kirkham

575 2271 874 2336 Decanus
941 2267 1216 2335 Eboraci
1277 2266 1342 2332 in
1399 2266 1771 2352 episcopum
1833 2267 2339 2333 Dunelmensem
2366 2268 2423 2345 ;†
2479 2282 2883 2370 receptaque

573 2355 1044 2444 temporalitate
1074 2378 1115 2420 a
1151 2355 1355 2440 Rege,
1391 2369 1795 2421 consecratus
1825 2369 1927 2420 est
1946 2355 2119 2440 apud
2154 2355 2519 2421 Eboracum
2540 2379 2579 2420 a
2600 2358 2881 2422 dommo

571 2443 692 2510 W.
761 2445 944 2532 Gray
993 2441 1517 2527 Archiepiscop0,
1582 2445 1768 2508 nonis
1831 2441 2238 2522 Decembris,
2291 2443 2355 2506 in
2400 2442 2616 2531 vigilia
2660 2447 2876 2510 sancti

571 2527 893 2611 Nicholai,
925 2554 1072 2632 quae
1103 2529 1215 2594 illo
1245 2552 1416 2594 anno
1447 2531 1623 2595 venit
1653 2533 1718 2594 in
1743 2530 2086 2607 dominica,
2112 2552 2305 2609 anno,
2339 2545 2490 2610 etc.,
2524 2551 2871 2601 mccxmx.

571 2619 823 2686 Habuit
879 2619 1076 2704 igitur
1134 2616 1428 2682 dominus
1485 2616 1838 2682 Nicholaus
1894 2627 1921 2702 [
1970 2618 2249 2683 nondam
2296 2619 2662 2704 episcopus]
2712 2642 2875 2704 pro—

566 2707 872 2773 visionem
919 2729 1098 2771 suam
1149 2695 1468 2769 Northam
1506 2721 1573 2770 et
1607 2704 1733 2771 alia
1776 2641 2069 2791 quedam
2118 2705 2403 2770 maneria
2430 2707 2873 2792 episcopalia3

565 2808 634 2860 et
663 2793 998 2880 episcopus
1040 2791 1374 2870 Walterus,
1409 2815 1490 2857 eo
1523 2792 1801 2870 vivente,
1826 2793 1909 2857 de
1936 2792 2193 2858 residuo
2214 2806 2651 2858 contentatur.
2728 2795 2870 2859 Iste

570 2878 882 2948 Walterus
911 2882 1085 2948 dona
1112 2893 1181 2945 et
1234 2879 1678 2944 concessiones
1724 2879 2209 2963 praedecessoris
2256 2877 2355 2944 sui
2404 2881 2814 2945 confirmavit
2849 2907 2869 2958 3

562 2970 900 3036 ecclesiam
944 2968 1029 3034 de
1075 2967 1480 3034 Brankeston
1512 2968 1597 3032 ad
1626 2967 2158 3032 sustentationem
2192 2967 2466 3032 duorum
2516 2967 2873 3033 monacho-

540 3081 701 3128 rum
749 3055 922 3144 apud
969 3054 1406 3134 VVerkworth,
1455 3053 1787 3120 ecclesiam
1811 3055 1892 3119 de
1931 3053 2315 3140 Heghiaton
2347 3055 2431 3119 ad
2464 3054 2869 3140 hospitalita-

560 3146 642 3211 tis
687 3143 1214 3210 sustentationem
1261 3156 1328 3207 et
1375 3164 1726 3229 pauperum
1777 3141 2217 3219 refectionem,
2262 3141 2593 3208 monachis
2624 3165 2863 3228 appro-

557 3233 791 3320 priavit
815 3259 844 3310 ἓ
885 3232 980 3297 ita
1018 3246 1114 3310 ut,
1163 3229 1521 3296 decedente
1554 3229 1655 3294 vel
1696 3229 1967 3294 cedente
2008 3229 2314 3318 magistro
2362 3227 2481 3294 W.
2526 3229 2609 3294 de
2660 3229 2863 3294 Kirk-

561 3321 732 3398 enni,
795 3333 950 3384 tunc
1023 3335 1273 3384 rectore
1334 3318 1647 3403 ejusdem,
1709 3317 1933 3381 liceret
1993 3316 2319 3382 monachis
2378 3316 2711 3382 ecclesiam
2770 3317 2859 3384 de

563 3403 950 3492 Heghinton
998 3403 1269 3490 ingredi,
1317 3417 1386 3469 et
1431 3405 1673 3492 absque
1716 3403 2226 3469 contradictione
2272 3403 2336 3468 in
2378 3427 2528 3469 usus
2558 3404 2860 3504 proprios

558 3493 858 3560 retinere.
955 3491 1148 3576 Apud
1181 3491 1609 3557 Mukleswick
1638 3491 1909 3556 contulit
1946 3493 2151 3556 Priori
2182 3505 2249 3556 et
2279 3492 2608 3558 monachis
2644 3493 2861 3557 Hors-

554 3583 797 3667 lihope,
845 3581 1151 3646 ducentas
1189 3578 1432 3644 scilicet
1461 3594 1531 3645 et
1557 3601 1671 3644 xvl
1703 3602 1881 3644 acras
1912 3579 1994 3644 de
2023 3579 2223 3645 bosco
2254 3593 2321 3645 et
2368 3597 2571 3658 vasto,
2601 3580 2858 3646 licenti-

555 3691 786 3758 amque
815 3665 1186 3732 includeadi
1207 3689 1336 3733 eas·
1413 3668 1664 3747 [Anno,
1690 3681 1839 3745 etc.,
1866 3675 2233 3733 m⁰cc⁰mli1
2264 3669 2635 3734 Bertramus
2664 3667 2857 3732 Prior

556 3759 714 3824 emit
759 3755 842 3822 de
897 3755 1186 3820 Roberto
1233 3755 1316 3820 de
1368 3755 1598 3821 Nevile
1644 3756 1910 3821 boscum
1960 3756 2042 3820 de
2110 3756 2444 3835 Aldwode,
2493 3755 2657 3820 insra
2708 3777 2855 3820 xxx

549 3869 756 3914 annos
802 3842 1254 3922 amovendum,
1303 3865 1421 3928 pro
1484 3864 1716 3908 ncxxx
1762 3842 2083 3924 marcis-J]
2178 3846 2392 3922 Ann0‚
2437 3856 2583 3920 etc.,
2616 3863 2851 3908 Mccnv

559 3933 930 4002 Alexander
979 3931 1159 4017 Papa
1216 3929 1397 3995 dedit
1455 3953 1727 4020 regnum
1775 3930 2033 4016 Apuliae
2101 3942 2167 3994 et
2214 3931 2451 3998 Siciliae
2503 3931 2854 3997 Edmundo

553 4023 688 4088 filio
738 4020 936 4106 Regis
985 4018 1262 4104 Angliae.
1359 4019 1447 4084 Et
1496 4032 1759 4103 propter
1788 4017 1913 4083 hoc
1959 4022 2295 4104 episcopus
2346 4018 2852 4085 Heresordensis

555 4109 864 4194 obligavit
915 4107 1246 4194 religiosos
1297 4105 1557 4190 Angliae
1606 4105 2071 4171 mercatoribus
2126 4109 2190 4169 in
2246 4127 2513 4171 xxxvut
2572 4105 2847 4170 millibus

553 4217 909 4262 marcarum
943 4197 1142 4282 Papae
1173 4192 1645 4280 persolvendas.
1741 4195 1991 4258 Contra
2020 4217 2210 4282 quam
2241 4194 2700 4280 obligationem
2734 4215 2847 4282 ap-

1192 4374 1219 4402 ·
1259 4369 1576 4420 Arrennxx.
1610 4368 1841 4420 No.1.xx.
1884 4385 1971 4418 nx.
2012 4385 2178 4420 ωιιιι.

1321 4442 1356 4504 †
1391 4439 1710 4488 Arrnnmx.
1782 4438 1863 4490 No
1906 4453 2060 4487 mxiv.

1214 4509 1235 4568 t
1277 4506 1604 4557 Arrtnmx.
1644 4505 1742 4558 No.
1770 4519 1931 4558 uva.
1967 4507 2185 4566 vaml,
