3000 5117
785 465 1206 518 APPENDIX.
1262 468 1444 518 ANN.
1487 469 1869 520 Mccxux.
2280 445 2487 522 lxxix

201 647 294 706 ta3
324 629 404 694 de
445 649 594 714 qua,
641 625 796 692 dum
828 627 1084 706 vixerit,
1116 628 1316 715 possit
1345 627 1653 695 decenter
1683 643 1751 697 et
1780 651 2067 716 congrue
2096 628 2441 694 sustentari
2467 652 2485 692 ε

199 717 696 782 contradictores
737 737 852 800 per
898 738 1236 782 censuram
1281 717 1797 798 ecclesiasticam,
1845 716 2285 804 appellacione
2316 728 2493 801 post-

201 803 416 889 posita,
441 837 455 846 -
478 804 979 888 compescenda
1072 803 1362 868 Demum
1398 827 1553 870 vero
1593 803 1997 871 denuncietis
2036 803 2287 869 dilectis
2338 801 2488 866 filiis

203 891 494 977 Capitulo
550 891 978 956 Dunelmensi
1027 905 1100 956 ut
1143 891 1438 956 invocata
1487 893 1761 977 Spiritus
1820 891 2041 958 Sancti
2091 891 2328 978 gracia,
2373 911 2493 975 per

200 977 577 1043 eleccionem
597 977 970 1043 canonicam
1001 979 1362 1064 praeficiant
1381 979 1501 1045 sibi
1520 1002 1861 1064 personam
1890 979 2215 1066 ydoneam
2244 980 2311 1042 in
2343 999 2491 1064 pas-

199 1079 410 1129 torem.
511 1065 711 1139 Quod
741 1065 795 1128 si
825 1088 956 1130 non
989 1087 1210 1130 omnes
1237 1065 1359 1130 hiis
1383 1068 1772 1154 exequendis
1846 1066 2135 1132 otueritis
2159 1065 2490 1141 interesse,

197 1153 320 1216 duo
362 1166 646 1216 vestrum
691 1174 772 1216 ea
815 1151 1262 1217 nichilominus
1292 1167 1717 1241 exequantur.
1802 1090 1991 1222 ¹bata
2020 1151 2345 1240 Lugduni,
2377 1151 2493 1216 ka-

200 1239 391 1304 lendis
419 1239 461 1305 J
467 1239 602 1318 ulii,
634 1239 1046 1325 pontificatus
1076 1240 1282 1305 nostri
1311 1263 1483 1307 anno
1512 1255 1719 1309 sexte.

362 1608 499 1653 Lxl.
565 1607 899 1652 LICBNCIA
933 1609 1024 1652 AD
1058 1608 1509 1653 ORDINANDOS
1540 1610 1927 1656 MoMAcnos
1958 1611 2035 1656 m
2067 1611 2318 1657 SACROS

683 1695 990 1739 onnmns
1023 1695 1112 1738 ET
1143 1696 1400 1740 cmsMA
1431 1697 1995 1744 conrlcnfflnma.

549 1811 728 1878 [cm.
753 1811 867 1862 111.
893 1809 984 1862 ful.
1005 1815 1106 1862 269
1129 1813 1178 1863 b.
1203 1813 1500 1882 etorig.2.
1527 1816 1573 1866 1.
1614 1815 1924 1882 Archiepise.
1966 1817 2029 1867 o.
2057 1817 2127 1884 1.]

284 1927 600 1996 Omnibus
650 1926 890 1993 Christi
934 1926 1234 1992 fidelibus
1263 1927 1380 1992 has
1409 1928 1627 1994 literas
1657 1931 2063 2016 inspecturis,
2100 1931 2493 1998 Willielmus

207 2016 325 2080 Dei
353 2016 572 2100 gracia
607 2014 1030 2080 Eboracensis
1061 2014 1619 2101 Archiepiscopus,
1653 2018 1903 2102 Angliae
1934 2018 2189 2104 primas,
2222 2019 2494 2084 salutem

205 2103 262 2166 in
323 2103 632 2171 Domino,
732 2102 838 2167 Ad
887 2104 1268 2166 instanciam
1328 2101 1713 2169 dilectorum
1772 2105 1839 2170 in
1891 2104 2151 2171 Christo
2208 2107 2492 2172 filiorum

210 2189 434 2254 Prioris
480 2203 548 2254 et
601 2189 979 2255 Conventus
1010 2190 1468 2255 Dunelmensis
1513 2193 1939 2256 concessimus
1971 2207 2043 2257 ut
2072 2192 2125 2256 si
2155 2192 2380 2278 aliquis
2410 2194 2493 2258 de

206 2278 420 2342 nostris
465 2275 908 2360 suffiaganeis,
943 2276 1044 2340 vel
1089 2276 1249 2340 alius
1303 2277 1661 2364 Episcopus
1691 2279 1952 2367 Angliae
1996 2303 2113 2345 seu
2148 2281 2491 2345 Hiberniae

205 2381 380 2429 notus
423 2363 772 2429 transitum
815 2363 1040 2430 fecerit
1097 2385 1214 2448 per
1257 2364 1683 2443 Dunolmum,
1732 2366 1924 2431 liceat
1978 2370 2063 2445 ei,
2097 2369 2487 2432 auctoritate

206 2467 426 2529 nostra,
474 2449 788 2539 quamdiu
843 2451 1042 2515 Sedes
1087 2453 1410 2518 vacaverit
1439 2452 1897 2518 Dunolmensis
1931 2454 2241 2520 Ecclesiae
2273 2477 2494 2519 mona-

207 2539 346 2602 chos
407 2553 476 2604 et
537 2539 700 2603 alios
773 2538 1105 2628 religiosos
1180 2539 1468 2624 ejusdem
1526 2541 1860 2606 dioceseos
1918 2541 2238 2620 ordinare,
2302 2556 2369 2607 et
2428 2542 2497 2606 iu

211 2625 630 2691 Dunolmensi
681 2626 952 2691 ecclesia
997 2626 1229 2690 crisma
1285 2628 1625 2705 conficere,
1657 2650 1733 2693 ac
1762 2629 2115 2694 eorundem
2146 2630 2497 2695 monacho-

209 2735 334 2777 rum
380 2713 686 2779 ecclesias
732 2713 1056 2791 dedicare,
1103 2713 1158 2776 si
1216 2714 1300 2779 ab
1359 2714 1603 2779 eisdem
1660 2714 1854 2780 fuerit
1912 2716 2269 2804 requisitus·
2391 2717 2496 2782 Ita

213 2813 408 2866 tamen
430 2799 610 2889 quod
633 2803 696 2864 in
717 2801 1050 2865 ordinibus
1073 2822 1332 2864 manum
1355 2801 1747 2868 secularibus
1772 2803 2016 2868 clericis
2036 2827 2165 2868 non
2184 2805 2491 2891 imponat.

215 2887 374 2953 Data
389 2890 566 2975 apud
587 2887 796 2952 Kauu’
811 2888 1148 2969 [Cawod]‚
1175 2910 1262 2952 xv
1287 2888 1595 2955 kalendas
1608 2892 1851 2970 marcii,
1874 2891 2277 2977 pontificatus
2290 2891 2493 2966 nostri

212 2995 363 3041 anno
391 2988 566 3041 xxx⁰
593 2989 848 3064 quarto·
879 2975 1188 3040 valeatis·

371 3343 539 3392 Lxu.
593 3343 851 3387 urnas
896 3342 1373 3387 nxcusxroau
1420 3341 1735 3386 muscum
1798 3343 1888 3387 nn
1942 3343 2317 3390 cmmmcn

1129 3407 1282 3496 [ita]
1321 3429 1537 3474 MISSA.

453 3545 632 3609 [Cart.
655 3547 768 3598 111.
791 3545 878 3599 fol.
899 3549 1000 3597 254
1023 3547 1074 3598 b.
1097 3552 1156 3598 et
1177 3547 1324 3614 Orig.
1353 3553 1402 3597 1.
1436 3547 1480 3596 1.
1508 3545 2032 3616 Archiepiscopallum
2056 3548 2134 3600 Η.
2160 3551 2239 3614 2]

293 3663 656 3730 Venerabili
699 3665 764 3727 in
816 3663 1080 3730 Christo
1124 3665 1292 3750 patri
1324 3663 1589 3728 domino
1627 3665 1911 3730 Waltero
1942 3664 2073 3734 Dei
2104 3667 2322 3751 gracia
2350 3667 2496 3734 Du-

217 3749 512 3816 nelmensi
572 3751 879 3837 episcopo
945 3751 1030 3817 G.
1091 3751 1313 3816 eadem
1373 3754 1591 3835 gracia
1639 3751 1951 3817 Candidae
2010 3776 2175 3818 casae
2224 3753 2500 3839 Episco-

218 3859 344 3920 pus,
365 3841 638 3904 salutem
661 3851 730 3902 et
748 3837 1287 3924 promptissimam
1309 3861 1452 3902 cum
1474 3838 1647 3902 omni
1666 3840 2021 3905 devocione
2040 3842 2496 3908 reverenciam.

223 3923 606 3991 Reverendae
651 3925 1020 4010 paternitati
1066 3939 1296 3990 vestroe
1342 3925 1751 3992 manifestum
1796 3927 2086 4004 facimus,
2119 3926 2313 4014 quod,
2348 3951 2493 3994 cum

219 4031 405 4098 nuper
434 4011 770 4078 transitum
801 4013 1155 4078 faceremus
1184 4035 1302 4097 per
1330 4012 1743 4092 Dunelmum,
1765 4013 1938 4079 facta
1964 4013 2088 4078 fuit
2105 4015 2289 4078 nobis
2312 4016 2499 4101 copia

221 4097 581 4178 litterarum,
629 4121 788 4186 quas
853 4101 936 4164 de
979 4098 1199 4187 gracia
1242 4113 1457 4164 vestra
1515 4100 1914 4164 concessistis
1966 4099 2119 4163 viris
2178 4098 2494 4185 religiosis

222 4183 474 4252 dominis
539 4185 745 4252 Priori
791 4199 858 4252 et
907 4187 1272 4253 Conventui
1320 4187 1763 4264 Dunelmensi‚
1808 4209 2001 4271 super
2044 4187 2373 4258 ordinibus
2429 4189 2495 4254 in

221 4271 496 4339 absencia
553 4287 767 4340 vestra
831 4274 1229 4340 celebrandis
1287 4274 1549 4352 ibidem,
1612 4294 1730 4358 per
1787 4273 2061 4359 aliquem
2121 4275 2493 4364 episcopum

224 4375 449 4438 notum,
483 4362 534 4424 si
563 4384 680 4447 per
708 4385 818 4426 eos
849 4361 1184 4428 transitum
1214 4361 1454 4426 faceret
1477 4385 1496 4436 ;
1544 4383 1763 4425 verum
1794 4383 1939 4424 cum
1970 4383 2055 4426 ex
2073 4385 2289 4426 earum
2320 4365 2494 4430 litte-

225 4466 412 4512 rarum
458 4448 774 4514 beneficio
817 4471 949 4515 non
977 4450 1360 4515 haberemus
1391 4447 1567 4536 quod
1600 4447 1682 4511 ad
1714 4447 1873 4514 alios
1902 4447 2313 4529 ordinandos,
2326 4455 2493 4538 ‘pre-
