3000 5117
733 509 1134 562 nonna-rus
1187 512 1290 562 m:
1346 515 1865 567 onusrmns.
2364 495 2471 570 49

80 677 112 770 [
161 689 310 741 esset
369 671 711 759 negocium
767 695 888 758 pro
944 696 1076 760 quo
1135 673 1304 738 missi
1363 690 1571 752 erant,
1622 677 1875 742 tandem
1936 677 2181 763 apernit
2246 675 2307 742 ei
2382 673 2453 740 in

161 777 410 841 secreto,
445 764 540 825 ita
583 773 804 824 tamen
849 762 1025 848 quod
1069 761 1262 825 alteri
1287 784 1416 825 nou
1441 765 1774 842 revelaret,
1807 767 1981 852 quod
2014 765 2177 830 citra
2206 767 2450 828 instans-

158 853 371 916 foetum
422 848 638 914 natale
697 847 966 914 Domini
1029 848 1234 912 modis
1281 851 1585 914 omnibns
1624 851 1886 917 cederet
1938 852 2267 938 prioratui.
2361 851 2443 916 In

155 937 506 1002 ebdomoda
531 949 748 1000 tamen
787 935 1100 1020 sequenti,
1133 956 1248 1019 per
1275 937 1696 1021 suppriorem,
1736 940 2023 1004 Priorem
2052 940 2137 1005 de
2169 937 2439 1026 Fyncal,

153 1026 462 1090 sacristam
507 1023 916 1108 praedictnm,
964 1023 1368 1106 propositum
1397 1047 1583 1088 suum
1616 1027 1955 1104 indicavit3
2002 1027 2088 1092 de
2116 1049 2437 1092 consensu

151 1133 372 1190 eorum,
447 1125 522 1175 et
595 1109 956 1195 provisione
1033 1108 1096 1173 ei
1153 1110 1564 1193 assignanda,
1628 1132 1915 1197 paternae
1972 1115 2433 1199 compassionis

149 1199 364 1264 iutuitu
432 1196 741 1264 devotius
809 1195 1255 1282 supplicando.
1393 1199 1535 1262 Etsi
1594 1203 1767 1264 euim
1826 1200 2073 1265 literam
2134 1200 2435 1286 papalem

151 1286 454 1372 Episcopo
493 1285 810 1350 directam
853 1305 1043 1369 super
1087 1283 1450 1368 provisione
1510 1285 1630 1349 sibi
1675 1287 1973 1352 facienda
2012 1287 2303 1366 haberet,
2354 1309 2439 1352 ea

149 1387 362 1452 tamen,
411 1386 482 1437 nt
529 1370 721 1448 dixit,
773 1370 868 1436 nti
912 1369 1116 1435 noluit
1141 1393 1168 1447 3
1207 1373 1408 1454 magis
1455 1374 1657 1439 voluit
1703 1373 2065 1459 portionem
2112 1374 2433 1440 modicam

146 1481 490 1545 congruam,
557 1473 808 1524 tantum
867 1457 948 1522 de
1003 1479 1226 1522 eorum
1285 1480 1601 1524 consensu
1658 1462 1918 1539 habere,
1980 1483 2171 1547 quam
2226 1463 2429 1528 multo

145 1551 432 1634 majorem
455 1547 544 1612 de
571 1545 918 1632 superioris
947 1544 1398 1630 assignatione,
1431 1559 1663 1612 contra
1690 1571 1913 1616 eornm
1942 1549 2427 1633 beneplacitum

144 1635 486 1701 voluntatis.
635 1633 726 1698 Et
795 1634 1086 1719 quamvis
1143 1647 1500 1697 conventus
1558 1637 1839 1718 graviter
1898 1635 2023 1700 ista
2076 1635 2423 1722 acciperet,

144 1735 357 1799 tamen,
413 1722 637 1786 habita
684 1718 1174 1797 deliberatione,
1213 1719 1440 1784 ultimo
1485 1737 1935 1787 concesserunt
1962 1722 2023 1788 ei
2070 1723 2427 1790 manerium

145 1811 214 1874 de
257 1809 632 1885 Warddele,
685 1807 1230 1895 Muglingeswyk,
1266 1829 1414 1871 cum
1444 1809 1869 1893 pertinentiis,
1902 1810 2079 1875 salvo
2107 1811 2307 1877 bosco
2334 1813 2421 1878 de

145 1895 436 1974 Dswclm,
467 1893 862 1982 Wyvistow,
885 1916 1036 1959 cum
1064 1893 1443 1959 molendino
1469 1909 1534 1960 et
1564 1909 1829 1981 pastura
1846 1911 1913 1962 et
1943 1900 2423 1982 operationibus

141 1985 439 2048 consuetis
499 1997 567 2047 et
625 1981 916 2066 caragiis,
993 1981 1295 2046 ecclesias
1352 1982 1444 2047 de
1516 1983 1704 2069 Acly,
1772 1983 2210 2068 Estriugtone,
2270 2009 2423 2052 cum

139 2070 400 2136 manerio
441 2071 533 2135 de
567 2069 940 2146 Ncwlande,
971 2067 1146 2155 quod
1191 2069 1328 2153 ipse
1366 2084 1839 2149 construxerat,
1872 2071 1965 2136 ita
1998 2087 2211 2138 tamen
2242 2075 2421 2161 quod

137 2181 172 2222 a
211 2181 321 2222 suo
365 2157 706 2243 proposito
745 2178 878 2220 non
919 2169 1140 2240 posset
1167 2155 1509 2222 immutari.
1602 2159 1707 2222 Ad
1740 2159 1917 2245 quod
1946 2159 2417 2228 immutandum

137 2245 359 2310 nunciis
407 2245 852 2332 injunxerunt,
885 2257 978 2321 nt,
1011 2242 1128 2308 viis
1159 2258 1227 2308 et
1259 2243 1488 2322 modis,
1524 2244 1755 2332 quibus
1778 2269 2071 2335 congrue
2095 2262 2417 2332 poterant,

137 2333 500 2398 laborarent.
621 2331 867 2397 Audita
936 2330 1372 2415 responsione,
1421 2347 1779 2397 conventus
1840 2336 2094 2422 rogavit
2151 2335 2419 2421 Episco-

28 2497 32 2506 .
135 2441 287 2504 pum,
319 2435 392 2484 nt
444 2421 530 2484 ad
577 2441 726 2487 eum
777 2419 1130 2483 festinaret.
1221 2417 1376 2497 Qui,
1425 2419 1631 2504 pridie
1674 2435 1827 2486 ante
1872 2422 2083 2488 natale
2125 2421 2413 2504 Domini,

135 2508 368 2572 veniens
408 2508 496 2572 ad
524 2530 674 2572 eum
721 2505 896 2592 apud
931 2505 1340 2592 Bewrepayr,
1367 2506 1587 2572 audita
1610 2508 2019 2574 ordinatione
2041 2525 2416 2590 conventus,

139 2595 318 2678 primo
345 2593 630 2680 injunxit
653 2594 714 2658 ei
745 2617 826 2658 ne
844 2591 1156 2678 prioratui
1175 2593 1452 2658 cederet.
1546 2595 1677 2660 Sed
1700 2618 1847 2660 cum
1876 2619 2011 2661 non
2038 2598 2411 2682 proficeret,

136 2681 358 2772 rogavit
399 2694 796 2746 conventum
841 2702 960 2766 per
1015 2703 1186 2758 suos,
1233 2682 1409 2768 quod
1460 2703 1607 2744 cum
1653 2683 2011 2749 manerium
2036 2684 2119 2749 de
2152 2685 2415 2753 Mukel·

139 2769 150 2783 ⁶
263 2769 402 2858 wyk
463 2769 740 2834 multum
797 2768 1066 2833 distaret
1121 2789 1164 2831 a
1218 2768 1517 2832 maneriis
1574 2769 1723 2848 suis,
1784 2785 1853 2836 et
1910 2770 2044 2856 ipse
2089 2771 2415 2861 frequenti

137 2857 430 2946 coloquio
465 2856 564 2921 H.
603 2855 844 2922 Prioris
867 2855 932 2919 in
975 2854 1224 2918 solaciis
1253 2868 1320 2920 et
1367 2857 1647 2920 consiliis
1678 2858 2019 2942 plurimum
2068 2858 2407 2944 indigeret,

137 2961 214 3021 ut,
237 2967 348 3030 pro
370 2943 918 3030 Mnklingeswyk,
949 2943 1312 3027 Rem-epar,
1337 2957 1404 3007 et
1429 2967 1547 3028 pro
1578 2945 1849 3009 ecclesia
1864 2945 1947 3010 de
1970 2946 2411 3032 Estringtone,

137 3033 439 3098 ecclesiam
463 3033 554 3096 de
580 3031 933 3095 Alvertone
954 3043 1392 3114 permutarent
1407 3055 1427 3094 ε
1450 3046 1517 3095 et
1538 3033 1759 3119 quoad
1776 3032 2073 3097 ecclesias
2088 3035 2413 3100 deAlver-

137 3135 226 3182 ton
251 3135 312 3186 et
331 3120 748 3202 Estringtone
771 3118 1036 3182 assensit
1053 3132 1436 3182 conventus:
1469 3119 1585 3182 sed
1604 3120 1815 3206 quoad
1838 3120 2050 3183 locum
2070 3119 2155 3185 dc
2168 3121 2409 3186 Beure-

135 3229 284 3292 pare,
327 3207 438 3272 ubi
483 3224 863 3282 conventus,
909 3226 1184 3292 quorum
1213 3204 1398 3268 labor
1425 3219 1523 3270 est
1566 3206 1827 3293 grandis
1874 3220 1943 3271 et
1988 3228 2099 3272 aer
2142 3229 2409 3294 corrup-

135 3311 236 3372 tus,
285 3296 480 3361 habet
533 3316 656 3382 pro
703 3291 935 3376 majori
987 3307 1168 3376 parte
1197 3313 1378 3356 snam
1406 3292 1895 3371 recreationem,
1926 3293 2409 3373 dissenserunt;

30 3411 32 3424 ·
135 3397 188 3444 et
225 3405 360 3447 cum
390 3403 592 3468 super
629 3380 756 3446 hoc
787 3401 918 3444 non
965 3377 1229 3456 offendi,
1275 3380 1739 3465 supplicarunt.
1838 3381 1945 3460 Et,
1980 3395 2053 3446 ut
2078 3382 2401 3468 apparuit,

135 3483 370 3558 uterque
435 3491 664 3535 eornm
735 3468 1220 3552 responsionem
1269 3483 1631 3532 conventus
1672 3481 1827 3532 tunc
1884 3484 2402 3554 acceptaverunt.

137 3554 198 3619 In
223 3557 492 3623 crastino
522 3579 698 3633 vero,
727 3554 920 3618 nichil
949 3554 1118 3619 ultra
1143 3554 1390 3618 faciens
1413 3553 1496 3619 de
1528 3555 1869 3639 praedictis,
1900 3556 2167 3622 recessit
2208 3557 2403 3660 Epis-

133 3665 300 3729 copus
333 3667 560 3710 versus
583 3641 958 3723 Aucland.]
1053 3641 1140 3705 Et
1171 3641 1238 3704 in
1267 3641 1376 3706 die
1406 3641 1611 3706 sancti
1644 3643 1955 3728 Stephani
1982 3644 2155 3710 misit
2188 3646 2397 3728 Prior,

131 3753 258 3797 eum
275 3733 359 3802 H.
379 3732 804 3808 Horncaster,
823 3729 1042 3794 literas
1063 3727 1514 3816 resignationis
1532 3749 1686 3807 saae,
1710 3753 1929 3796 causas
1946 3754 2146 3820 quare
2164 3733 2401 3802 cedere

30 3829 32 3846 ¹
131 3819 304 3888 voluit
329 3819 756 3895 continentes,
791 3815 1114 3902 Episcopo
1145 3838 1170 3891 ς
1211 3831 1284 3878 ut
1327 3837 1509 3880 suam
1550 3816 1905 3884 cessionem
1950 3820 2230 3904 benigne
2280 3822 2399 3887 ad-

131 3907 404 3986 mitteret,
451 3905 780 3973 humiliter
818 3925 1055 3988 rogans
1101 3925 1252 3968 eum
1278 3925 1301 3966 τ
1339 3925 1505 3989 quas
1530 3902 1744 3970 literas
1778 3905 1970 3993 jussit
2034 3906 2396 3994 Episcopus

131 3996 482 4064 conservari.
583 3994 670 4058 Et
698 3991 966 4082 egressis
995 3988 1296 4055 omnibus
1339 4003 1578 4074 praeter
1609 3991 2021 4078 Episcopum,
2069 4015 2219 4058 suos
2266 3994 2400 4059 cle·-

129 4081 267 4147 ricos
307 4097 372 4149 et
413 4083 766 4157 sacristam,
802 4077 1157 4164 Episcopus
1209 4097 1569 4143 sermonem
1590 4079 1684 4144 ad
1734 4080 2063 4146 sacristam
2093 4079 2394 4167 dirigens,

134 4167 234 4258 [sic
271 4169 522 4237 affluar.
614 4178 660 4212 ‘⁴
689 4167 898 4231 Miror
926 4165 1010 4231 de
1055 4165 1236 4230 vobis
1263 4165 1444 4252 quod
1487 4187 1601 4230 vos
1643 4189 1753 4232 me
1796 4181 1863 4232 et
1906 4167 2211 4236 mandata
2252 4191 2399 4237 mea

129 4259 604 4344 parvipenditis;
647 4255 700 4322 si
745 4254 909 4320 alius
947 4253 1018 4318 in
1047 4254 1194 4318 loco
1225 4275 1370 4318 meo
1399 4269 1590 4331 esset,
1652 4253 1713 4319 ei
1769 4253 2076 4356 quicquid
2114 4271 2389 4344 peteret,

131 4343 454 4412 faceretis?
544 4343 634 4410 Et
689 4342 976 4420 sacrista,
1032 4350 1076 4384 “
1107 4339 1300 4406 Salva
1339 4341 1727 4418 reverentia,
1776 4346 2055 4421 domme,
2100 4367 2219 4410 nec
2280 4369 2392 4411 vos

33 4433 35 4438 ’
133 4451 230 4497 nec
267 4433 566 4500 mandata
609 4445 820 4497 vestra
873 4427 1390 4515 contempsimus,
1453 4429 1653 4494 immo
1696 4451 1945 4516 semper
1990 4431 2391 4498 obedivimus

136 4521 306 4602 vobis,
337 4523 502 4588 sicut
532 4517 860 4586 ordinario
889 4530 1134 4598 nostro,
1168 4516 1232 4580 in
1263 4515 1448 4584 licitis
1504 4529 1571 4582 et
1622 4515 1933 4601 honestis,
1983 4534 2049 4586 et
2092 4521 2401 4608 majorem

1235 4623 1283 4668 n
