3000 5117
696 468 1120 519 Armi-znu-
1158 468 1346 517 Ans.
1385 466 1949 521 mcccxxxxvn.
2313 448 2475 528 clvii

197 632 357 701 mille
404 652 754 697 marcarum
807 643 876 695 et
936 630 1212 715 amplius
1253 630 1611 708 annuatim,
1656 652 1775 716 per
1824 630 1953 697 vim
1995 642 2065 699 et
2111 634 2477 720 potenciam

203 720 386 809 Regis
423 720 790 784 Scottorum
820 742 860 783 a
887 717 1074 783 nobis
1089 718 1226 803 jam
1255 740 1298 783 a
1325 716 1436 782 diu
1467 718 1937 783 subtractarum
1956 732 2023 785 et
2040 720 2475 803 detentarum,

195 807 596 893 personaliter
623 826 1012 889 occupamur
1055 818 1122 869 et
1151 804 1515 869 necessario
1546 806 1848 891 occupari
1894 821 2179 892 oportet,
2226 831 2312 875 ex
2354 808 2479 877 hac

195 916 392 971 causa,
423 915 540 978 pro
572 909 864 979 tempore
891 912 1024 991 quo
1053 892 1120 955 in
1151 891 1442 977 partibus
1469 896 1704 957 nostris
1733 892 2095 973 extiterint,
2126 896 2306 985 quod
2334 916 2480 963 nes·

196 981 352 1047 citur
375 980 682 1067 quamdiu
736 980 880 1057 erit,
925 991 1019 1043 ita
1045 979 1222 1079 quod
1252 980 1496 1066 absque
1628 979 1731 1044 avi
1758 982 2047 1082 corporis
2076 984 2279 1049 nostri
2308 986 2476 1069 peri-

197 1068 334 1132 culo
378 1082 442 1132 et
475 1066 728 1131 Domus
757 1080 993 1130 nostrae
1023 1066 1366 1150 dispendio
1396 1088 1471 1151 pr
1578 1065 1709 1131 icto
1738 1069 2026 1153 capitulo
2056 1070 2479 1155 personaliter

195 1177 316 1219 non
344 1154 694 1239 poterimus
721 1152 1030 1217 interesse
1059 1167 1126 1217 et
1155 1152 1219 1215 in
1263 1152 1496 1218 eodem
1528 1152 1879 1239 presidere,
1913 1156 2093 1221 sicud
2124 1158 2209 1222 ad
2236 1157 2479 1224 facien·

196 1241 338 1305 dum
367 1241 748 1307 auctoritate
770 1239 980 1303 ultimi
1009 1238 1272 1324 capituli
1301 1239 1706 1325 provincialis
1735 1242 2021 1325 ejusdem
2042 1243 2309 1309 Ordinis
2338 1267 2479 1313 era·

196 1350 323 1392 mus
350 1328 638 1414 deputati
665 1351 684 1403 3
729 1326 1052 1427 quocirca,
1085 1325 1172 1391 de
1217 1325 1444 1391 vestris
1474 1326 1779 1412 prudenti
1806 1330 2383 1415 circumspeccione
2412 1344 2479 1399 et

196 1414 598 1480 conscienciae
628 1428 906 1500 puritate
936 1412 1280 1497 plurimum
1311 1413 1380 1477 in
1412 1413 1705 1479 Domino
1744 1416 2165 1497 confidentes,
2199 1419 2282 1485 ad
2310 1441 2480 1505 prae-

196 1502 510 1567 sidendum
557 1524 682 1588 pro
727 1500 916 1566 nobis
965 1515 1035 1566 et
1085 1500 1344 1565 nomine
1394 1513 1617 1565 nostro
1668 1501 1737 1566 in
1767 1502 1944 1569 dicto
1974 1504 2256 1591 capitulo
2286 1528 2363 1571 ac
2391 1509 2479 1573 ad

197 1589 490 1665 facienda,
523 1587 884 1665 statuenda,
917 1598 986 1653 et
1015 1587 1370 1653 ordinanda
1401 1587 1619 1653 omnia
1640 1602 1710 1653 et
1736 1588 2015 1675 singula,
2044 1608 2361 1679 quatenus
2389 1594 2477 1661 ad

197 1698 302 1741 nos
330 1676 632 1763 pertinet,
655 1690 724 1741 et
755 1696 902 1775 quae
933 1696 1051 1740 nos
1080 1674 1292 1740 facere
1320 1696 1675 1761 possemus,
1698 1676 1753 1740 si
1782 1692 2135 1762 praesentes
2166 1702 2475 1760 essemus,

201 1785 314 1827 una
359 1786 504 1829 cum
541 1762 836 1829 Praelatns
877 1774 944 1827 et
973 1761 1114 1826 aliis
1143 1761 1670 1847 procuratoribus
1699 1762 1766 1826 in
1794 1762 1973 1829 dicto
1999 1765 2287 1851 capitulo
2316 1779 2473 1834 tunc

199 1851 624 1934 praesentibus,
657 1850 846 1915 vobis
882 1848 1342 1914 committimus
1371 1849 1541 1915 vices
1570 1862 1847 1929 nostras,
1880 1851 2223 1937 cujuslibet
2248 1855 2481 1919 coher-

202 1936 380 2003 cionis
430 1936 762 2003 canonicae
803 1947 1149 2035 potestate.
1241 1935 1323 1999 In
1367 1939 1553 2023 cujus
1597 1938 1689 2001 rei
1725 1938 2162 2005 testimonium
2195 1930 2477 2026 sigilium

202 2039 468 2089 nostrum
521 2024 944 2109 proesenubus
990 2035 1093 2087 est
1143 2043 1520 2107 appensum.
1608 2022 1791 2089 Data
1824 2023 2153 2105 Dunelmi‚
2197 2048 2342 2093 xvu
2373 2028 2481 2094 die

203 2110 416 2177 mensis
443 2110 648 2189 Junii,
677 2132 856 2177 anno
885 2108 1152 2174 Domini
1185 2120 1470 2173 mcccv
1515 2110 1917 2197 octogesimo
1939 2113 2236 2201 septimo.

360 2532 640 2577 cxxxlx.
745 2530 1124 2577 mummolo
1201 2528 1588 2574 W1LL1811M1
1668 2528 1840 2573 111211
1918 2526 2301 2577 waramum

384 2620 618 2663 SMY'I'H
657 2618 748 2663 DE
795 2616 1309 2663 NUNSTAYNTON
1359 2617 1448 2661 DE
1497 2616 1777 2662 orriolo
1809 2614 2281 2667 STABULARIAE.
2374 2646 2379 2654 =

1061 2758 1222 2829 [neg.
1243 2754 1324 2811 11.
1340 2756 1376 2811 f.
1394 2760 1513 2809 214.
1534 2758 1611 2825 a]

281 2901 610 2969 Universis
671 2902 913 2970 Christi
985 2900 1288 2967 fidelibus
1361 2911 1721 2987 praesentes
1792 2901 2009 2967 literas
2080 2901 2483 2988 inspecturis,

214 2986 514 3056 Robertus
550 2992 742 3056 Prior
783 2988 1072 3055 ecclesioe
1103 2988 1557 3054 Dunelmensis
1600 3000 1671 3053 et
1700 2988 1988 3073 ejusdcm
2017 2988 2149 3054 loci
2187 2992 2488 3056 Conven-

209 3086 314 3155 tus,
343 3078 611 3145 salutem
640 3078 706 3142 in
729 3078 1018 3143 Domino
1035 3075 1517 3162 sempiternam.
1604 3073 1933 3139 Noveritis
1956 3096 2073 3139 nos
2096 3077 2483 3144 concessisse

210 3174 264 3224 et
291 3166 578 3249 praesenti
632 3165 822 3229 litera
862 3177 1086 3229 nostra
1127 3164 1563 3239 confirmasse,
1611 3161 1851 3226 dilecto
1892 3161 2079 3225 nobis
2123 3162 2189 3227 in
2224 3164 2487 3231 Christo

215 3246 533 3316 willielmo
565 3251 798 3337 Smyth
843 3250 928 3315 de
963 3250 1424 3337 Nunstaynton
1454 3248 1735 3313 officium
1764 3248 2133 3315 stabularioe
2162 3250 2229 3315 in
2267 3253 2488 3318 Abba-

210 3334 328 3399 thia
363 3352 584 3405 nostra
627 3337 1076 3415 Dunelmensi‚
1121 3335 1490 3401 habendum
1530 3346 1599 3399 et
1640 3334 1991 3401 tenendum
2022 3336 2109 3402 ad
2138 3338 2485 3405 terminum

210 3420 342 3486 vitoe
383 3446 557 3502 suae3
605 3426 732 3504 cui,
790 3446 910 3509 pro
953 3422 1266 3510 obsequio
1315 3444 1432 3486 suo
1477 3420 1541 3485 in
1586 3422 1817 3487 eodem
1850 3422 2061 3488 officio
2114 3424 2393 3491 fideliter
2419 3440 2491 3493 et

211 3508 542 3591 efficaciter,
613 3511 920 3599 quamdiu
980 3510 1204 3595 vigens
1276 3508 1643 3574 valetudine
1698 3510 2017 3594 corporali
2072 3514 2360 3597 potuerit
2416 3512 2486 3579 in

209 3590 332 3679 ipso
357 3598 702 3677 deservire,
750 3597 1212 3684 impendendo,
1260 3594 1673 3661 concedimus
1716 3596 1983 3681 singulis
2014 3596 2239 3663 diebus
2282 3622 2483 3666 unum

211 3700 414 3763 panem
444 3686 528 3750 de
559 3686 941 3751 secundario
963 3685 1136 3762 albo,
1169 3706 1362 3748 unam
1385 3683 1683 3770 lagenam
1712 3682 2017 3761 servisioe,
2050 3696 2117 3749 et
2147 3687 2488 3754 servicium

212 3767 282 3831 de
327 3772 598 3873 coquina
643 3773 930 3838 carnium
978 3772 1080 3837 vel
1129 3770 1420 3856 piscium,
1452 3780 1647 3855 prout
1694 3782 1951 3856 tempus
1978 3772 2268 3858 requirit,
2301 3775 2487 3839 sicud

211 3854 328 3919 aliis
355 3859 654 3924 ministris
700 3859 955 3938 nostris,
1011 3858 1314 3923 videlicet
1350 3856 1563 3922 Alano
1614 3856 1699 3921 de
1731 3856 2187 3943 Coldyngham
2216 3860 2487 3944 subpor-

212 3944 356 4008 tario
380 3958 620 4033 nostro,
673 3959 740 4013 et
767 3944 1052 4013 Johanni
1080 3945 1164 4010 de
1193 3942 1460 4009 l’Rodes
1514 3942 1811 4009 servienti
1844 3942 1910 4005 in
1940 3944 2087 4009 aula
2114 3942 2489 4011 hostillariae

210 4042 437 4110 nostrae,
467 4055 592 4120 pro
619 4046 912 4120 tempore
941 4030 1287 4118 contigerit
1313 4030 1697 4105 ministrari3
1744 4040 1813 4095 et
1840 4050 1961 4113 pro
1984 4030 2217 4095 salario
2244 4052 2365 4097 suo
2394 4041 2485 4103 v⁸.

211 4122 509 4185 annuatim
539 4142 617 4185 ac
649 4142 847 4185 unum
876 4132 1406 4206 germamentum‚
1441 4119 1609 4183 sicut
1638 4115 1780 4181 aliis
1808 4114 2085 4182 minitris
2115 4118 2487 4185 hostillariae

212 4201 478 4272 videlicet
527 4208 982 4273 subforestario
1033 4218 1101 4273 et
1142 4206 1494 4292 sumptario
1537 4203 1675 4269 dari
1706 4201 2059 4292 continget.
2151 4204 2303 4290 Ipso
2334 4229 2495 4274 vero

217 4284 528 4359 willielmo
548 4294 899 4361 senectutis
927 4294 1340 4361 incommodo
1368 4291 1721 4368 confracto,
1751 4290 1855 4354 vel
1885 4290 1949 4355 in
1982 4290 2097 4357 tali
2120 4293 2491 4376 egritudine

213 4378 550 4460 constituto,
600 4382 777 4468 quod
821 4404 954 4447 non
996 4382 1236 4467 poterit
1279 4378 1547 4445 ulterius
1592 4377 1659 4447 in
1688 4377 1866 4442 dicto
1896 4378 2109 4443 officio
2138 4378 2487 4461 deservire,

214 4466 590 4535 concedimus
619 4470 680 4536 ei
708 4490 794 4537 ex
815 4482 964 4559 post
991 4469 1354 4557 proximam
1383 4478 1749 4534 vacaturam
1782 4466 1846 4531 iu
1876 4465 2237 4534 lufirmaria
2267 4484 2487 4533 nostra
