3000 5117
753 499 1164 550 neuturus
1197 499 1300 548 na
1341 497 1853 548 GRAYSTANEs.
2364 481 2457 547 41

648 977 795 1024 cAP.
849 977 913 1024 V.
992 973 1388 1019 mcnoLAth
1435 971 1525 1016 DE
1576 973 1977 1018 FARNEHAM.

909 1116 1056 1181 [MS.
1084 1118 1210 1185 Cap.
1231 1131 1492 1169 cxxxvii.
1516 1116 1551 1168 st:
1580 1117 1720 1180 183]

231 1261 448 1326 Facta
477 1271 582 1326 est
625 1275 844 1324 autem
877 1260 1018 1323 hoec
1055 1259 1288 1326 electio
1317 1259 1400 1322 de
1445 1282 1528 1324 eo
1562 1259 1625 1323 in
1658 1259 1937 1324 crastino
1967 1259 2459 1327 circumcisionis

149 1348 445 1427 Domini,
499 1349 668 1412 feria
714 1361 918 1424 sexta,
979 1367 1044 1410 iv
1097 1369 1297 1413 nonas
1349 1346 1659 1425 Januarii,
1712 1367 1901 1424 anno,
1948 1361 2094 1418 etc„
2126 1349 2462 1414 millesimo

149 1457 372 1500 ccxm.
468 1435 875 1521 Recepitque
897 1436 1432 1518 temporalitatem
1451 1458 1490 1499 a
1524 1433 1705 1522 Rege
1738 1436 1803 1498 in
1824 1435 1929 1498 die
1951 1451 2189 1500 sanctae
2214 1437 2463 1502 Scolas-

149 1523 290 1588 ticae
321 1523 622 1608 virginis,
661 1543 726 1586 ιν
751 1523 892 1586 idus
921 1522 1247 1586 Februarii
1276 1545 1294 1598 ;
1328 1537 1862 1610 consecratusque
1886 1537 1981 1587 est
2008 1523 2071 1586 in
2091 1524 2463 1608 episcopum

147 1612 312 1696 apud
357 1612 786 1688 Gloucestre,
837 1609 902 1673 in
957 1609 1062 1674 die
1107 1609 1306 1674 sancti
1353 1609 1711 1686 Trinitatis,
1746 1632 1785 1674 a
1814 1610 2077 1674 domino
2116 1611 2209 1674 W.
2256 1613 2461 1698 Gray,

149 1699 649 1784 archiepiscopo
693 1697 1088 1762 Eboracensi
1113 1723 1131 1772 3
1177 1712 1242 1762 et
1277 1697 1693 1761 intronizatus
1726 1693 1821 1761 est
1855 1698 2165 1762 Dunelmi
2198 1700 2262 1762 in
2292 1699 2459 1764 festo

151 1787 630 1850 Translationis
674 1784 876 1850 sancti
911 1785 1294 1850 Cuthberti:
1330 1799 1595 1849 vacante
1634 1783 2001 1870 episcopatu
2040 1786 2461 1852 Dunolmensi

151 1877 230 1936 ab
249 1874 440 1938 obitu
477 1873 742 1938 Ricardi
767 1873 1028 1937 secundi
1051 1895 1247 1960 usque
1273 1873 1354 1936 ad
1375 1871 1753 1938 electionem
1774 1870 1929 1937 dicti
1960 1873 2253 1938 Nicholai
2276 1877 2463 1939 annis

153 1982 238 2036 lv,
263 1962 568 2046 exceptis
592 1959 796 2026 tribus
821 1961 1162 2038 mensibus,
1191 1981 1242 2024 11
1265 1960 1781 2026 hebdomadibus
1805 1975 1873 2025 et
1894 1962 2177 2048 quinque
2208 1961 2457 2030 diebus.

159 2051 348 2114 Anno
375 2048 658 2116 Domini
685 2048 1024 2113 millesimo
1050 2069 1284 2113 ccxmi
1307 2047 1545 2132 incepit
1568 2047 1857 2112 Thomas
1891 2050 2077 2113 Prior
2106 2071 2335 2113 novam
2370 2051 2463 2114 sa-

149 2137 392 2202 bricam
419 2136 732 2214 ecclesioe,
755 2137 924 2200 circa
949 2134 1182 2200 festum
1206 2135 1408 2200 sancti
1433 2134 1794 2213 Michaelis»,
1813 2137 2085 2221 juvante
2112 2136 2455 2222 EpiscopO,

149 2239 210 2288 et
237 2225 592 2288 eeclesiam
623 2225 708 2288 de
743 2224 1132 2310 Bedlington
1165 2225 1246 2288 ad
1277 2227 1412 2310 ejus
1441 2222 1747 2286 fabricam
1780 2224 2171 2288 conferente.
2266 2226 2465 2290 Anno

149 2312 427 2378 Domini
479 2311 818 2376 millesimo
866 2331 1116 2374 ccxmv
1145 2314 1336 2376 cessit
1373 2311 1557 2374 Prior
1600 2309 1931 2387 Thomas3
1976 2325 2040 2376 et
2090 2311 2465 2395 Bertramus

148 2400 226 2464 de
275 2399 660 2464 Mediltoue
705 2400 913 2464 factus
957 2413 1051 2463 est
1085 2399 1289 2476 Prior,
1323 2399 1389 2461 in
1419 2397 1527 2462 die
1558 2397 1759 2462 sancti
1794 2397 2116 2466 Mauricii.
2176 2401 2465 2469 Thomas

151 2509 326 2564 vero,
361 2486 674 2572 deposito
704 2486 1018 2571 prioratus
1046 2486 1376 2571 regimine,
1411 2486 1473 2548 in
1508 2485 1774 2550 insulam
1814 2483 2020 2550 Farne
2052 2491 2348 2566 secessit3
2396 2507 2461 2556 et

151 2597 292 2638 cum
327 2575 478 2638 viro
511 2573 650 2644 Dei.
666 2575 1142 2638 Bartholomaeo
1165 2574 1314 2638 Deo
1347 2572 1618 2638 militare
1651 2571 1877 2656 elegit3
1912 2574 2019 2640 ubi
2047 2574 2107 2637 in
2134 2576 2463 2661 religionis

149 2663 504 2728 artitudine
534 2675 602 2726 et
621 2661 1108 2727 elemosinarum
1133 2661 1468 2745 largitione
1491 2661 1817 2726 residuum
1846 2661 1995 2724 vitae
2014 2662 2170 2746 egit.
2264 2666 2455 2752 [Qui,

153 2773 296 2814 eum
339 2749 410 2814 in
463 2749 774 2814 extremis
819 2762 1064 2836 ageret,
1100 2749 1164 2810 in
1217 2771 1478 2812 excessu
1534 2749 1799 2834 positus,
1832 2749 1993 2814 vidit
2038 2751 2459 2819 candidorum

151 2837 378 2902 choros
431 2838 502 2900 in
555 2835 886 2921 superiore
933 2850 1114 2921 parte
1163 2835 1390 2900 domus
1439 2836 1865 2914 ambulantes„
1893 2853 2223 2921 portantes
2276 2845 2457 2927 qnasi

151 2925 406 2990 libellos
442 2924 510 2988 in
561 2924 878 3000 manibus,
922 2924 1004 2988 ad
1036 2922 1509 3008 suscipiendum
1542 2945 1687 2987 eum
1730 2945 1876 2987 cum
1898 2924 2107 3008 jubilo
2136 2949 2459 3012 praepara-

153 3029 246 3076 tos
271 3037 292 3088 ;
361 3010 638 3098 mirique
663 3011 876 3075 odoris
908 3010 1318 3095 fragrantiam
1349 3033 1420 3074 se
1452 3011 1717 3076 traxisse
1748 3012 2003 3074 naribus
2036 3025 2307 3077 testatus
2338 3029 2457 3084 est.

153 3101 455 3185 Cumque
501 3120 735 3184 corpus
787 3098 1096 3174 defuncti,
1148 3097 1540 3164 Dunelmum
1573 3097 2023 3174 differendum,
2068 3097 2129 3160 in
2162 3101 2459 3168 vehiculo

149 3199 522 3270 poneretur,
557 3209 783 3273 equuS,
813 3186 1096 3272 quiante
1127 3186 1549 3265 claudicabat,
1584 3186 1894 3274 obsequio
1923 3188 2059 3269 ejus
2090 3187 2461 3268 submissus,

151 3297 188 3338 a
213 3274 694 3338 claudicatione
725 3275 1032 3338 cessabat.
1140 3273 1308 3338 Cum
1340 3275 1537 3339 etiam
1568 3274 1631 3336 in
1662 3273 1931 3338 ecclesia
1960 3288 2196 3338 sanctae
2219 3275 2453 3342 Mariae

151 3361 228 3426 de
259 3360 688 3426 Gatesheved
717 3379 948 3448 corpus
977 3362 1114 3446 ejus
1143 3373 1573 3446 pernoctaret,
1602 3383 1821 3426 versus
1872 3360 2285 3440 Dunelmuin,
2318 3365 2459 3452 qui-

153 3451 292 3514 dam
325 3451 530 3514 bonae
561 3448 712 3514 vitae
741 3449 1046 3514 diaconus
1077 3449 1438 3513 columbam
1471 3450 1721 3514 niveam
1756 3461 1894 3515 toto
1924 3451 2129 3513 noctis
2166 3467 2459 3539 tempore

155 3537 318 3602 circa
346 3537 640 3602 loculum
673 3536 938 3602 volitare
969 3537 1152 3613 vidit,
1181 3551 1248 3602 et
1278 3537 1522 3601 alarum
1552 3537 1876 3621 plausibus
1908 3537 2101 3602 sacris
2133 3540 2459 3628 obsequiis

153 3625 418 3690 coeleste
476 3625 858 3711 obsequium
910 3625 1302 3712 praestitisse.
1429 3624 1595 3689 Cum
1649 3626 1845 3690 etiam
1897 3625 2246 3711 sepultura-:-
2290 3646 2458 3696 esset

155 3713 534 3790 tradendus»,
591 3713 868 3777 duorum
908 3711 1378 3798 episcoporum,
1415 3712 1745 3777 Edmundi
1776 3727 1843 3776 et
1878 3713 2277 3792 Etheldredi‚
2313 3739 2460 3782 cor-

153 3821 308 3884 pora
359 3802 430 3865 in
484 3801 634 3865 loco
686 3799 1037 3885 sepulturae
1084 3801 1220 3886 ejus
1267 3813 1565 3885 reperta3
1608 3822 1882 3886 quorum
1937 3802 2267 3886 sepultura
2304 3819 2461 3870 ante

157 3887 308 3952 illud
363 3889 826 3974 ignorabaturt
875 3889 1050 3975 quod
1081 3889 1297 3974 aliqui,
1343 3887 1425 3952 ad
1481 3887 2109 3952 commendationem
2144 3891 2457 3974 interpre-

157 3989 388 4053 tantes,
439 3976 618 4062 quod
671 3976 960 4061 quamvis
1007 3976 1090 4039 ab
1133 3976 1502 4062 episcopatu
1574 3976 1884 4040 malitiose
1943 3976 2232 4059 repulsus
2293 3995 2451 4058 erat,

159 4063 496 4149 episcopali
545 4077 760 4127 tamen
808 4063 1054 4127 honore
1100 4085 1246 4127 eum
1292 4063 1557 4146 dignum
1588 4063 1846 4140 indicat,
1880 4062 2056 4148 quod
2088 4065 2258 4128 inter
2290 4065 2455 4150 epis-

161 4173 348 4235 copos
381 4153 620 4216 meruit
651 4151 962 4234 sepeliri.]
1064 4151 1175 4216 Isti
1223 4151 1286 4215 T
1291 4150 1500 4214 homae
1538 4149 1747 4214 Priori
1778 4163 1843 4213 et
1885 4154 2227 4216 conventui
2272 4153 2454 4220 dedit

163 4237 242 4306 N.
275 4239 633 4325 episcopus,
671 4239 956 4303 secundo
988 4239 1386 4323 episcopatus
1419 4239 1516 4301 sui
1548 4259 1740 4315 ann0‚
1777 4237 2057 4322 placeam
2096 4241 2205 4325 [ab
2240 4242 2387 4306 Ami
2396 4259 2453 4330 2·-

159 4347 364 4390 crosse
395 4325 898 4392 descendentem
935 4348 1048 4412 per
1093 4326 1365 4390 siketum
1399 4349 1597 4410 usque
1633 4326 1941 4388 Imesmos
1972 4340 2038 4389 et
2070 4329 2263 4392 finem
2294 4330 2459 4414 ejuS‚

161 4429 222 4478 et
263 4414 350 4477 sic
379 4413 800 4480 ascendendo
847 4435 960 4496 per
1013 4413 1278 4478 Holden
1313 4435 1510 4500 usque
1536 4427 1797 4476 stratam
1830 4413 2065 4496 regiam
2100 4437 2244 4501 quae
2277 4415 2455 4480 ducit

161 4523 196 4564 a
241 4501 632 4589 Langcestre
684 4523 884 4586 usque
919 4502 1344 4579 Dunelmum]
1369 4524 1385 4578 ς
1437 4518 1502 4568 et
1558 4519 1679 4566 viu
1724 4499 2124 4588 episcopatus
2157 4503 2251 4566 sui
2284 4525 2459 4568 anno
