3000 5117
509 436 786 516 clxxxvi
975 460 1182 523 ms'r,
1213 460 1574 512 DUNELM.
1594 461 2085 513 semmonns
2113 463 2331 515 Taxes,

597 624 848 688 Rector
873 623 956 687 de
989 622 1328 697 Qwicham
1356 642 1502 687 cum
1524 622 1575 707 j.
1618 622 1819 692 Lanc.
1854 636 1921 689 et
1954 624 2019 709 ij.
2058 623 2287 708 δαείη.
2320 624 2495 689 suff'.

603 712 846 775 Rector
868 710 952 775 de
989 708 1406 797 Gatysheved
1439 732 1586 773 cum
1607 710 1659 794 j.
1698 709 1901 775 Lanc.
1934 725 2001 775 et
2036 710 2099 795 ij.
2136 711 2367 795 δαείη.
2404 712 2543 776 suff
2544 720 2586 780 ¹.

600 800 842 863 Rector
871 797 956 861 de
989 796 1247 861 Boldon
1279 818 1424 859 cum
1447 798 1498 882 3.
1540 796 1740 864 Βαῃα.
1776 811 1844 861 et
1874 797 1941 881 ί3.
1978 797 2206 881 δαείη.
2240 797 2423 865 suff‘.

595 886 842 950 Rector
872 883 956 947 de
997 882 1332 947 Whitburn
1367 904 1513 947 cum
1535 882 1589 967 3.
1626 883 1829 948 Βαηα.
1860 898 1929 948 et
1960 883 2027 967 ij.
2062 883 2290 968 δαείη.
2318 885 2496 950 suff‘.

593 972 840 1037 nector
869 970 954 1033 de
993 968 1439 1055 Wessyngton‚
1473 992 1620 1033 cum
1642 973 1694 1055 j.
1732 970 2073 1035 Hobbeler
2102 986 2171 1035 et
2191 971 2245 1055 j.
2283 971 2517 1055 sagitt.
2546 974 2732 1038 sust*-

591 1055 885 1121 Vicarius
910 1056 993 1120 de
1028 1055 1410 1141 Mydelham
1441 1077 1587 1119 cum
1612 1056 1665 1140 j.
1700 1057 1929 1139 δαείη.
1960 1056 2139 1124 suff‘.

589 1143 882 1209 vicarius
907 1142 990 1207 de
1017 1142 1400 1225 Merington
1431 1163 1576 1206 cum
1610 1142 1677 1227 ij.
1712 1142 1944 1225 Sagitt.
1978 1144 2155 1209 suff'.

589 1229 882 1295 vicarius
915 1228 998 1293 de
1031 1228 1278 1293 Dalton
1309 1228 1373 1292 in
1412 1227 1599 1292 Valle
1630 1250 1775 1292 cum
1797 1230 1852 1313 j.
1895 1230 2126 1313 δαείη.
2158 1230 2338 1295 suff'.

591 1318 838 1382 Rector
868 1316 951 1380 de
989 1314 1345 1399 Hertilpull
1933 1322 1949 1336 ⁸

594 1406 836 1469 Rector
865 1403 948 1467 de
983 1404 1294 1468 Stranton
1435 1422 1579 1465 cum
1613 1399 1699 1487 iij.
1728 1400 1931 1467 Lanc.
1962 1416 2028 1467 et
2062 1406 2145 1490 vj.
2180 1402 2414 1488 δαείη.
2440 1404 2579 1469 suff
2592 1412 2641 1471 ².

592 1490 839 1555 Rector
869 1490 952 1553 de
987 1487 1307 1552 Trimdon

592 1578 896 1642 Decanus
931 1574 1343 1659 Derlington.

591 1662 842 1727 Officia}
879 1662 1190 1729 Dunelm.
1217 1660 1369 1748 quia
1391 1660 1788 1726 Prebendar.
1808 1662 1891 1726 de
1928 1660 2317 1748 Derlington
2350 1686 2495 1728 cum
2519 1666 2574 1750 3.
2616 1664 2815 1729 Lane.

505 1766 566 1816 et
590 1751 642 1835 3.
681 1748 913 1833 δαείη.
947 1748 1122 1812 suff‘.

591 1836 885 1901 Vicat-ius
915 1836 998 1901 de
1051 1833 1306 1899 Norton
1339 1856 1484 1900 cum
1524 1836 1575 1919 3.
1612 1834 1768 1900 Βαα.
1799 1847 1868 1899 et
1888 1837 1941 1923 3.
1980 1834 2315 1900 Hobbeler
2344 1849 2412 1902 et
2441 1836 2531 1921 iij.
2568 1837 2812 1922 δαείη.

504 1924 688 1989 suff'.

601 2008 890 2074 vicarius
921 2009 1002 2073 de
1037 2007 1465 2097 ByHJ·ngham
1497 2029 1643 2072 cum
1666 2008 1729 2092 3.
1756 2007 1957 2073 Βαηα.
1990 2022 2057 2072 et
2080 2008 2143 2094 ij.
2181 2010 2411 2094 δαείη.

597 2097 840 2161 Rector
868 2095 952 2160 de
989 2096 1348 2183 Eggesclyf
1366 2116 1509 2158 cum
1532 2096 1582 2179 j.
1622 2095 1823 2159 Lanc.
1853 2110 1917 2159 et
1950 2095 2015 2179 ij.
2050 2096 2282 2177 δαείη.
2315 2096 2492 2161 suffr.

595 2184 842 2248 Rector
869 2182 952 2245 de
991 2182 1432 2265 Langnewton
1465 2202 1609 2243 cum
1633 2182 1685 2266 j.
1724 2181 2085 2245 Hobbleler
2114 2198 2181 2247 et
2198 2184 2254 2268 3.
2291 2182 2522 2267 δαείη.
2556 2183 2745 2246 suff'.

598 2268 843 2333 Rector
873 2268 956 2333 de
995 2268 1190 2332 Elton
1221 2290 1366 2331 cum
1390 2268 1442 2351 j.
1483 2268 1710 2353 δαείη.
1743 2268 1969 2336 suffic'.

593 2355 884 2421 Vicarius
914 2355 997 2420 de
1031 2355 1346 2419 Grendon
1380 2375 1524 2418 curn
1546 2354 1599 2437 j.
1635 2354 1907 2438 δαείηα.
1938 2354 2119 2419 suff‘.

577 2441 884 2507 -Vicarius
917 2442 997 2505 de
1035 2440 1450 2527 Byschopton
1483 2462 1630 2503 eum
1652 2441 1707 2525 3.
1744 2440 1997 2524 Sagitta
2024 2442 2203 2505 suff'.

596 2528 838 2593 Rector
866 2529 950 2592 de
993 2526 1440 2611 Redmershyll
1472 2548 1619 2590 cum
1638 2526 1693 2610 j.
1733 2526 1931 2591 Lanc.
1964 2544 2028 2591 et
2046 2529 2100 2611 j.
2144 2526 2374 2613 δαείη.
2410 2527 2591 2592 suff‘.

593 2614 842 2679 Rector
873 2615 956 2679 de
990 2615 1310 2679 Stavnton
1343 2613 1561 2697 cumj.
1591 2615 1845 2697 Sagitta
1868 2613 2051 2681 suff‘.

600 2700 844 2765 Rector
873 2700 956 2765 de
993 2698 1098 2762 Ha
1171 2699 1328 2763 hton
1362 2721 1505 2763 cum
1538 2699 1603 2784 ij.
1639 2699 1840 2764 Βατία.
1872 2714 1941 2764 et
1970 2700 2079 2783 vij.
2119 2700 2348 2783 sagitt.
2386 2700 2563 2769 suff'.

595 2787 836 2853 Rector
865 2786 948 2850 de
983 2724 1372 2873 Mytfiielton
1409 2786 1675 2870 George
1694 2809 1841 2850 cum
1866 2788 1918 2870 3.
1954 2786 2187 2869 δαείη.
2220 2786 2403 2850 suff'.

593 2871 889 2938 Vicarius
912 2872 994 2937 de
1035 2873 1374 2937 Sokburne
1406 2894 1552 2936 cnm
1573 2875 1624 2958 j.
1666 2872 1897 2956 δαείη.
1947 2874 2123 2943 suff‘.

595 2960 840 3024 Rector
868 2959 952 3024 de
989 2958 1376 3023 Hurrworth
1405 2980 1551 3021 cum
1575 2960 1627 3041 j.
1663 2958 1865 3023 Lanc.
1897 2974 1963 3023 et
1993 2960 2058 3044 ij.
2114 2958 2343 3043 δαείη.
2363 2961 2539 3025 suff‘.

589 3046 880 3111 Vicarius
911 3047 994 3110 de
1031 3046 1414 3129 Derlington
1445 3065 1592 3108 cum
1616 3045 1669 3128 3.
1699 3046 1896 3111 Βαιια.
1932 3062 1997 3111 et
2029 3047 2093 3130 ij.
2137 3045 2364 3131 δαείη.
2388 3047 2573 3111 suff'.
2677 3067 2685 3073 ·

591 3132 882 3198 Vicat-ius
911 3132 995 3198 de
1032 3132 1209 3209 Aelis
1230 3154 1376 3197 cum
1418 3133 1473 3217 3.
1528 3130 1730 3196 Lanc.
1760 3146 1829 3196 et
1871 3136 1924 3219 3.
1962 3134 2191 3217 δαείη.
2223 3132 2335 3220 qui
2367 3149 2655 3225 armatus
2692 3134 2816 3199 fuit

499 3220 679 3288 suff‘.

584 3306 878 3370 Vicat-ius
908 3306 992 3371 de
1029 3306 1474 3393 Heghyngton
1506 3326 1651 3367 cum
1673 3303 1725 3389 j.
1764 3303 1966 3370 Lanc.
1998 3319 2066 3370 et
2098 3305 2161 3390 ί3.
2192 3304 2425 3392 δαείη.
2458 3306 2643 3372 ευὶΡ.

592 3392 887 3457 Vicarius
910 3392 992 3456 de
1031 3390 1382 3474 Conesclyf
1403 3412 1549 3454 cum
1570 3391 1623 3475 3.
1659 3392 1890 3476 δαείη.
1922 3392 2098 3460 suff‘.

589 3478 940 3627 Vicat-in}
935 3477 1019 3542 de
1075 3476 1447 3563 Gaynforth
1493 3499 1642 3541 cum
1680 3478 1733 3562 3.
1785 3478 1987 3547 Lanc.
2038 3491 2107 3543 et
2143 3480 2198 3564 j.
2240 3480 2583 3545 Hobbeler
2612 3494 2689 3545 et
2722 3482 2811 3567 iij.

503 3566 590 3631 δα
639 3564 737 3631 ίη.
783 3588 852 3627 su
943 3611 960 3627 .

592 3588 832 3715 {ector
860 3650 943 3715 de
983 3650 1286 3735 Wynston
1311 3671 1455 3714 cum
1478 3651 1534 3734 j.
1572 3651 1773 3715 Lanc.
1807 3665 1873 3715 et
1891 3654 1944 3737 3.
1981 3652 2213 3739 δαείη.
2247 3654 2425 3721 suff‘.

589 3738 835 3803 Rector
863 3738 947 3802 de
983 3736 1260 3801 Cokfeld
1292 3759 1435 3801 cum
1457 3738 1513 3821 3.
1554 3738 1785 3821 δαείη.
1820 3738 1995 3802 suff'.

589 3824 833 3889 Rector
854 3825 936 3889 de
971 3824 1421 3908 Stayndroppe
1451 3846 1598 3887 cum
1633 3824 1719 3908 iij.
1758 3824 1963 3889 Lanc.
1996 3843 2064 3890 et
2096 3826 2177 3910 vj.
2218 3826 2422 3913 Sagit.
2456 3824 2641 3889 suff‘.

591 3911 834 3976 Rector
879 3910 963 3976 de
1015 3910 1389 3997 Myddilton
1429 3912 1494 3973 in
1545 3910 1823 3977 Tesdale
1854 3934 1999 3977 cum
2036 3912 2090 3997 3.
2128 3914 2330 3982 Lanc.
2368 3926 2437 3976 et
2467 3914 2532 3998 ij.
2570 3911 2809 3997 δαείη.

495 4022 628 4064 non
661 4011 1012 4084 comparet.

590 4084 904 4170 Magister
945 4084 1263 4150 Robertus
1292 4083 1375 4148 de
1412 4083 1655 4149 Dalton
1710 4084 2099 4151 prehendat.
2132 4087 2197 4150 in
2232 4086 2628 4171 Derlington
2658 4106 2808 4149 cum

488 4171 552 4255 j.
581 4172 782 4235 Lanc.
816 4186 884 4236 et
905 4174 960 4257 3.
994 4172 1225 4259 Sagitt.
1259 4192 1386 4234 non
1421 4185 1771 4255 comparet.

588 4257 902 4344 Magister
955 4258 1120 4323 will.
1156 4256 1323 4322 Hull
1377 4257 1769 4323 prehendat.
1816 4257 1969 4324 ibid.
2018 4270 2323 4323 oneratur
2353 4258 2415 4321 in
2446 4257 2573 4321 alia
2604 4274 2805 4343 parte,

498 4344 650 4430 quia
687 4346 926 4410 Rector
957 4345 1039 4409 de
1076 4344 1364 4429 Stanhop
1396 4345 1528 4407 suff
1533 4352 1573 4408 Γ.
