3000 5117
465 390 736 465 cccxxii
950 410 1157 463 fflsr.
1197 411 1556 465 DUNELM.
1594 413 2059 465 semri-onas
2092 414 2312 469 ram.

467 572 880 659 apostolicuS,
936 592 1021 638 ex
1068 573 1468 659 plenitudine
1514 597 1647 639 suae
1688 574 2048 662 potestatis,
2082 574 2325 662 poterit
2354 574 2599 641 dictum
2636 576 2783 642 Ro·-

465 659 723 725 bertum
770 660 851 725 ad
895 661 1168 749 gradum
1209 684 1396 727 suum
1426 660 1764 762 pristinum
1796 660 1861 725 in
1892 661 2117 728 ordine
2148 662 2565 729 monachatus
2592 665 2781 733 resti-

469 761 673 811 tuere.
751 746 903 826 Sed,
937 761 1010 812 ut
1037 748 1231 813 datur
1261 747 1456 813 michi
1484 748 1774 835 intelligi,
1806 770 1937 815 non
1968 762 2181 834 potest
2215 749 2417 835 ipsum
2450 750 2533 815 ad
2558 752 2781 816 locum

466 833 766 934 primum,
821 856 860 899 a
905 856 1036 921 qno
1085 834 1344 900 recessit
1396 857 1515 920 per
1564 835 1915 913 licenciam,
1962 836 2293 921 superiore
2324 836 2612 920 ejusdem
2644 838 2777 903 loci

466 919 692 999 invito,
740 919 1090 986 remittere.
1183 921 1288 986 De
1334 928 1715 1007 recepcione
1762 944 1916 986 vero
1958 922 2402 1011 praesenciam,
2436 938 2501 988 et
2533 938 2777 989 eventu

465 1006 754 1085 aliarum,
855 1030 964 1072 uas
1013 1005 1194 1073 vobis
1238 1008 1577 1087 transmisi,
1611 1009 1693 1073 ad
1726 1008 1926 1074 nostri
1958 1009 2327 1074 monasterii
2358 1011 2777 1079 commodum

436 1030 975 1179 ¹promoventdum
1023 1116 1139 1179 per
1181 1093 1498 1160 literalem
1542 1096 1865 1174 nuncium,
1913 1098 2241 1182 quamcito
2286 1098 2599 1183 poteritis,
2632 1098 2781 1180 dig·

463 1179 706 1244 nemini
759 1203 862 1247 me
913 1181 1186 1246 reddere
1233 1184 1601 1247 certiorem.
1698 1182 1785 1246 Et
1838 1198 2050 1247 vestra
2076 1183 2469 1271 prosperitas
2498 1184 2778 1251 feliciter

461 1266 668 1333 valeat
695 1281 763 1333 et
793 1268 1110 1355 longaeve.
1203 1270 1472 1356 Scripta,
1501 1280 1609 1335 etc.
1642 1270 1903 1355 [145o‚]

905 1562 1185 1607 cummi
1218 1564 1305 1609 ΒΕ
1339 1562 1477 1617 Qua
1511 1564 1847 1609 SUPERIUS
1880 1564 1991 1609 1211*
2024 1564 2319 1615 MENCIO.

1258 1679 1418 1749 [neg.
1443 1680 1556 1732 111.
1580 1680 1734 1731 rm.
1756 1679 1843 1732 ful.
1868 1680 1981 1745 aa]

547 1794 754 1858 Casus
783 1807 880 1858 est
911 1795 1050 1862 iste.
1152 1795 1431 1869 Quidam
1471 1795 1797 1861 Robertus
1831 1796 2115 1881 Erghow
2142 1796 2493 1862 monachus
2524 1812 2591 1862 et
2618 1820 2775 1883 pro-

461 1880 662 1944 fessus
701 1882 1064 1946 monasterii
1100 1882 1576 1960 Dunelmensis,
1610 1882 1851 1947 ordinis
1884 1884 2106 1948 Sancti
2146 1884 2504 1961 Benedicti,
2539 1886 2773 1969 petivit

461 1969 770 2031 instanter
799 1984 866 2031 et
895 1968 1342 2033 instantissime
1363 1969 1693 2034 licenciam
1716 1970 2120 2054 ingrediendi
2148 1970 2437 2035 ordinem
2470 1970 2772 2035 Fratrum

461 2054 967 2119 Praedicatorum
1003 2056 1061 2118 in
1087 2056 1238 2121 villa
1255 2056 1339 2121 de
1369 2056 1761 2141 Bamburgh,
1788 2070 1857 2120 et
1876 2056 2157 2135 tandem,
2183 2058 2449 2122 obtenta
2471 2057 2771 2136 licencia,

461 2140 649 2204 Prior
700 2142 784 2206 de
844 2142 1212 2227 Bamburgh
1265 2142 1629 2228 praedi-ctuS,
1679 2144 1831 2229 quia
1874 2144 1959 2208 ad
2006 2152 2196 2223 tunc,
2232 2160 2305 2209 ut
2350 2144 2640 2221 asseruit,
2702 2148 2771 2209 in

456 2226 692 2291 dictam
723 2227 1094 2316 religionem
1125 2252 1511 2317 quemquam
1544 2230 1921 2295 admittendi
1952 2244 2337 2315 potestatem
2354 2254 2485 2295 non
2509 2231 2771 2310 habuit,

457 2315 852 2399 presentavit
887 2331 954 2380 et
983 2315 1255 2380 adduxit
1285 2317 1563 2381 eundem
1599 2316 1958 2381 Robertum
1994 2317 2315 2405 Erghowe
2346 2318 2427 2382 ad
2467 2316 2773 2383 Priorem

457 2401 686 2465 domus
715 2402 1008 2467 Fratrum
1043 2402 1541 2468 Proedicatorum
1574 2404 1658 2468 de
1692 2404 2024 2479 Berwic03
2058 2426 2247 2491 quem
2278 2405 2539 2491 quidem
2579 2404 2774 2469 Prio-

458 2510 594 2552 rem
641 2490 725 2555 ‹le
777 2490 1064 2554 Berwico
1113 2504 1181 2553 et
1213 2490 1380 2555 idem
1431 2491 1761 2556 Robertus
1800 2490 2138 2575 Ergbowe,
2172 2513 2246 2556 ac
2274 2492 2359 2555 ad
2390 2490 2773 2557 instanciam

459 2578 595 2660 ejus
653 2573 838 2640 Prior
885 2578 970 2641 de
1021 2577 1393 2661 Bamburgh
1445 2577 1811 2662 praedictus,
1866 2593 2257 2659 rogaverunt
2310 2592 2377 2642 et
2432 2578 2774 2644 humiliter

451 2662 887 2747 supplicarunt
921 2677 992 2727 ut
1015 2664 1096 2727 a‘d
1125 2664 1408 2728 habitum
1437 2680 1502 2729 et
1525 2664 1898 2749 religionem
1930 2665 2225 2732 Fratrum
2252 2664 2773 2729 Proedicatorum

454 2748 694 2813 ibidem
749 2772 860 2835 per
906 2772 1053 2815 eum
1099 2750 1512 2836 reciperetur.
1612 2751 1808 2817 Unde
1858 2751 2044 2815 Prior
2088 2752 2171 2815 de
2205 2752 2492 2816 Berwico
2522 2752 2774 2816 exhor-

452 2836 654 2901 tando
682 2851 748 2901 et
773 2837 1171 2902 consulendo
1189 2839 1422 2917 eidem,
1453 2838 1610 2903 utin
1637 2837 1999 2923 hujusmodi
2025 2852 2171 2902 actu
2195 2839 2445 2923 plenius
2471 2841 2771 2904 avisetur

451 2938 519 2988 et
570 2924 881 2989 maturius
926 2926 1328 3003 deliberaret,
1379 2924 1713 3011 pensando
1744 2925 1919 3011 quod
1952 2925 2299 2989 monachus
2330 2926 2772 3010 possessionu-

451 3010 602 3089 rius,
651 3026 944 3097 respectu
978 3014 1414 3077 mendicorum
1447 3027 1516 3077 et
1545 3034 1902 3099 pauperum
1934 3011 2201 3077 fratrum
2234 3012 2768 3097 praedicatorum,

449 3114 544 3161 est
605 3102 785 3185 quasi
845 3099 1164 3176 dominuS,
1219 3100 1640 3165 considerans
1692 3112 1761 3163 et
1810 3098 2173 3176 attendens,
2215 3114 2361 3183 post
2394 3098 2771 3184 hujusmodi

447 3185 937 3252 exhortaciones
984 3203 1052 3251 et
1096 3186 1525 3252 allocuciones
1573 3186 1899 3273 plurimas,
1944 3186 2082 3270 ejus
2110 3199 2511 3250 constantem
2542 3208 2773 3271 perse-

445 3273 803 3337 veranciam
827 3288 893 3338 et
925 3273 1320 3337 immutabile
1351 3274 1773 3359 propositum,
1798 3271 2108 3358 factisque
2130 3272 2423 3357 primitus
2454 3294 2537 3337 ex
2568 3289 2769 3358 parte

445 3382 561 3424 sua
611 3361 800 3426 variis
846 3358 1418 3445 supplicacionibus
1459 3376 1525 3425 et
1578 3359 2103 3448 requisicionibus
2136 3358 2619 3446 multiplicibuS,
2656 3359 2769 3425 in-

441 3448 612 3509 tuitu
659 3446 942 3510 caritatis
994 3447 1203 3532 ipsum
1251 3446 1334 3511 ad
1381 3447 1667 3511 habitum
1700 3465 1767 3512 et
1796 3446 2175 3530 religionem
2204 3446 2556 3511 eorundem
2598 3446 2769 3511 Fra-

445 3548 616 3595 trum
668 3532 1169 3597 praedicatorum
1195 3532 1428 3599 ibidem
1453 3534 1748 3610 admisit3
1780 3547 1845 3599 et
1872 3532 2235 3611 confestim,
2270 3532 2491 3599 habitu
2524 3555 2763 3599 mona·-

438 3617 607 3683 ehali
660 3621 922 3684 dimisso
971 3634 1036 3684 et
1077 3620 1344 3703 rejecto,
1399 3620 1462 3685 in
1517 3624 1867 3707 praesencia
1906 3621 2263 3685 eorundem
2316 3621 2613 3685 Priorum
2662 3622 2763 3687 de

445 3707 820 3792 Bamburgh
869 3721 936 3773 et
988 3707 1073 3771 de
1133 3706 1424 3772 Berwico
1475 3722 1544 3773 et
1596 3708 1937 3773 multorum
1987 3708 2268 3773 virorum
2320 3708 2633 3773 nobilium
2680 3724 2765 3775 et

439 3794 842 3881 popularium
875 3794 1084 3860 induit
1115 3795 1404 3859 habitum
1441 3796 1737 3861 Fratrum
1775 3797 2303 3872 Praedicatorum,
2336 3810 2402 3859 et
2428 3796 2603 3859 sicin
2630 3796 2759 3863 illo

435 3884 687 3963 habitu,
745 3898 817 3947 ut
863 3884 1064 3947 frater
1115 3883 1408 3968 ejusdem
1452 3884 1691 3949 ordinis
1724 3896 1958 3962 tentus,
1993 3894 2257 3947 vocatus
2289 3894 2353 3947 et
2384 3896 2757 3966 reputatus,

437 3972 659 4035 missas
703 3984 772 4035 et
815 3969 940 4035 alia
973 3970 1189 4035 divina
1222 3969 1432 4035 officia
1461 3970 1697 4035 ibidem
1730 3970 2076 4034 celebravit
2106 3982 2173 4033 et
2203 3970 2475 4053 peregit,
2510 3968 2575 4030 in
2605 3985 2763 4033 tan-

434 4075 592 4137 tum,
645 4075 717 4122 ut
765 4057 1032 4143 ipsemet
1085 4079 1299 4122 coram
1331 4057 1868 4122 reverendissimo
1898 4058 2159 4121 domino
2190 4056 2455 4121 domino
2489 4054 2763 4130 Dunel-

429 4148 634 4225 mensi
699 4143 1020 4229 Episcopo
1073 4166 1263 4230 super
1314 4144 1547 4208 librum
1586 4144 1842 4229 juratus
1890 4159 1958 4209 et
2007 4143 2431 4223 examinatuS,
2484 4142 2761 4229 publice

432 4232 699 4299 asseruit
753 4232 924 4318 quod
979 4233 1098 4297 sub
1144 4232 1523 4297 obediencia
1577 4231 1817 4297 Prioris
1869 4231 1953 4295 de
1992 4230 2286 4295 Berwico
2316 4251 2478 4295 xnn
2510 4231 2760 4297 diebus

429 4320 610 4385 stetit
657 4334 724 4383 et
757 4319 1142 4403 permansit3
1175 4319 1390 4396 mode,
1427 4334 1664 4398 tamen,
1700 4318 1940 4403 rejecto
1974 4318 2339 4403 hujusmodi
2376 4320 2596 4382 habitu
2622 4340 2759 4383 suo

434 4410 732 4474 Fratrum
783 4405 1309 4486 Praedicatorum,
1347 4407 1577 4475 iterum
1608 4430 1675 4474 se
1708 4406 1913 4472 induit
1944 4406 2234 4473 habitum
2267 4404 2753 4485 monachalem,
