3000 5117
469 374 606 426 cxx
865 359 870 364 “
951 369 1156 424 ms‘r.
1197 365 1550 421 nonam.
1592 367 2051 423 scmr‘roass
2084 371 2303 424 rans.

485 555 612 599 nus
661 532 886 600 Abbas
929 531 1452 599 certificatorium
1495 530 1710 620 sigillo
1739 545 1952 598 vestro
1981 556 2129 598 cum
2158 554 2307 600 cera
2337 531 2528 597 viridi
2556 529 2837 633 sigilla-

488 637 650 698 tum,
699 643 956 686 necnon
1001 636 1070 686 et
1108 634 1354 706 septem
1384 617 1623 684 solidos
1652 618 2104 703 sterlingorum
2134 620 2253 686 sibi
2282 642 2401 706 per
2430 642 2543 684 vos
2575 641 2839 683 mlssoe

494 705 579 773 d‘e
630 707 814 774 dicta
858 702 1104 773 nefaria
1149 705 1621 792 depredacione
1672 720 1967 790 receptos
2012 707 2213 772 michi
2258 705 2631 783 restituerit,
2688 727 2837 770 vos

496 797 889 860 anctoritate·
911 793 1069 858 mihi
1097 793 1432 859 commissa
1458 789 1718 879 requiro
1749 805 1814 856 et
1842 815 2100 872 moneo,
2128 808 2192 860 et
2211 793 2276 858 in
2300 794 2539 858 virtute
2560 811 2831 856 sanctae

497 881 907 959 obedientiae,
929 904 1059 968 qua
1078 880 1216 946 sedi
1244 877 1637 965 Apostolicoe
1656 877 1989 959 tenemini,
2006 903 2125 966 per
2141 893 2492 966 praesentes
2510 879 2841 964 injungo,

499 969 799 1068 qpatinus
829 991 1082 1055 eaquae
1112 981 1259 1054 post
1286 965 1755 1031 confectionem
1787 965 1945 1031 dicti
1972 965 2407 1032 certificatorii
2437 987 2834 1050 recuperas-

503 1070 585 1120 tis
637 1071 750 1121 aut
797 1050 1260 1140 recuperabitis
1311 1053 1378 1118 in
1433 1053 1720 1118 futurum
1764 1052 1942 1119 dicto
1986 1054 2252 1121 domino
2304 1053 2545 1118 Abbati
2598 1053 2835 1117 beatae

505 1141 744 1208 Mariae
799 1141 1244 1219 Eboracensis,
1299 1155 1410 1205 aut
1454 1139 1633 1204 dicto
1676 1139 1943 1205 domino
1994 1140 2318 1226 Rigaudo,
2352 1163 2466 1205 seu
2492 1137 2716 1215 michi,
2750 1137 2831 1200 in

505 1229 732 1295 Domo
773 1229 1217 1314 religiosorum
1263 1227 1545 1292 virorum
1590 1227 2049 1311 praedictorum
2082 1226 2506 1293 Eboracensis
2534 1223 2835 1291 civitatis

503 1316 834 1394 residenti,
886 1313 1325 1403 quantocicius
1380 1313 1721 1379 commode
1768 1315 2082 1399 poteritiS,
2134 1337 2263 1379 una
2311 1336 2461 1379 cum
2504 1327 2837 1398 quatuor-

505 1403 721 1468 decim
763 1403 940 1468 libris
970 1403 1054 1468 de
1083 1400 1640 1487 procurationibus
1669 1401 2024 1466 eorundem
2056 1401 2466 1466 dominorum
2498 1397 2843 1465 cardina-

505 1486 685 1568 llum,
740 1512 888 1577 quse
935 1490 1010 1552 ia
1047 1487 1273 1552 vestris
1322 1487 1607 1552 resident
1656 1487 1987 1566 manibus,
2028 1503 2222 1572 prout
2268 1510 2388 1573 per
2425 1501 2716 1552 vestrum
2758 1499 2841 1550 et

512 1578 890 1644 Conventus
939 1577 1134 1640 vestri
1179 1575 1705 1639 certificatorium
1758 1573 1879 1661 ipsi
1932 1575 2197 1640 domino
2246 1575 2488 1640 Abbati
2532 1573 2839 1652 missum,

507 1663 758 1750 plenius
809 1661 966 1727 mihi
1017 1675 1296 1739 constat,
1341 1682 1597 1726 necnon
1640 1674 1711 1726 et
1761 1683 1957 1725 unum
2006 1661 2379 1728 mantellum
2424 1661 2509 1726 de
2541 1661 2845 1726 scarleto

510 1750 718 1816 rubeo
760 1749 1143 1835 preciosum,
1191 1770 1339 1814 cum
1384 1747 1697 1813 folratura
1724 1747 1874 1812 alba
1901 1746 1984 1812 de
2016 1747 2316 1813 herminis
2348 1771 2503 1813 curn
2544 1746 2837 1832 capucio

513 1837 600 1903 de
647 1837 874 1902 eadem
929 1833 1092 1902 scita
1145 1833 1308 1924 [ita]
1348 1833 1691 1913 folratura,
1730 1857 1805 1899 ac
1857 1857 2055 1899 unum
2100 1835 2373 1900 cervical
2419 1835 2505 1899 de
2546 1834 2841 1898 sindone

519 1925 748 2001 rubeo,
803 1946 950 2011 quae
999 1919 1382 1987 venerabilis
1429 1935 1499 1986 et
1527 1920 1861 2006 religiosus
1894 1921 1990 1986 vir
2019 1923 2315 1989 dominus
2346 1922 2549 1987 frater
2585 1920 2851 1984 Willel-

514 2031 660 2076 mus
705 2010 791 2075 de
842 2011 1194 2076 Lancastre
1250 2007 1438 2074 Prior
1480 2007 1741 2088 ordinis·
1775 2007 2076 2074 Fratrum
2126 2010 2616 2076 Predicatorum
2651 2007 2851 2072 Novi

522 2097 737 2164 Castri
789 2096 978 2162 vobis
1023 2095 1306 2162 breviter
1354 2095 1636 2161 debebat
1683 2095 2044 2174 restituere,
2099 2113 2293 2182 prout
2344 2097 2599 2184 scripsit
2647 2095 2847 2182 apud

518 2181 761 2250 dietam
807 2183 1135 2249 civitatem
1181 2183 1681 2261 Eboraeensem,
1723 2183 1843 2248 sub
1873 2183 2006 2248 fida
2033 2184 2327 2248 custodia
2357 2181 2855 2248 transmittatis,

521 2271 728 2338 Alias·
763 2292 916 2335 vero
944 2293 1048 2334 ses
1078 2269 1356 2334 minutas
1385 2291 1533 2356 quoe
1561 2268 1833 2347 habetis,
1865 2270 1949 2334 de
1979 2269 2211 2356 quibus
2241 2269 2596 2355 scripsistis,
2628 2282 2749 2332 aut
2782 2269 2849 2331 si

523 2355 882 2424 consimiles
933 2355 1420 2443 recuperaretis,
1477 2355 1671 2420 vendi
1724 2355 2003 2420 fideliter
2050 2355 2323 2434 faciatis,
2371 2369 2437 2419 et
2482 2355 2845 2440 pecuniam

523 2464 674 2510 cum
715 2443 908 2509 rebus
951 2443 1091 2508 aliis
1133 2440 1490 2510 destinetis.
1586 2440 1723 2506 Vos
1752 2441 1939 2519 enIm,
1972 2443 2027 2505 si
2055 2465 2216 2529 quos
2244 2440 2581 2519 noveritis,
2604 2441 2720 2527 qui
2751 2441 2849 2505 de

525 2531 702 2596 dicta
727 2529 1202 2616 depredacione
1231 2528 1341 2615 qui
1426 2551 1573 2594 uam
1603 2527 1969 2605 habuerint,
2002 2549 2121 2614 per
2150 2552 2262 2594 vos
2284 2528 2600 2594 inducatis
2623 2541 2693 2592 et
2718 2549 2851 2612 per

525 2617 725 2683 alium
771 2639 886 2681 seu
931 2616 1100 2681 alios·
1133 2615 1366 2680 induci·
1425 2613 1643 2682 aciatis
1673 2615 1849 2703 quod
1878 2637 1984 2682 res
2012 2638 2123 2681 seu
2155 2617 2351 2695 bona,
2384 2638 2533 2703 quae
2562 2613 2630 2678 in
2660 2614 2856 2679 dicta
2969 2669 2970 2674 ,

527 2702 998 2789 depredacione
1042 2715 1416 2786 rapuerunt,
1463 2701 1807 2768 restituant
1854 2716 1929 2769 ut
1974 2715 2309 2782 tenentur,
2358 2725 2505 2768 cum
2550 2701 2661 2766 illa
2696 2702 2849 2766 sine

523 2791 751 2856 salutis
779 2807 1022 2856 eterna:
1053 2787 1396 2874 dispendio
1472 2789 1763 2886 uisqpam
1792 2805 2069 2941 neggeat
2096 2791 2395 2858 retinete.
2483 2789 2613 2854 Vos
2636 2788 2855 2868 enim,

524 2891 722 2964 prout
751 2875 840 2942 ad
865 2896 1050 2942 aures
1079 2875 1397 2940 dictorum
1467 2896 1834 2940 ominorum
1958 2877 2297 2944 rdinalium
2322 2898 2407 2944 ex
2427 2875 2853 2965 quorundam

525 2964 852 3031 relacione
899 2963 1210 3048 pervenit,
1259 2963 1328 3026 in
1379 2961 1597 3026 multis
1643 2961 1828 3025 bonis
1880 2965 2339 3050 recuperandis
2392 2963 2675 3050 gessistis
2722 2962 2850 3028 ali-

527 3051 912 3140 quantulum
956 3049 1382 3138 negligenter,
1429 3069 1624 3134 super
1652 3049 1995 3134 praemissis
2025 3069 2095 3114 et
2123 3051 2415 3116 omnibus
2446 3050 2691 3116 eisdem
2722 3074 2853 3136 ap-

527 3137 838 3226 pendiciis
867 3137 954 3202 ob
988 3137 1176 3203 Sedis
1208 3134 1605 3220 Apostolieae
1634 3147 1703 3200 et
1734 3135 2053 3202 dictorum
2082 3137 2495 3202 dominorum
2524 3137 2851 3203 Cal-dina-

531 3225 688 3291 li‘um
741 3222 1177 3290 reverenciam
1230 3223 1446 3287 taliter
1495 3243 1611 3286 vos
1662 3237 1984 3307 gerentes,
2038 3224 2215 3312 quod
2263 3245 2397 3288 non
2440 3221 2703 3309 possitis
2759 3223 2851 3288 de

530 3310 931 3400 negligentia
968 3333 1080 3375 seu
1127 3308 1565 3374 inobedientia
1604 3309 2011 3394 reprehendi.
2104 3311 2245 3376 Nec
2274 3333 2399 3395 ego
2428 3332 2507 3374 co
2654 3309 2852 3376 aliter

533 3399 888 3484 procedere
923 3395 1276 3461 secundum
1314 3395 1765 3460 auctoritatem
1796 3395 1952 3461 mihi
1982 3397 2404 3466 commissam.
2532 3412 2851 3462 roesentes

535 3486 708 3550 enim
755 3484 971 3548 literas
1015 3505 1148 3547 una
1175 3502 1322 3546 cum
1352 3480 1815 3548 certificatoriis
1844 3506 1963 3570 per.
1990 3507 2110 3549 vos
2130 3481 2333 3550 missis
2362 3483 2485 3550 feci
2514 3482 2851 3568 registrari

533 3570 623 3636 ad
669 3569 1007 3646 cautelam,
1059 3568 1143 3634 de
1195 3590 1464 3655 quarum
1522 3570 2025 3655 praesentacione
2084 3571 2276 3638 latori
2327 3593 2548 3636 earum
2597 3571 2849 3635 nuncio

533 3657 620 3724 ad
671 3655 796 3721 hoc
844 3655 1064 3740 jurato
1114 3655 1315 3719 fldem
1364 3655 1715 3741 plenariam
1766 3657 2110 3727 adhibebo.
2206 3659 2453 3724 Datum
2508 3670 2579 3722 et
2630 3657 2852 3742 sigillo

536 3767 686 3810 meo
733 3743 1075 3828 sigillatum
1129 3741 1428 3824 Eboraci,
1476 3743 1585 3811 die
1628 3759 1817 3813 sexta
1858 3746 2091 3814 mensis
2128 3746 2169 3814 J
2176 3745 2329 3827 unii,
2360 3767 2535 3812 anno
2564 3742 2851 3814 Domini

538 3839 789 3900 n⁰ccc⁰
819 3831 1074 3898 decimo
1102 3851 1304 3899 nono.
