3000 5117
680 487 1097 545 Arrsnmx.
1157 486 1338 540 ARN.
1381 483 1819 538 mccxxvm.
2265 452 2405 526 lxix

107 660 244 724 toris
287 655 535 722 solacio
581 655 912 721 destituta.
1012 651 1178 716 Cum
1226 663 1442 715 autem
1482 667 1665 712 mora
1694 649 1757 710 in
1792 643 2023 709 talibus
2055 639 2401 737 plurimum

105 745 362 812 ecclesiis
417 744 503 808 sit
556 744 933 829 dampnosa,
979 737 1364 804 fraternitati
1413 750 1543 802 tuae
1594 757 1705 820 per
1757 731 2109 817 apostolica
2160 742 2401 810 scripta

109 834 487 909 mandamus,
521 829 824 918 quatinus
855 821 1020 890 infra
1049 827 1320 890 duarum
1354 822 1669 888 meusium
1696 821 1983 906 spacium
2006 829 2151 901 post
2174 836 2397 914 refepss

107 921 328 984 cionem
362 919 816 1005 praefiencium,
851 915 918 978 in
949 912 1142 998 ipsius
1173 911 1511 977 eleccionis
1542 907 1834 994 negoci0,
1856 906 2055 990 juxta
2082 902 2268 968 officu
2302 914 2397 965 tui

109 1009 398 1084 debitum,
447 1006 678 1093 previa
707 1003 962 1068 racione
994 999 1325 1085 procedaS.
1424 997 1623 1072 Quod
1653 995 1706 1060 si
1735 992 1903 1059 forte
1934 991 2097 1055 infra
2126 989 2398 1075 praedic-

111 1111 228 1158 tum
279 1109 534 1179 ternpus
587 1115 720 1158 non
773 1088 1036 1156 duxeris
1091 1086 1599 1173 procedendum,
1632 1079 1971 1149 eleccionis
2024 1079 2289 1142 formam
2332 1090 2400 1140 et

115 1204 452 1266 processum
481 1181 682 1266 ipsius
714 1179 796 1242 ad
827 1199 952 1242 nos
981 1175 1118 1240 sine
1152 1172 1488 1258 dispendio
1511 1193 1711 1236 morae
1735 1168 2023 1232 remittas
2050 1189 2067 1241 ;
2114 1179 2187 1229 ut
2208 1186 2400 1249 super

115 1271 216 1331 hoc
262 1270 436 1356 quod
489 1267 850 1333 secundum
905 1263 1124 1328 Deum
1174 1259 1590 1324 statuendum
1637 1256 1976 1320 viderimus
2022 1266 2393 1318 statuamus,

119 1357 270 1420 Data
321 1355 657 1433 Laterani,
693 1375 760 1417 v1
817 1351 1124 1416 kalendas
1163 1349 1475 1426 Januarii,
1529 1345 1936 1430 pontificatus
1990 1341 2190 1406 nostri
2230 1362 2400 1402 anno

120 1443 448 1508 undecimo.
831 1433 846 1444 ⁴

269 1807 384 1850 Ln-
465 1806 704 1849 BULLA
765 1801 1109 1849 cuneum!
1175 1802 1249 1846 lx
1309 1802 1508 1846 »ussa
1572 1798 1639 1848 lt.
1703 1797 2223 1845 SAmSBRRmNSI

269 1892 604 1936 m’tscoPo
686 1892 774 1935 UT
851 1891 940 1934 AD
1010 1889 1494 1935 BPtscoPA'rUM
1560 1887 2085 1931 DUNELMENSEM
2147 1891 2223 1931 SE.

265 1978 771 2022 TRANSFERRET
802 1978 888 2020 ΒΤ
922 1977 1306 2022 ΕΟΟΒΕΒΙΔΜ
1341 1977 1561 2020 ILLAM
1592 1974 1929 2025 TANQUAM
1964 1975 2225 2021 PASTOR

263 2065 491 2110 Bonus
541 2066 688 2109 TAM
741 2065 816 2108 m
861 2064 1396 2109 SPIRITUALmUs
1426 2060 1627 2114 QUAM
1674 2063 2221 2109 TEMPORALIBUS

269 2153 680 2199 cOLLAPSUM
713 2153 800 2195 AD
837 2152 1226 2197 Pntsrmum
1259 2151 1533 2196 STATUM
1570 2150 1997 2195 REVOCARET·

933 2269 1110 2334 [cm.
1135 2269 1250 2321 111.
1277 2267 1314 2319 f,
1344 2269 1456 2320 1525.
1486 2271 1563 2333 ιη

199 2387 540 2476 Gregorius
593 2385 972 2472 Episcopus,
1005 2407 1224 2450 servus
1268 2405 1599 2450 servorum
1653 2382 1801 2464 Dei,
1838 2383 2185 2451 venerabili
2220 2387 2401 2452 fratri

139 2473 570 2540 saresberiensi
603 2473 928 2559 Episcopo
955 2472 1372 2557 apostolicam
1404 2471 1953 2538 benediccionem.
2052 2475 2399 2540 Eleccione

136 2581 305 2646 nuper
335 2563 504 2628 facta
531 2565 617 2628 de
647 2561 884 2626 dilecto
914 2562 1052 2626 filio
1094 2560 1184 2623 W.
1225 2560 1701 2624 Archidiacono
1728 2562 2169 2648 wigorniensi
2202 2562 2263 2626 in
2296 2585 2402 2628 ec-

137 2648 294 2714 clesia
342 2648 794 2726 Dunelmensi‚
825 2669 944 2734 pro
997 2671 1076 2714 eo
1123 2649 1298 2734 quod
1348 2660 1735 2733 attemptata
1782 2647 1989 2714 suerat
2019 2664 2241 2714 contra
2272 2650 2402 2713 l'or·

140 2756 275 2800 mam
309 2739 580 2802 Concilii
615 2735 975 2812 GeneraliS,
999 2735 1262 2822 justicia
1289 2735 1622 2819 exigente,
1654 2749 1939 2812 cassata3
1988 2759 2104 2802 nos
2135 2736 2401 2822 provide

138 2825 528 2904 attendentes,
560 2825 738 2912 quod
769 2838 1014 2910 quanto
1044 2823 1266 2889 eadem
1300 2823 1571 2887 ecclesia
1598 2837 1699 2886 est
1730 2821 2039 2910 insignior
2092 2838 2273 2888 tanto
2304 2839 2404 2889 est

139 2912 438 2977 notabilior
483 2914 696 2997 lapsus
741 2911 902 2995 ejus,
932 2910 1016 2974 de
1063 2911 1482 2996 reparacione
1526 2911 1665 2994 ejus
1710 2911 1915 2975 coacti
1948 2933 2163 2976 sumus
2209 2912 2401 2977 anxie
2486 2970 2497 2976 -

137 2999 402 3081 cogitare.
493 2999 665 3064 Cum
715 2999 888 3062 enim
941 2997 1060 3062 sub
1112 2998 1341 3061 umbra
1371 2998 1716 3063 Pastorum
1768 2998 2074 3082 prodigos
2106 2999 2405 3065 habuerit

139 3083 498 3168 dispersores,
532 3086 644 3174 qui
676 3109 804 3150 non
831 3084 1038 3150 solum
1069 3104 1279 3149 errata
1307 3085 1629 3168 corrigere
1669 3085 1770 3147 vel
1794 3085 2079 3170 dispersa
2100 3085 2401 3170 colligere

141 3191 240 3234 non
281 3188 596 3251 curarunt,
627 3173 764 3251 sed,
799 3195 918 3236 nec
967 3173 1116 3238 lana
1165 3195 1286 3236 nec
1339 3172 1507 3236 lacte
1538 3173 1853 3249 contenti,
1888 3172 2091 3257 pelles
2122 3173 2401 3258 desuper

145 3258 344 3324 ossibus
373 3262 818 3346 dissipatarum
851 3257 1068 3324 ovium
1093 3258 1450 3344 rapiebant,
1487 3259 1765 3324 lacerato
1795 3281 1993 3343 grege
2026 3261 2396 3340 DominicO,

147 3347 332 3411 eadem
359 3349 634 3414 ecclesia·
656 3346 940 3432 graviter
970 3365 1068 3410 est
1093 3345 1154 3409 in
1185 3345 1623 3431 spiritualibus
1654 3345 2015 3412 deformata
2043 3363 2113 3412 et
2143 3348 2206 3412 in
2240 3363 2400 3412 tem-

151 3435 426 3514 poralibus
455 3436 792 3502 diminuta.
893 3433 1112 3508 Quare
1141 3432 1472 3518 cupientes
1504 3432 1563 3497 ei
1594 3433 1677 3498 de
1708 3432 1945 3500 idoneo
1967 3435 2399 3524 gubernatore

149 3522 450 3602 consulere,
483 3521 594 3611 qui
625 3523 907 3606 dampna
936 3521 1248 3604 praeteriti
1282 3519 1613 3604 temporis,
1641 3518 1928 3586 Domino
1952 3523 2167 3602 dante,
2192 3548 2397 3589 resar-

151 3606 304 3685 ciens,
330 3611 608 3697 requirat
633 3609 810 3696 quod
841 3607 1141 3692 perierat,
1165 3606 1344 3693 quod
1367 3621 1466 3670 est
1497 3608 1817 3691 abjectum
1841 3609 1957 3674 red
1967 3623 2130 3688 ucat,
2158 3627 2225 3676 et
2246 3635 2398 3676 con-

151 3694 336 3760 solidet
361 3699 530 3797 quod
563 3697 884 3760 infirmum
914 3717 932 3769 ;
964 3710 1030 3757 te
1063 3694 1182 3779 ipsi
1211 3693 1498 3758 ecclesiae
1530 3695 1923 3779 providimus
1953 3696 2019 3761 in
2052 3714 2395 3782 pastorem,

154 3799 236 3875 spe
260 3785 430 3848 nobis
456 3783 786 3870 proposita
814 3781 990 3869 quod
1014 3780 1139 3860 ille,
1173 3780 1284 3868 qui
1313 3781 1472 3846 dans
1506 3781 1773 3846 virtutes
1802 3785 2065 3868 praemia
2094 3785 2403 3869 elargitur

155 3870 355 3963 {mutis
397 3885 526 3936 tuae
571 3872 800 3935 merito
830 3868 1163 3933 ecclesiam
1198 3870 1400 3952 ipsam
1431 3869 1494 3932 in
1529 3882 1763 3934 statum
1794 3883 1863 3934 et
1894 3871 2205 3936 honorem
2238 3876 2402 3956 pris-

157 3965 316 4018 tmum
354 3958 770 4032 restaurabit3
817 3957 1014 4020 immo
1067 3973 1135 4020 et
1176 3973 1361 4040 grata
1385 3955 1837 4040 multiplicabit
1868 3959 1933 4020 in
1964 3957 2401 4040 spiritualibus

158 4052 206 4102 et
229 4047 657 4134 temporalibus
689 4046 1105 4108 incrementa.
1202 4044 1370 4107 Cum
1401 4042 1599 4130 igitur
1627 4043 1804 4129 quod
1834 4066 1875 4108 a
1904 4045 2087 4108 nobis
2117 4061 2217 4110 est
2248 4069 2397 4111 cum

158 4125 566 4198 deliberacione
611 4130 934 4218 provisum
988 4143 1052 4194 te
1097 4129 1325 4195 deceat
1362 4129 1691 4194 humiliter
1720 4143 2071 4215 acceptare,
2106 4133 2402 4200 fraterni-

161 4212 374 4282 nitatem
403 4235 572 4286 tuam
606 4240 925 4308 rogamuS,
959 4239 1310 4294 monemus,
1333 4231 1402 4282 et
1428 4217 1763 4281 hortamur
1784 4233 2033 4283 attente
2055 4244 2169 4306 per
2194 4223 2401 4308 Apos-

164 4301 314 4367 tolica
339 4307 446 4371 tibi
475 4308 728 4394 scripta,
765 4306 832 4369 in
864 4305 1098 4370 virtute
1136 4302 1412 4389 Spiritus
1447 4303 1686 4379 Sancti,
1714 4305 1833 4368 sub
1865 4306 2253 4374 obedientiae
2284 4313 2399 4376 de-

78 4413 80 4424 ·
165 4384 284 4466 bito,
310 4392 578 4461 districte
620 4391 1061 4481 praecipiendo
1107 4391 1488 4456 mandantes
1518 4405 1587 4454 et
1617 4390 2008 4457 obtestantes
2042 4417 2156 4479 per
2186 4422 2400 4484 asper-

165 4473 358 4546 sionem
395 4484 710 4570 sanguinis
759 4481 912 4547 Jesu
949 4477 1211 4556 Christi,
1245 4479 1547 4563 quatinus
1592 4477 1957 4562 hujusmodi
1989 4485 2170 4551 oncri
2202 4485 2317 4552 tibi
2360 4511 2401 4550 a

78 4609 81 4674 j
1197 4585 1236 4626 E
1284 4569 1326 4625 3
