3000 5117
1281 475 1705 536 Arranmx.
2274 475 2598 536 ccccxxv

371 635 596 712 Teuor
629 641 840 710 Bunae
878 642 1078 728 Papae
1117 643 1425 730 Gregorii
1455 649 1521 709 ’7.
1552 694 1558 702 .
1612 645 1751 710 fot.
1784 645 1893 709 50.

367 733 598 798 Tenor
632 733 898 797 Chartae
939 729 1256 796 willielmi
1293 731 1492 820 Regis
1535 751 1729 818 super
1760 727 2199 796 Libertatibus
2228 743 2297 796 et
2336 731 2595 797 Posses-

280 819 568 888 sionibus
619 818 1058 906 spiritualibus
1117 833 1184 885 et
1236 817 1693 904 temporalibus
1756 816 1997 884 Prioris
2056 817 2365 884 Dunelm.
2456 823 2591 886 Fut.

370 995 604 1060 Tertor
633 993 896 1061 Chartoe
927 992 1211 1058 Thomae
1241 991 1723 1078 Arcbiepiscopi
1757 991 2201 1062 Eboraeensis.
2314 994 2453 1062 Foz.
2488 998 2598 1058 58.

369 1083 486 1148 De
518 1079 842 1147 Terminis
870 1093 940 1143 et
971 1078 1238 1145 Finibus
1268 1078 1625 1144 Dioceseos
1667 1078 2141 1144 Dunelmensis.
2228 1079 2369 1147 Fot.
2403 1084 2513 1145 54.

383 1167 584 1244 Quod
622 1167 928 1254 Episcopi
975 1182 1042 1230 et
1099 1163 1414 1232 Monachi
1461 1165 1932 1232 Dunelmenses
1963 1163 2244 1231 habeant
2272 1165 2603 1234 libertates

291 1256 378 1321 ad
419 1255 616 1340 Regis
646 1275 952 1320 coronam
985 1256 1402 1338 pertinentes.

379 1343 620 1408 Multae
649 1341 820 1408 vinae
870 1352 938 1406 et
986 1354 1176 1405 terrae
1221 1340 1394 1405 datae
1427 1339 1734 1406 Walter-o
1779 1341 2106 1426 Episcopo
2150 1338 2218 1404 in
2257 1339 2604 1408 Lincolne-

287 1429 488 1498 s‘hire.
577 1432 720 1496 Fut.
739 1434 848 1496 57.
873 1431 932 1496 b.
966 1441 1035 1492 et
1071 1426 1390 1493 Houeden
1433 1429 1585 1496 ibid.

387 1515 764 1580 willielmus
825 1516 1233 1602 conquestor
1291 1513 1703 1579 concordiam
1754 1514 1909 1580 fecit
1967 1514 2141 1580 inter
2190 1514 2602 1581 willielmum

289 1605 572 1758 primum
609 1603 998 1688 Episcopum
1032 1601 1360 1680 I)unelm.‚
1391 1616 1458 1667 et
1497 1600 1855 1667 Robertum
1890 1603 2213 1672 Comitem
2250 1601 2609 1669 Northum-

339 1691 480 1760 τίω.
573 1693 711 1759 Fal.
747 1695 854 1752 68.

382 1779 494 1843 De
547 1776 698 1842 villa
748 1776 830 1840 de
867 1774 1384 1863 Hemyngburgh
1429 1786 1496 1840 et
1548 1773 2023 1842 Brakenholme
2074 1777 2227 1843 data
2270 1775 2607 1842 monachis

295 1863 869 1931 Dunelmensibus.
958 1866 1102 1928 Foz.
1150 1869 1260 1930 58.
1319 1865 1375 1928 b.
1468 1862 1558 1926 Et
1614 1861 1999 1948 Billingham
2036 1863 2351 1930 restituta.
2443 1863 2605 1930 Pre-

295 1953 530 2018 bendae
575 1951 658 2016 de
719 1948 1083 2026 Auckland,
1127 1949 1543 2034 Darlington,
1576 1963 1642 2014 et
1672 1949 1755 2012 ‹le
1792 1947 2045 2016 Norton
2076 1952 2391 2016 ordinatae
2422 1964 2606 2016 erant

297 2063 417 2192 ριιξ)
447 2038 692 2190 elerii-is
721 2036 1108 2188 seculzgribus
1137 2037 1464 2125 quondam
1493 2035 1561 2100 in
1596 2036 1887 2103 Ecclesia
1905 2039 2328 2104 Dunelmensi
2358 2037 2602 2123 degen-

299 2127 354 2192 ti
404 2149 496 2191 us·
646 2128 726 2192 ol.
762 2129 870 2188 58.
939 2167 956 2185 .

392 2212 765 2298 Descriptio
813 2209 1010 2275 totius
1064 2210 1314 2296 Angliae
1365 2232 1480 2296 per
1535 2210 1963 2276 Willielmum
2008 2211 2283 2298 primum
2333 2211 2605 2298 Regem.

301 2303 440 2366 Fol.
474 2306 583 2364 60.
660 2297 845 2364 Obiit
896 2298 1234 2363 Aldwinus
1292 2299 1535 2383 primus
1588 2297 1776 2363 Prior
1824 2299 2133 2370 Dunelm.
2226 2301 2366 2366 Boe.
2390 2299 2499 2370 60.
2545 2301 2606 2368 b.

303 2388 396 2453 Et
432 2387 762 2472 Turgotus
793 2385 862 2449 in
887 2386 1024 2470 ejus
1055 2385 1200 2450 loco
1229 2387 1469 2450 electus
1504 2383 1711 2450 Prior.

393 2473 580 2541 Obiit
619 2473 766 2537 Rex
796 2472 1154 2556 Anglorum
1196 2471 1613 2540 willielmus,
1704 2475 1845 2540 Fol.
1875 2475 1982 2542 60.
2015 2478 2073 2540 h.

393 2563 504 2628 De
535 2561 816 2625 moribus
853 2557 1172 2623 Willielmi
1205 2559 1689 2646 conquestoris.
1784 2561 1917 2626 Fol.
1944 2562 2049 2625 61.
2079 2584 2143 2626 α.

404 2647 748 2714 Ordinatio
801 2645 935 2710 sive
981 2645 1474 2712 Testamentum
1512 2645 1851 2711 Willielmi
1874 2646 2367 2735 conquestoris,
2414 2643 2609 2730 paulo

309 2747 468 2802 ante
499 2736 754 2800 obitum
782 2754 992 2797 suum.
1080 2735 1217 2801 Fot.
1251 2734 1360 2802 61.
1391 2737 1450 2801 b.
1480 2757 1497 2798 ε
1546 2733 1815 2798 moritur
1852 2735 2039 2802 1087.

401 2821 753 2888 coronatio
789 2819 1107 2884 willielmi
1137 2820 1208 2883 2¹¹
1241 2819 1464 2908 Regis,
1496 2820 1609 2908 qui
1644 2820 1853 2886 Rufus
1892 2821 2245 2886 dicebatur.
2332 2821 2468 2886 Fol.
2500 2825 2611 2885 62.

403 2909 554 2974 Rex
613 2907 985 2972 willielmus
1033 2912 1129 2970 2²¹·
1159 2905 1342 2971 dedit
1376 2906 1699 2992 Episcopo
1730 2907 2152 2973 Duuelmensi
2192 2908 2607 2973 Alvertonam

315 3017 465 3062 cum
511 2995 642 3061 suis
682 2992 1098 3078 appendiciis,
1145 3015 1296 3059 cum
1341 2993 1526 3058 terris
1566 3009 1633 3060 et
1676 2994 1990 3060 carucatis
2040 2993 2105 3058 in
2158 2995 2323 3060 villis
2365 2993 2607 3060 ibidem

313 3082 592 3168 scriptis,
682 3085 819 3146 Fol.
851 3085 958 3148 62.
991 3084 1050 3148 b.

408 3169 750 3235 Discordia
795 3167 964 3232 inter
1019 3167 1446 3232 Willielmum
1504 3167 1753 3252 Regem
1806 3179 1875 3234 et
1931 3167 2292 3233 Robertum
2350 3167 2615 3232 fratrem

289 3279 522 3334 suum,
581 3255 904 3322 Comitem
951 3254 1392 3320 Normanniae.
1502 3256 1639 3322 1⁵21.
1700 3256 1807 3322 63.
1925 3253 2315 3319 Willielmus
2364 3253 2613 3318 Dunel-

314 3346 554 3408 mensis
604 3341 966 3440 Episcopus
984 3346 1052 3439 ‘3
1097 3340 1280 3406 annis
1315 3341 1468 3405 exul
1497 3355 1640 3406 erat
1666 3342 1752 3406 ab
1801 3341 2051 3427 Angiia,
2084 3343 2323 3420 ibidem,
2355 3352 2423 3406 et
2460 3341 2610 3406 Rex

315 3427 2214 3670 {zipggcfflfiizfffivsspssggggidefixugzlxgpsnwffidmo
2240 3513 2412 3581 Rufo
2448 3510 2617 3599 Regi

387 3626 428 3667 n
499 3627 604 3668 we.

411 3626 716 3756 Sgecunda
739 3689 964 3755 Litera
993 3685 1312 3752 Willielmi
1335 3686 1633 3773 Episcopi
1664 3689 2115 3756 Dunelmensis
2144 3688 2321 3754 dicto
2350 3685 2614 3754 domino

325 3775 494 3866 Regi
543 3777 626 3842 de
679 3777 922 3862 injuriis
975 3773 1114 3840 sibi.
1147 3773 1352 3854 illatis,
1407 3799 1553 3841 cum
1607 3776 1871 3864 querela
1897 3791 2125 3843 contra
2160 3775 2618 3842 vicecomitem

324 3864 820 3931 Eboracensem.
913 3865 1050 3930 Fol.
1085 3867 1192 3930 63.
1224 3865 1280 3926 b.
