3000 5117
713 496 1139 550 Arrunmx.
1179 495 1365 571 Arne.
1404 494 1793 547 mccxxxv.
2321 475 2418 552 xli

183 668 261 732 eis
302 664 377 727 sit
432 656 861 746 personaliter.
945 656 1259 723 Similiter
1326 656 1628 723 dominus
1692 656 1879 721 Prior
1935 678 2096 745 quos
2155 659 2288 740 wlt,
2351 672 2419 727 et

191 750 401 839 quando
444 746 563 825 wit,
620 746 862 831 poterit
908 766 1121 809 secum
1174 766 1572 822 convocare3
1646 744 1878 811 ceteris
1936 746 2236 813 omnibus
2293 748 2422 813 hoc

188 849 447 903 statutum
462 832 951 899 observantibus
974 831 1272 901 finniter.

779 1008 886 1072 De
904 1008 1143 1071 tunicis
1168 1006 1400 1071 dandis
1429 1002 1786 1071 conventui.

262 1147 408 1211 Item
446 1153 763 1209 -stawtum
815 1153 913 1207 est
966 1163 1086 1227 per
1134 1141 1425 1221 eosdem,
1478 1154 1573 1220 ut,
1631 1142 1896 1227 singulis
1949 1146 2150 1224 annis,
2200 1146 2436 1211 dentur

202 1232 517 1300 convent-ui
562 1252 607 1295 1.
639 1228 899 1306 tunicae,
930 1228 1013 1293 de
1042 1228 1449 1313 longitudine
1478 1228 1816 1294 sufficienti
1847 1245 1914 1295 et
1941 1230 2317 1309 latitudine3
2350 1233 2443 1299 ita

198 1320 343 1408 quod
366 1319 553 1405 possit
582 1338 819 1403 capere
848 1315 1009 1381 duas
1030 1315 1293 1401 pellicas
1322 1316 1406 1380 ad
1437 1315 1647 1380 minus
1677 1317 1762 1383 de
1783 1338 1941 1402 saga
1967 1318 2071 1383 vel
2099 1318 2182 1384 de
2211 1321 2440 1404 sargia,

202 1428 295 1493 per
326 1428 561 1471 manum
590 1403 951 1469 camerarii.
1040 1403 1215 1480 Quae
1238 1402 1474 1467 tunicae
1502 1403 1770 1503 singulis
1799 1406 1979 1468 annis
2010 1406 2300 1471 innovari
2332 1408 2449 1472 de-

200 1496 345 1561 ·bent.
423 1493 547 1566 Qui
573 1512 776 1555 novas
798 1489 1115 1575 recipiunt
1138 1490 1417 1554 reddant
1444 1488 1654 1553 Priori
1685 1488 1947 1575 singulis
1969 1490 2149 1555 annis
2173 1506 2446 1572 vetera,

200 1579 536 1667 pauperibus
582 1577 839 1642 clericis
876 1576 1216 1641 caritative
1244 1575 1744 1641 distribuendas.
1841 1576 1973 1651 Qui
2003 1592 2286 1644 veterem
2317 1601 2451 1645 non

204 1666 511 1731 reddiderit
537 1676 759 1730 careat
784 1684 977 1740 nova,
1002 1663 1211 1728 donec
1232 1662 1612 1727 satisfecerit
1634 1663 1945 1749 plenarie.
2029 1664 2198 1739 Quae
2220 1666 2458 1732 tunicoe

206 1752 619 1817 distribuendae
650 1763 803 1814 sunt
836 1750 1194 1838 Suppriori,
1228 1762 1295 1813 et
1324 1748 1644 1828 omnibus,
1678 1750 1786 1837 qui
1812 1750 1878 1815 in
1906 1751 2253 1817 Conventu
2279 1766 2456 1832 sunt,

198 1839 455 1925 exeeptis
482 1838 741 1903 novitiis
771 1850 837 1903 et
858 1835 1237 1921 juvencellis
1268 1850 1338 1901 et
1366 1836 1848 1902 obedientiariis
1872 1861 1892 1915 3
1923 1838 2165 1905 scilicet
2194 1840 2460 1905 domino

212 1927 421 2003 Priore,
444 1924 773 2001 TerrariO,
802 1923 1193 2001 camerarie,
1225 1922 1624 2002 Hostium-io,
1649 1926 1946 2004 Sacrista,
1975 1926 2464 2007 ElemosinariO,

208 2013 299 2099 qui
336 2012 447 2076 sibi
492 2010 901 2098 provideant.
996 2011 1103 2076 Ad
1150 2010 1265 2074 has
1295 2024 1512 2075 autem
1545 2011 1793 2077 tunicas
1825 2012 2240 2079 inveniendas
2271 2014 2468 2099 assig-

207 2114 353 2164 ‚natae
378 2112 522 2164 sunt
550 2120 601 2162 x
630 2118 869 2162 marca».
896 2096 981 2162 de
1010 2095 1321 2183 pensione
1350 2095 1644 2162 eeclesiae
1667 2098 1750 2165 de
1776 2099 2084 2180 Daltona,
2115 2123 2262 2189 quae
2281 2100 2468 2167 reddi

199 2186 463 2251 «solebant
488 2186 575 2253 ad
605 2182 958 2250 scacarium
984 2182 1229 2249 domini
1260 2183 1524 2250 PrioriS.

791 2358 897 2423 De
916 2358 1864 2441 excommwdcacionesacienda.

291 2496 467 2574 Item,
516 2494 605 2561 ad
658 2493 1133 2580 reprimendam
1174 2492 1662 2577 malignantium
1693 2496 2144 2577 temeritatem,
2177 2508 2487 2564 statutum

210 2597 303 2647 est
338 2605 449 2669 per
477 2582 767 2659 eosdem,
802 2593 896 2657 ut,
928 2578 1281 2645 secundum
1311 2582 1642 2667 antiquam
1674 2596 1741 2647 et
1768 2585 2191 2668 approbatam
2220 2608 2494 2652 consue-

212 2670 475 2735 tudinem
503 2667 795 2735 ecclesiae
828 2666 1307 2746 Dunelmensis,
1340 2669 1978 2735 excommunicentur
2000 2684 2100 2736 ter
2127 2670 2192 2735 in
2223 2694 2395 2737 anno
2426 2673 2494 2737 in

216 2778 451 2843 genere,
510 2755 801 2821 accensis
858 2754 1165 2831 candelis,
1226 2768 1295 2821 et
1350 2756 1616 2839 pulsatis
1673 2758 2000 2842 campanis
2057 2760 2496 2846 solempniter,

217 2866 415 2909 omnes
456 2842 577 2923 illi,
626 2840 737 2927 qui
764 2840 1039 2907 scienter
1068 2854 1136 2906 et
1164 2841 1517 2927 prudenter
1545 2845 1924 2927 perturbant
1951 2866 2180 2930 pacem
2209 2847 2502 2913 ecclesioe

226 2928 684 3007 Dunelmensis,
730 2940 800 2992 et
844 2927 954 3014 qui
998 2927 1189 2993 insrin
1282 2942 1353 2995 ut
1378 2928 1483 2994 vel
1513 2928 1811 2995 minuunt
1829 2932 2002 3016 jura,
2049 2932 2399 3011 libertates,
2433 2945 2502 2999 et

224 3017 637 3103 possessiones
680 3014 969 3080 ecclesiae
1012 3016 1209 3081 Dune
1300 3015 1506 3091 ensis;
1549 3016 1795 3083 scilicet
1829 3018 2074 3083 domini
2106 3020 2410 3121 Episcopi
2440 3032 2509 3085 et

228 3104 445 3169 Prior-is
496 3119 567 3170 et
628 3102 1007 3169 Conventus
1066 3102 1563 3169 Dunelmensis:
1621 3104 1882 3184 scilicet,
1937 3105 2286 3171 Dominica
2341 3105 2510 3171 infra

234 3190 444 3258 Octab'
479 3189 725 3256 Natale
772 3187 1059 3268 Domini,
1106 3188 1455 3255 Dominiea
1497 3190 1696 3255 clausi
1749 3192 2030 3271 Paschae,
2064 3206 2132 3259 et
2165 3191 2511 3259 Dominica

228 3275 377 3345 infra
402 3279 618 3345 octab’
650 3279 855 3343 sancti
888 3275 1231 3343 Cuthberti
1258 3275 1325 3342 in
1358 3277 1746 3362 Septembri.

330 3454 433 3519 De
458 3454 729 3519 servicio
756 3453 953 3517 debito
978 3452 1205 3518 Priora·
1231 3450 1638 3519 Dunelmensi
1659 3456 1736 3519 de
1769 3454 2398 3537 Coldinqkamsckire.

314 3612 497 3693 Item,
546 3636 637 3678 ne
678 3612 849 3678 forte
894 3611 1229 3695 contingat
1277 3612 1347 3677 in
1394 3628 1720 3698 posterum
1765 3614 2100 3698 pervenire
2145 3617 2212 3681 in
2255 3615 2522 3684 dubium

236 3722 368 3787 quae
395 3700 723 3789 homagia,
747 3698 1005 3778 relevia,
1024 3699 1381 3788 maritagia‚
1402 3701 1487 3766 de
1511 3699 2146 3790 Coldiughamseyre,
2165 3705 2535 3789 pertineant

234 3788 313 3853 ad
341 3788 637 3854 Priorem
670 3787 1198 3865 Dunelmensem,
1222 3786 1345 3852 suit
1375 3809 1492 3873 per
1521 3787 1780 3853 eosdem
1811 3802 2149 3866 statutum,
2182 3802 2251 3854 et
2273 3792 2537 3876 scripto,

240 3875 316 3939 ad
358 3877 739 3941 memoriam
791 3874 1297 3947 succedencium,
1340 3876 1425 3940 ad
1459 3874 1623 3962 juris
1671 3874 1914 3941 Prioris
1949 3874 2407 3941 Dunelmensis
2436 3900 2540 3943 re-

242 3962 693 4049 cognitionem,
751 3962 931 4050 quod
988 3960 1357 4049 hujusmodi
1412 3961 1706 4028 homines
1763 3961 2125 4047 subscripti,
2186 3975 2256 4025 et
2314 3984 2542 4029 eorum

246 4050 529 4128 heredes,
586 4048 669 4113 de
720 4048 1383 4133 Coldingliamschire,
1434 4048 1650 4115 facere
1694 4049 1937 4115 debent
1979 4048 2281 4133 homagia
2329 4048 2542 4118 Priori

250 4135 703 4202 Dunelmensi:
753 4136 997 4202 scilicet
1037 4136 1281 4201 Alanus
1320 4136 1403 4201 de
1434 4158 1632 4222 parva
1663 4135 1988 4201 Wintona
2016 4149 2084 4199 et
2109 4135 2380 4203 heredes
2411 4138 2545 4220 sui3

256 4222 624 4289 willielmus
654 4224 737 4288 de
765 4224 1221 4288 Morthintona
1248 4236 1315 4288 et
1347 4223 1618 4288 heredes
1642 4221 1761 4300 sui,
1785 4222 1866 4285 de
1890 4221 2237 4287 medietate
2268 4224 2439 4289 villae
2462 4228 2547 4294 de

254 4309 729 4388 Lambertona3
771 4310 1163 4375 Willielmus
1194 4311 1277 4375 de
1309 4310 1656 4397 Lyndesey
1686 4321 1751 4373 et
1781 4308 2052 4373 heredes
2083 4310 2203 4388 sui,
2237 4312 2321 4375 de
2352 4334 2550 4397 parva

256 4396 687 4464 Lambertona
732 4411 799 4464 et
828 4420 1126 4463 mansura
1154 4412 1341 4462 extra
1373 4398 1626 4473 villam3
1674 4394 1890 4461 Adam
1918 4396 1999 4459 de
2033 4396 2459 4484 Prendregest
2490 4416 2559 4466 et

253 4482 523 4553 heredes
567 4485 688 4568 sui,
746 4486 829 4551 de
880 4485 1313 4575 Prendregest
1360 4500 1425 4552 et
1469 4482 1738 4551 dimidia
1765 4496 2066 4551 carucata
2095 4496 2284 4552 terrae
2314 4484 2381 4550 in
2412 4487 2563 4555 villa
