3000 5117
544 488 638 561 16
1041 514 1246 567 msr.
1285 516 1644 570 DUNELm.
1688 518 2149 571 semp-roam
2186 519 2397 571 rans,

537 674 794 741 endam.
891 672 1136 741 Milites
1190 682 1411 762 [ergo]
1465 680 1801 744 memorati
1860 678 2182 768 Hugonis,
2242 694 2311 744 ut
2372 676 2460 744 eis
2502 680 2840 757 darentur,

537 783 579 825 a
638 759 963 826 monachis
1022 764 1430 847 postulabant
1447 788 1468 841 3
1530 779 1963 850 protestantes
2022 770 2261 853 seipsos
2320 780 2687 850 recepturos
2750 768 2843 832 ad

537 846 848 912 honorem
889 850 1090 913 sancti
1125 850 1540 927 confessoris,
1575 874 1692 916 nec
1724 852 1813 918 ob
1844 853 2194 937 periculum
2226 852 2340 920 sed
2372 855 2516 939 [ad]
2550 876 2847 920 commo-

533 932 690 999 dum
711 936 874 1021 juris
905 956 1146 1015 eorum,
1179 950 1245 1001 et
1277 938 1735 1003 conservandae
1764 940 2103 1023 libertatis.-

1033 1398 1179 1443 CAP.
1213 1398 1307 1447 XI.
1345 1399 1433 1442 Dr.
1467 1399 1793 1445 RANULPO
1827 1402 1915 1445 DE
1952 1400 2325 1446 GRIMESBY.

1285 1542 1434 1607 [MS.
1457 1542 1585 1611 Cap.
1603 1556 1808 1594 cxvnr.
1836 1540 1923 1594 fol.
1948 1543 2087 1609 lu]

625 1682 756 1748 Illis
809 1692 1025 1747 autem
1075 1681 1142 1745 id
1187 1681 1446 1769 quidem
1504 1683 1593 1746 eis
1637 1682 1827 1748 licere
1856 1681 2397 1768 permittentibus,
2430 1682 2585 1747 dare
2617 1695 2844 1749 tamen

528 1770 941 1844 nolentibus3
986 1767 1270 1856 quidam,
1297 1769 1406 1856 qui
1437 1769 1666 1853 majori
1696 1781 2021 1853 potestate
2064 1768 2222 1833 alios
2254 1768 2590 1834 videbatur
2619 1770 2845 1835 excel-

531 1858 686 1935 lere,
711 1855 1041 1921 humiliter
1076 1855 1366 1933 accessit,
1397 1869 1466 1919 et
1496 1856 1709 1919 claves
1738 1855 1823 1921 de
1852 1855 2092 1921 feretro
2122 1854 2614 1941 [irJreverenter
2644 1857 2795 1921 tulit
2821 1880 2841 1932 ;

531 1945 646 2009 sed
690 1965 823 2008 non
854 1942 1138 2028 impune.
1233 1940 1400 2006 Cum
1431 1941 1603 2006 enim
1633 1955 1819 2007 extra
1852 1942 2119 2027 januam
2166 1942 2457 2007 ecclesioe
2504 1943 2844 2027 paululum

533 2030 982 2115 processisset;
1026 2026 1222 2113 coepit
1264 2027 1477 2093 subito
1523 2028 1885 2093 vehementi
1932 2027 2217 2113 corporis
2258 2041 2420 2093 aestu
2451 2028 2733 2117 fatigari,
2766 2044 2843 2094 et

531 2117 704 2181 ferro
741 2116 808 2179 in
839 2114 1134 2179 manibus
1179 2115 1557 2194 calescente,
1635 2114 1921 2179 novitate
1966 2114 2061 2179 rei
2104 2114 2480 2202 [attonitus]
2526 2115 2596 2178 in
2644 2117 2843 2180 timo-

528 2224 664 2267 rem
697 2201 1008 2267 eonverti.
1100 2200 1472 2288 Gressuque
1504 2201 1801 2266 trementi
1847 2202 1966 2265 sub
1997 2201 2327 2266 celeritate
2359 2224 2667 2280 reversus,
2700 2224 2837 2280 eas,

533 2290 704 2355 unde
735 2288 987 2365 tulerat,
1021 2286 1312 2372 pro‘ecit,
1346 2310 1464 2353 nec
1487 2300 1701 2353 tamen
1724 2285 2244 2374 praesumptionis
2266 2287 2549 2373 pristinae
2576 2310 2839 2373 poenam

534 2376 752 2440 taliter
795 2374 1015 2441 evasit.
1163 2395 1204 2436 n
1253 2374 1450 2439 domo
1497 2396 1776 2473 namque
1819 2397 1955 2453 sua,
2003 2376 2071 2438 in
2124 2374 2455 2459 provincia
2486 2374 2834 2461 Lyndissy,

523 2463 744 2527 subita
802 2472 1132 2546 correptus
1191 2459 1601 2544 aegritudine,
1664 2482 1729 2523 m
1804 2460 2107 2527 insaniam
2183 2482 2442 2548 quoque
2518 2461 2829 2539 incidens,

528 2548 972 2613 miserabiliter
1023 2568 1240 2612 coram
1289 2546 1488 2612 oculis
1526 2568 1787 2611 suorum
1819 2547 2050 2613 dicitur
2081 2547 2417 2616 interiisse.
2512 2548 2835 2613 Possessi-

527 2657 684 2700 ones
735 2636 982 2699 interea
1017 2632 1322 2718 Episcopi
1363 2645 1434 2698 et
1477 2632 1717 2719 oppida
1743 2633 1960 2699 ballivi
1998 2632 2194 2717 Regis
2224 2634 2670 2721 occupabant3
2717 2635 2834 2722 qui

529 2724 738 2807 primo
799 2719 1073 2805 Hugoni
1139 2719 1428 2797 Bardolf,
1505 2720 1741 2785 deinde
1818 2719 2297 2785 Archidiaeono
2376 2720 2828 2800 Herfordensi,

528 2806 871 2873 novissime
921 2805 1200 2871 Ricardo
1244 2806 1526 2871 Briwere
1555 2820 1623 2871 et
1654 2806 1957 2872 Gilberto
1985 2806 2121 2871 filio
2171 2806 2509 2893 Raynfridi
2558 2808 2834 2894 Episco-

525 2907 753 2980 patum
783 2892 1120 2959 commisit.
1196 2892 1331 2970 Qui
1361 2915 1509 2958 cum
1540 2892 1660 2958 sibi
1694 2891 1966 2959 vicissim
1998 2893 2435 2972 succederent,
2469 2908 2539 2959 et
2558 2894 2829 2981 singulis

525 2984 663 3049 sere
715 2979 1032 3045 mensibus
1082 3000 1284 3045 novos
1337 2980 1406 3045 in
1455 2975 1760 3045 custodiis
1806 2979 2185 3065 praepositos
2224 2980 2677 3058 instituerant3
2710 2982 2826 3061 illi,

517 3067 876 3135 commodis
904 3066 1032 3132 suis
1059 3067 1388 3131 ardentius
1418 3065 1799 3143 insistentes,
1845 3088 1929 3131 ex
1973 3067 2223 3131 alterna
2266 3069 2627 3133 mutatione
2666 3090 2829 3154 pro-

529 3155 902 3222 vincialibus
927 3152 1097 3219 mala
1124 3152 1537 3219 innovabant.
1629 3152 1737 3217 De
1769 3151 2083 3217 thesauris
2118 3152 2419 3238 Episcopi
2452 3153 2828 3239 diligentius

523 3242 972 3330 inquirebant3
1015 3253 1085 3304 et
1115 3262 1244 3304 non
1275 3240 1480 3305 solum
1523 3238 1863 3303 familiares
1886 3252 1953 3303 et
1990 3237 2311 3305 Officiales
2350 3239 2675 3327 Episcopi,
2708 3242 2831 3308 sed

521 3352 636 3395 eos
684 3328 896 3405 etiam,
947 3327 1060 3414 qui
1106 3326 1340 3391 nullius
1387 3324 1871 3390 familiaritatis*
1919 3325 2169 3391 fuerant
2200 3326 2463 3405 astricti,
2496 3327 2548 3390 si
2576 3328 2829 3416 aliquid

522 3414 955 3481 abundantius
987 3412 1367 3477 videbantur
1395 3412 1658 3490 habere,
1691 3410 1851 3497 regii
1880 3412 2261 3478 auctoritate
2291 3414 2541 3500 imperii
2572 3415 2655 3480 ad
2696 3415 2829 3480 sol-

521 3500 804 3567 vendum
850 3499 1190 3583 cogebant.
1285 3498 1594 3563 Nonnulli
1642 3520 1901 3585 quoque
1947 3498 2454 3583 provincialium,
2493 3500 2638 3579 hiis,
2671 3524 2826 3589 quae

527 3588 885 3673 Episcopus
914 3586 997 3651 de
1025 3585 1428 3650 restitutione
1457 3592 1746 3671 [eorum]
1779 3586 2216 3663 mandaverat,
2248 3585 2612 3666 innitentes,
2644 3586 2713 3652 in
2741 3611 2827 3655 ea

526 3682 655 3761 [et]
686 3696 833 3762 quae
885 3671 1168 3758 suijuris
1198 3688 1402 3749 erant,
1437 3672 1647 3737 minus
1676 3673 1966 3736 consulte
1999 3672 2443 3758 irrumpenteS,
2478 3676 2542 3737 in
2573 3674 2825 3741 miseri-

521 3763 747 3828 cordia
795 3760 996 3845 Regis
1054 3757 1329 3860 propriae
1403 3759 1637 3859 laqueo
1712 3760 2091 3824 temeritatis
2151 3773 2299 3823 sunt
2340 3760 2649 3839 innodati,
2696 3785 2825 3829 nec

523 3865 740 3915 tamen
771 3848 1078 3933 propositi
1109 3846 1206 3909 sui
1237 3844 1623 3911 desidenum
1654 3844 2002 3915 consecuti.
2098 3844 2411 3911 Monachi
2447 3866 2622 3927 vero,
2654 3870 2823 3915 non-

521 3938 677 4002 dum
723 3936 941 4022 aliqua
977 3933 1207 3999 horum
1239 3930 1678 4033 inquietudine
1706 3932 1963 4016 pulsati,
1994 3954 2131 3997 suae
2161 3933 2536 4018 propensius
2566 3948 2824 4023 satage-

521 4026 682 4089 bant
736 4021 1098 4108 prospicere
1157 4018 1388 4106 quietiz
1449 4019 1805 4105 directique
1856 4033 2008 4084 sunt
2066 4020 2383 4097 monachi,
2438 4022 2552 4107 qui
2596 4022 2820 4089 literas

523 4110 813 4175 tuitionis
833 4124 902 4174 et
923 4105 1482 4175 confirmationem
1501 4106 1875 4171 libertatum
1906 4128 1945 4171 a
1971 4106 2157 4195 Rege
2188 4107 2630 4192 impetrarent.
2710 4111 2819 4175 Ab

527 4221 610 4262 eo
652 4210 868 4261 autem
913 4194 1188 4260 minime·
1217 4215 1410 4279 super
1438 4192 1539 4258 his
1568 4193 1981 4260 merebantur
2009 4193 2215 4259 audiri
2240 4217 2259 4271 ς
2288 4216 2371 4259 eo
2400 4196 2576 4282 quod
2606 4197 2823 4283 apud†

529 4282 879 4350 monachos
931 4282 1272 4369 pecuniam
1329 4280 1631 4367 Episcopi
1682 4302 1820 4346 esse
1862 4280 2282 4359 reconditam,
2323 4282 2587 4369 jamque
2616 4284 2700 4351 ab
2732 4284 2823 4350 eis

939 4464 966 4491 ⁴·
995 4456 1252 4512 What-ton
1275 4455 1504 4524 supplies
1526 4455 1649 4508 here
1672 4456 1763 4509 the
1787 4456 1950 4509 words
1973 4460 2051 4509 vel
2067 4458 2210 4519 offleii
2226 4458 2413 4522 erade*

800 4533 842 4593 †
867 4524 1020 4593 Apud
1043 4526 1144 4579 and
1167 4524 1255 4579 sed
1279 4540 1363 4577 are
1384 4523 1651 4593 generally
1676 4526 1885 4578 written
1910 4524 2037 4578 with
2054 4541 2084 4578 ι
2108 4530 2142 4558 ⁶⁶
2160 4527 2216 4579 ι’·
2258 4526 2311 4579 in
2336 4526 2427 4579 the
2451 4524 2579 4578 MS.
