3000 5117
493 479 596 545 40
965 491 1169 544 ms'r.
1208 491 1567 543 nouum.
1602 490 2071 542 scmr'romss
2102 489 2313 542 rans.

391 652 436 749 [
495 667 814 742 posuerat,
865 668 932 720 et
964 656 1188 733 elect0,
1223 668 1292 719 et
1321 655 1631 742 quasdam
1662 653 2071 739 exceptiones
2102 651 2535 720 confinxerint
2564 671 2794 723 contra

491 765 664 821 eum,
715 743 946 830 quibus
992 742 1296 808 dicebant
1345 742 1725 806 electionem
1774 741 2281 806 confirmandam
2328 765 2459 808 non
2488 765 2650 822 esse,
2686 768 2790 811 re-

486 831 876 918 sponditque
905 830 1166 916 capituli
1195 851 1344 916 pars
1371 830 1545 918 quod
1586 829 1783 918 Regis
1814 851 1945 893 non
1976 829 2282 893 intererat
2315 851 2507 916 snper
2528 835 2809 920 quibus--

488 919 660 997 dam,
695 941 842 1006 quae
872 917 1619 1004 objiciebantur,naudiri,
1654 936 1797 982 cum
1830 931 1997 981 esset
2018 917 2241 994 laicuS‚
2268 937 2385 982 nec
2410 933 2575 984 esset
2594 943 2797 1006 super

489 1007 858 1071 criminibus
910 1023 976 1070 et
1029 1028 1222 1090 super
1271 1005 1408 1070 aliis
1454 1005 1713 1070 famosis
1758 1005 2059 1068 adversus
2087 1025 2429 1090 personam
2462 1008 2800 1072 ecclesias-

491 1096 706 1172 ticam,
757 1098 934 1181 cujus
989 1115 1242 1177 semper
1285 1093 1537 1177 integra
1585 1107 1721 1156 erat
1764 1091 1936 1156 fama
1964 1107 2031 1156 et
2062 1091 2261 1156 illaesa
2290 1093 2575 1178 oppinio,
2606 1095 2796 1159 audi-

491 1181 698 1246 endus
726 1203 743 1256 3
776 1197 842 1246 et
886 1179 1035 1268 quia
1085 1179 1261 1245 idem
1309 1179 1849 1266 Archiepiscopus
1894 1178 1979 1243 de
2008 1179 2287 1244 termino
2318 1180 2384 1244 in
2416 1184 2795 1260 terminum,

491 1269 644 1334 licet
662 1270 858 1333 nichil
881 1268 1224 1354 probatum
1242 1267 1436 1331 fuerit
1467 1287 1557 1332 ex
1582 1267 1881 1344 adverso,
1904 1287 2033 1330 non
2058 1267 2299 1354 absque
2328 1268 2508 1352 gravi
2532 1269 2807 1354 dispen-

492 1356 602 1422 dio
631 1356 916 1422 ecclesiae
955 1356 1436 1433 DunolmensiS,
1469 1355 1741 1419 multum
1774 1354 1859 1418 sit
1892 1355 2267 1439 dampnosa,
2302 1357 2455 1441 quia
2484 1358 2801 1422 continue

491 1444 774 1532 graviter
803 1444 1062 1508 laeditur
1093 1456 1293 1508 status
1323 1444 1482 1529 ejus,
1518 1443 1687 1506 misit
1719 1448 1869 1523 nos]
1907 1441 1989 1506 ad
2037 1441 2233 1526 pedes
2262 1443 2616 1508 sanctitatis
2650 1467 2803 1510 ves-

494 1547 632 1608 trae,
699 1530 883 1595 flexis
941 1530 1213 1614 genibus
1275 1529 1717 1616 supplicandO,
1767 1543 1859 1606 ut,
1910 1530 2033 1608 [eis
2080 1530 2573 1596 misericorditer
2615 1555 2803 1596 com-

491 1618 873 1704 pacientes],
927 1617 1428 1703 Archiepiscopo
1478 1615 1869 1682 Eboracensi
1918 1616 2081 1680 detis
2127 1617 2191 1680 in
2238 1618 2576 1696 mandatis»,
2610 1623 2801 1707 quod

495 1705 662 1770 infra
683 1705 958 1790 spatium
979 1703 1166 1769 trium
1199 1705 1532 1782 mensium,
1557 1721 1701 1790 post
1732 1704 2164 1788 receptionem
2190 1703 2517 1770 literarum
2549 1719 2813 1771 vestra-

493 1815 672 1870 uum,⁵
711 1793 918 1878 ipsum
970 1792 1300 1876 negotium
1344 1793 1474 1856 fine
1514 1792 1737 1857 debito
1775 1791 2029 1856 decidat
2056 1813 2087 1856 z·
2120 1791 2569 1857 nichilominus
2612 1815 2805 1858 man-

491 1881 721 1944 dantes
776 1877 1122 1943 venerabili
1163 1881 1332 1965 patri
1372 1879 1642 1943 domino
1688 1879 1773 1947 Ο.
1826 1879 2031 1944 sancti
2084 1877 2382 1944 Nicholai
2428 1880 2491 1943 in
2532 1903 2815 1947 carcere·

498 1967 801 2032 Tulliano
819 1966 1093 2031 diacono
1117 1966 1443 2044 cardinali,
1468 1981 1538 2032 ut
1557 1967 1609 2031 si
1628 1967 1835 2033 dictus
1862 1966 2397 2052 Archiepiscopus
2417 1969 2805 2034 mandatum

495 2073 778 2118 vestrum
825 2052 1188 2139 neglexerit
1237 2055 1625 2138 adimplere,..
1658 2053 1881 2118 audiat
1924 2055 2060 2138 ipse
2090 2077 2173 2118 ex
2207 2069 2363 2119 tune
2389 2055 2557 2120 idem
2591 2079 2807 2140 nego·-

494 2141 680 2220 tium‚
702 2155 768 2206 et
799 2142 860 2206 ei
877 2143 1014 2205 sine
1039 2163 1238 2207 morae
1267 2140 1627 2226 dispendi0‚
1643 2141 1897 2227 justitia
1916 2141 2256 2220 mediante,
2278 2143 2567 2206 debitum
2594 2145 2805 2208 finem

495 2229 780 2314 imponat
799 2253 826 2292 ε·
849 2235 970 2309 [et‚
1003 2251 1086 2292 ne
1111 2229 1444 2294 occasione
1475 2229 1751 2315 ipsarum
1782 2228 2261 2313 exceptionum,
2284 2253 2441 2316 quas
2461 2253 2577 2315 pro
2608 2233 2809 2320 Rege

493 2333 848 2403 opponunt,
882 2316 1227 2403 negocium
1255 2319 1587 2402 contingat
1617 2317 1865 2381 deferri
1883 2315 2153 2394 diucius,
2186 2317 2443 2402 placeat
2466 2319 2803 2383 sanctitati

497 2420 725 2470 vestrae
757 2404 861 2469 hie
891 2403 1148 2470 easdem
1177 2403 1595 2490 exceptiones
1620 2403 1863 2482 audire,
1892 2418 1959 2468 et
1982 2403 2260 2469 scribere
2292 2403 2821 2492 Archiepiscopo

497 2516 644 2581 quae
691 2492 946 2556 illarum
992 2491 1274 2556 debeant
1328 2492 1429 2556 vel
1476 2513 1607 2556 non
1668 2491 1951 2556 debeant
1994 2490 2269 2570 admitti,
2318 2491 2416 2557 vel
2461 2493 2528 2556 in
2562 2494 2821 2580 quibus

503 2601 720 2644 earum
772 2579 1006 2644 debeat
1047 2579 1150 2643 vel
1203 2599 1330 2642 non
1385 2580 1617 2645 debeat
1652 2579 1803 2642 Rex
1832 2578 2137 2656 audiri.”]
2225 2580 2333 2644 Ad
2364 2579 2503 2644 haec
2534 2581 2813 2646 domino

505 2669 704 2752 Papae
756 2665 1190 2731 nunciandum
1244 2665 1420 2730 missi
1471 2677 1621 2730 sunt
1672 2667 1753 2731 ad
1808 2666 2047 2731 curiam
2084 2667 2411 2731 Robertns
2441 2670 2527 2732 de
2560 2669 2807 2747 Efden,

502 2753 797 2839 supprior
827 2753 1302 2831 DunolmensiS,
1331 2754 1715 2819 Laurentius
1738 2753 1823 2818 de
1853 2753 2430 2840 Upsedelingtone,
2458 2769 2527 2820 et
2554 2757 2811 2820 Alanus

501 2842 905 2918 camerarum,
965 2841 1256 2905 Roberto
1308 2841 1811 2905 Hextildesham
1866 2843 2212 2906 adventum
2256 2863 2477 2906 eorum
2524 2843 2592 2906 in
2620 2846 2813 2908 curia

503 2942 914 3014 expectante.
1033 2928 1273 2992 Missus
1319 2942 1417 2993 est
1449 2951 1593 2994 cum
1627 2928 1717 2993 eis
1749 2929 2053 3012 magister
2088 2929 2203 2996 W.
2238 2930 2323 2994 de
2354 2929 2418 2994 la
2452 2930 2639 3015 Hay:
2684 2932 2811 3018 qui

503 3037 728 3080 omnes
759 3014 822 3078 in
849 3016 1076 3080 itinere
1107 3015 1341 3080 mortui
1372 3029 1543 3084 sunt.
1640 3016 1937 3102 Cumque
1968 3016 2135 3080 idem
2168 3018 2407 3082 electus
2435 3017 2807 3083 licentiatus

501 3117 670 3190 esset
711 3127 752 3168 a
797 3103 1000 3191 Rege,
1045 3104 1130 3168 ad
1173 3103 1416 3168 curiam
1463 3105 1745 3182 venien&
1794 3103 1968 3189 apud
2012 3105 2262 3182 Dover,
2296 3103 2651 3190 prohibitus
2697 3121 2807 3171 est

500 3191 932 3269 transfretare,
966 3213 1006 3256 a
1043 3191 1384 3256 Batti-amo
1411 3190 1494 3255 de
1526 3191 1731 3258 Greol
1774 3190 2251 3256 constabulario
2280 3193 2599 3278 ejusdem.
2686 3194 2813 3259 Sic

499 3280 698 3364 igitur
745 3280 987 3344 electus
1037 3279 1378 3365 desperans
1425 3279 1508 3342 de
1558 3280 1735 3345 exitu
1786 3278 2035 3363 negotii
2076 3279 2195 3356 sui,
2230 3280 2479 3344 diutina
2506 3279 2806 3345 ecclesiae

497 3366 876 3430 viduatione
903 3365 1152 3443 anxius,
1175 3366 1239 3430 in
1271 3366 1376 3429 die
1413 3366 1777 3431 Palmarnm
1814 3365 2206 3430 Dunelmum
2238 3369 2599 3446 revertitur,
2632 3391 2817 3453 pure·

499 3467 568 3518 et
597 3468 826 3538 sponte
855 3453 1226 3517 renuntians
1257 3453 1559 3517 electioni
1590 3454 1673 3518 de
1709 3477 1776 3519 se
1805 3454 2059 3518 factaest*
2151 3454 2305 3530 Quo
2350 3455 2590 3533 audite,
2622 3455 2809 3524 misit

498 3563 620 3604 rex
663 3561 812 3604 suos
858 3540 1282 3620 Dunolmum,
1331 3540 1442 3628 qui
1488 3561 1718 3606 contra
1760 3562 2081 3628 personas,
2130 3563 2285 3629 quas
2328 3542 2639 3627 putabant
2677 3542 2804 3608 eli-

499 3627 764 3714 gendas,
807 3627 1237 3711 appellabant,
1289 3642 1537 3707 contra,
1587 3630 1851 3708 scilicet,
1902 3631 2214 3694 decanum
2252 3629 2805 3710 Lincolniensem,

497 3717 806 3780 vicarium
838 3715 916 3778 de
953 3713 1300 3788 Alkeland.
1335 3715 1711 3804 magistrum
1746 3718 2073 3784 Simonem
2104 3719 2185 3782 de
2220 3718 2517 3796 London,
2550 3734 2619 3784 et
2640 3739 2809 3783 con-

500 3819 600 3868 tra
643 3802 856 3890 plures
901 3801 1250 3891 religiosos.
1298 3804 1498 3880 Quod
1544 3805 1835 3870 videntes
1866 3805 2161 3871 monachi
2192 3807 2531 3894 elegerunt
2562 3808 2807 3890 magis-

501 3909 666 3992 trum
695 3979 708 3992 ·
741 3890 1122 4044 Niitchdaum
1193 3891 1274 3957 <le
1342 3891 1394 3956 F
1395 3895 1717 3972 arneham,
1782 3909 1933 3958 tunc
1992 3893 2236 3979 reginae
2298 3893 2615 3958 medicum
2642 3917 2669 3970 ς
2727 3907 2803 3959 et

499 3995 744 4066 quievlt
843 4001 948 4046 ex.

1267 4159 1295 4184 '⁸
1328 4157 1640 4208 Arrxuntx.
1674 4155 1771 4208 No.
1798 4172 1885 4207 xv.
1912 4172 2030 4208 ινι.
