3000 5117
483 408 598 481 xiv
913 424 1117 480 msr.
1160 425 1517 481 DUNELM.
1558 428 2025 486 scnwronss
2065 430 2282 487 mss,-

476 588 837 669 firmamus'
865 602 934 657 et
995 590 1403 657 testificando
1456 593 1834 659 roboramus
1867 609 1935 661 et
1993 598 2324 684 perpetuis
2385 595 2792 686 temporibus

474 678 924 745 inviolabiliter
967 677 1106 744 fore
1152 694 1295 744 rata
1338 678 1760 764 proecipimus.
1859 685 1930 749 Si
2008 684 2102 749 uis
2134 685 2328 771 igitur
2357 686 2420 750 in
2453 704 2792 772 posterum

472 766 641 833 hanc
668 780 907 831 nostrae
936 766 1337 831 auctoritatis
1362 780 1606 831 cartam
1630 766 1695 830 in
1719 767 1938 855 aliquo
2009 771 2316 839 iminuere
2340 774 2442 839 vel
2467 790 2794 844 temerare

470 852 972 939 praesumpserit,
1020 853 1407 919 auctoritate
1452 854 1628 919 beati
1664 853 1842 919 Petri
1876 860 2193 943 Apostoli,
2229 874 2296 925 et
2325 862 2576 947 praefati
2616 864 2793 931 Gre-

472 944 679 1029 goriae
723 940 941 1025 Papae,
993 954 1061 1005 et
1116 964 1261 1007 mea
1291 940 1570 1005 Thomae
1606 941 2110 1033 Archiepiscopi,
2147 947 2265 1012 nisi
2298 948 2496 1037 digne
2521 974 2792 1017 correx-

471 1028 613 1105 erit,
664 1050 705 1093 a
754 1028 882 1093 Dei
930 1049 1131 1113 regno
1176 1041 1509 1114 separetur
1538 1044 1606 1093 et
1637 1044 1958 1114 perpetuo
1988 1035 2396 1101 anathemate
2427 1039 2790 1126 condemp-

471 1128 695 1181 neturf
760 1114 991 1180 Amen.
1085 1115 1287 1181 Teste
1324 1115 1614 1181 Aldredo
1644 1117 1914 1198 decano,
1941 1122 2266 1187 Durando
2297 1124 2782 1205 archidiacono,

474 1200 815 1268 willielmo
862 1202 1000 1266 filio
1036 1203 1350 1281 Durandi,
1395 1202 1734 1269 Wiuielmo
1767 1206 1851 1271 de
1879 1208 2290 1290 Dunintune,
2331 1212 2618 1278 Radulfo
2650 1228 2790 1279 tre-

468 1289 732 1367 curario,
780 1289 1001 1367 Fulco,
1044 1290 1335 1368 Serlone,
1372 1290 1586 1368 Tusti,
1651 1293 1957 1377 magistro
1992 1298 2102 1362 Siu
2113 1321 2205 1375 ro,
2239 1298 2546 1383 magistro
2573 1302 2788 1367 scola-

464 1400 607 1441 rum
650 1376 1028 1456 Laurentio,
1090 1378 1382 1461 Hugone
1436 1377 1521 1442 de
1577 1378 1924 1460 Soteneun,
1992 1383 2346 1450 Lamberto
2381 1386 2784 1467 Flandrensi,

470 1465 807 1530 Gileberto
840 1478 1123 1543 cantore,
1162 1466 1361 1531 Ketel
1390 1464 1527 1529 filio
1561 1464 1867 1533 Godman
1900 1483 1967 1534 et
2005 1471 2287 1537 Giroldo
2319 1475 2652 1541 canonico.

1080 1836 1172 1882 v1.
1222 1834 1441 1880 cAR'rA
1474 1836 1855 1881 wlLLIRLMI
1888 1834 2118 1881 PRIMI.

1176 1952 1289 2019 [Ex
1315 1954 1435 2022 orig.
1468 1957 1509 2004 Ι.
1545 1957 1588 2004 l.
1615 1920 2045 2019 PontificaliumJ

550 2070 627 2137 In
680 2069 935 2135 nomine
972 2067 1177 2134 Patris
1232 2082 1300 2133 et
1354 2067 1495 2133 Filii
1549 2084 1615 2134 et
1673 2068 1946 2154 Spiritus
1985 2066 2226 2147 Sancti,
2265 2068 2497 2135 Amen.
2591 2069 2778 2148 Quia

461 2180 675 2223 rerum
736 2170 939 2222 status
975 2178 1269 2221 successu
1311 2157 1616 2241 temporis
1656 2156 1888 2242 saepius
1922 2156 2248 2231 imutatur,
2283 2170 2350 2220 et
2379 2157 2660 2221 virorum
2693 2160 2776 2223 i}-

460 2245 754 2310 lustrium
810 2246 1048 2309 devota
1108 2242 1393 2308 istitucio
1436 2243 1592 2331 [ita]
1647 2243 2081 2309 diuturnitatis
2125 2243 2305 2307 senio
2364 2244 2774 2332 frequentius

457 2334 772 2409 aboletur,
826 2354 1083 2397 omnem
1136 2330 1639 2416 perturbacionis
1684 2330 2018 2396 materiem
2048 2344 2380 2415 amputare
2411 2354 2772 2411 conamur;

459 2435 526 2486 et
556 2420 824 2485 dilectos
856 2418 1017 2483 filios
1048 2432 1299 2484 nostros
1355 2418 1824 2483 Dunelmenses
1855 2433 2084 2483 contra
2133 2441 2390 2483 omnem
2424 2418 2773 2505 impugna-

455 2508 651 2573 tionis
680 2507 1087 2573 occasionem
1118 2506 1307 2593 hujus
1338 2521 1534 2571 cartae
1566 2521 1801 2570 nostrae
1841 2505 2192 2570 munimine
2223 2506 2494 2589 posteris
2525 2510 2770 2593 imper-

452 2610 723 2681 petuum
769 2592 1164 2678 temporibus
1209 2593 1594 2678 praemunire
1637 2593 2054 2661 decrevimus.
2151 2593 2552 2658 Dilectorum
2587 2596 2769 2661 enim

449 2683 732 2748 filiorum
780 2680 1143 2745 nostrorum
1177 2680 1714 2747 Dunelmensium
1741 2680 2224 2759 monachorum,
2257 2702 2420 2767 quos
2449 2682 2514 2744 in
2545 2682 2768 2755 eccle-

450 2770 547 2836 sia
574 2770 747 2836 beati
784 2768 1122 2853 Cuthberti
1152 2767 1608 2846 substituimuS,
1630 2791 1790 2855 quos
1821 2782 1887 2833 et
1913 2768 2153 2833 viscera
2169 2783 2390 2833 nostra
2407 2767 2472 2831 in
2497 2768 2765 2835 Christo

452 2880 592 2925 esse
620 2878 971 2934 censemus,
1004 2854 1306 2935 libertati,
1340 2856 1560 2944 quieti,
1593 2869 1662 2922 et
1694 2856 1856 2941 paci,
1890 2878 2024 2941 prae
2055 2855 2376 2933 omnibus,
2411 2857 2764 2923 consulere

452 2959 522 3012 et
565 2945 904 3033 providere
949 2941 1398 3028 disposuimus.
1496 2944 1716 3019 Quare
1762 2957 1990 3008 notum
2019 2943 2125 3022 sit,
2160 2956 2292 3007 tam
2324 2944 2759 3028 praesentibus

452 3034 769 3111 omnibus,
801 3053 995 3120 quam
1046 3030 1300 3109 futuris,
1334 3031 1508 3118 quod
1541 3053 1686 3115 ego,
1731 3029 2101 3095 Willielmus
2133 3030 2263 3095 Dei
2295 3030 2514 3115 gracia
2559 3030 2760 3097 Dun-

450 3121 745 3187 elmensis
776 3121 1133 3206 episcopm,
1164 3131 1493 3205 praecepto
1541 3134 1606 3184 et
1636 3117 1902 3183 consilio
1932 3118 2176 3182 domiui
2209 3118 2511 3205 Gregorii
2550 3118 2757 3205 Papae

448 3209 725 3294 septimi,
756 3210 823 3272 in
853 3205 1198 3294 praesentia
1238 3204 1481 3271 domini
1539 3205 1659 3270 mei
1697 3206 1892 3289 Regis
1932 3204 2290 3283 willielmi,
2324 3204 2756 3272 assidentibus

446 3310 515 3362 et
544 3294 1039 3361 assentientibus
1072 3292 1443 3358 Lansranco
1472 3307 1537 3358 et
1567 3293 1828 3357 Thoma
1859 3291 2396 3378 Archiepiscopi3‚
2427 3295 2752 3373 concedo,

446 3396 533 3461 et,
568 3381 952 3447 auctoritate
1004 3379 1296 3465 praedicti
1332 3380 1528 3465 Papae
1587 3393 1656 3445 et
1706 3402 1872 3458 mea,
1905 3380 2245 3458 constituo,
2289 3393 2364 3445 ut
2393 3402 2617 3445 omnes
2647 3382 2756 3446 fu-

448 3469 576 3535 turi
613 3467 869 3533 Priores
901 3466 1356 3532 Dunelmensis
1386 3466 1677 3534 ecclesiae
1707 3488 1928 3533 omnes
1988 3466 2340 3545 libertateS,
2372 3467 2749 3552 dignitates,

444 3556 725 3623 honores
780 3554 1075 3632 Abbatis,
1131 3553 1433 3634 habeant,
1489 3568 1558 3620 et
1601 3554 1822 3620 sedem
1859 3555 2130 3619 Abbatis
2159 3555 2225 3619 iu
2256 3554 2455 3619 choro
2485 3554 2750 3623 sinistro

441 3644 816 3720 obtineant3
860 3656 929 3707 et
960 3663 1181 3706 omnes
1212 3640 1441 3707 fratres
1470 3642 1773 3707 officiales
1804 3639 1928 3728 ipsi
1959 3641 2158 3708 libere
2209 3656 2496 3707 statuant
2543 3654 2607 3708 et
2639 3666 2748 3709 re-

424 3744 769 3809 moveant,
800 3743 867 3795 et
878 3730 1027 3815 jure
1057 3728 1309 3795 Decani
1354 3730 1635 3815 primum
1663 3730 1880 3795 locum
1907 3743 1976 3795 et
2023 3752 2246 3795 vocem
2279 3743 2423 3815 post
2473 3728 2746 3816 Episco-

422 3842 635 3907 ‚pum3
682 3832 751 3884 et
802 3817 871 3882 in
904 3816 1205 3904 Episcopi
1246 3816 1345 3883 sui
1396 3818 1778 3884 electionem
1805 3838 1954 3881 cum
1985 3818 2270 3918 capitulo
2301 3840 2420 3881 suo
2452 3830 2739 3897 teneant,

436 3922 507 3974 et
530 3928 943 3997 quascunque
996 3906 1341 3989 dignitates
1370 3928 1483 3971 seu
1529 3906 1806 3971 honores
1838 3907 2094 3971 Decam
2127 3904 2567 3970 Eboracenses
2612 3906 2742 3972 sub

436 3993 955 4079 Archiepiscopis
990 3992 1269 4057 Eboraci
1325 3994 1425 4058 vel
1472 4015 1666 4079 super
1711 3992 2194 4057 archidiaconos
2247 3991 2414 4057 illius
2446 3994 2740 4059 ecclesiae

431 4082 848 4169 optinuerint,
887 4079 1141 4147 Priores
1192 4079 1662 4145 Dunelmenses
1711 4082 1832 4145 sub
1889 4080 2212 4167 Episcopo
2264 4101 2382 4144 suo
2427 4092 2492 4145 et
2539 4103 2742 4167 super

432 4168 939 4237 Archidiaconos
968 4168 1254 4235 ecclesiae
1307 4166 1482 4233 beati
1519 4167 1865 4235 Cuthberti
1919 4167 2115 4232 libere
2153 4181 2220 4231 et
2249 4168 2466 4317 qluiete
2497 4167 2742 4255 imper·-

428 4271 696 4344 petuum
729 4256 1116 4339 possideant.
1210 4256 1455 4321 Omnes
1486 4278 1640 4321 vero
1671 4270 1870 4320 terras
1899 4276 2042 4319 suas
2074 4268 2142 4318 et
2172 4277 2284 4319 ecc
2311 4254 2469 4319 esias
2500 4254 2566 4319 in
2613 4279 2740 4323 sua

432 4367 623 4413 manu
655 4356 723 4407 et
754 4342 955 4407 libera
982 4342 1406 4428 disposicione
1439 4345 1741 4421 habeant,
1778 4343 1881 4406 vel
1907 4354 2170 4407 teneant
2197 4366 2214 4417 3
2265 4357 2333 4407 ut
2355 4363 2612 4428 semper
2643 4344 2733 4411 de

429 4434 542 4513 εἰς,
606 4443 915 4518 quantum
972 4430 1271 4516 poterint,
1306 4431 1590 4497 redditus
1641 4454 1789 4497 suos
1841 4444 2245 4507 accrescant3
2291 4430 2382 4495 ita
2413 4442 2483 4493 ut
2516 4432 2732 4496 nullus
