3000 5117
1146 0 1281 3 ΫἬΫ
1303 0 1457 5 ᾖ*
1477 0 1579 5 ---.
1606 0 1625 4 -
1687 0 1695 6 -
1776 0 1863 9 -—-
1884 0 2041 11 ---
2073 0 2505 13 ss--wm—-uu—
2557 0 2697 11 nu-

1062 1188 1647 1275 APPENDIX.

2006 1444 2109 1455 —0—

364 1666 411 1719 t.
447 1672 684 1718 Parma
720 1672 939 1719 catara
964 1664 1368 1719 omomsms
1402 1669 1778 1717 memLm
1813 1666 2126 1719 Episcopi
2160 1674 2324 1725 Qum

364 1759 439 1802 m
474 1760 714 1805 »aare
746 1760 1219 1805 *rairmcxrua
1244 1761 1369 1804 san
1392 1757 1538 1805 Nou
1567 1759 1640 1803 m
1674 1760 1878 1807 Τοτο.
1959 1762 2108 1805 ΝΛΜ
2141 1760 2324 1805 Μει-

356 1845 447 1889 'rA
498 1848 1021 1893 con‘rmanmm
1056 1848 1127 1891 m
1182 1848 1330 1892 1s·rA
1389 1847 1548 1903 ουλε
1593 1846 1740 1891 Non
1805 1847 1878 1891 m
1925 1849 2105 1893 Auis
2153 1850 2322 1893 nua-

354 1917 563 1983 nus.w

716 2054 892 2123 [orig.
922 2056 965 2105 1.
994 2056 1039 2104 1.
1070 2050 1223 2105 Pont-
1253 2052 1314 2102 Β.
1345 2054 1386 2101 ι.
1411 2051 1512 2103 aaa
1535 2051 1682 2104 eut.
1705 2050 1752 2103 1.
1783 2051 1820 2102 f.
1855 2052 1966 2119 ⁷⁰-l
2067 2104 2076 2116 ,

274 2166 426 2232 Eoo
466 2166 880 2247 willielmus,
912 2168 1135 2235 sedem
1170 2168 1599 2254 Episcopatus
1643 2171 1848 2233 sancti
1882 2168 2246 2248 Cuthberti,
2277 2168 2496 2255 gracia

192 2248 335 2332 Dei,
384 2254 698 2341 adeptus,
748 2270 982 2322 terram
1030 2246 1197 2320 illius
1228 2277 1394 2341 pene
1436 2255 1792 2321 desolatam
1827 2252 2082 2333 inveni;
2124 2258 2490 2343 locumque,

188 2364 369 2426 quem
415 2346 595 2407 sacri
624 2346 909 2430 corporis
948 2342 1044 2407 sui
1075 2344 1434 2429 praesencia
1460 2339 1756 2420 illustrat,
1792 2343 2265 2429 necligenciori,
2297 2367 2494 2432 quam

184 2427 315 2514 ejus
343 2428 624 2497 deceret
652 2431 1073 2508 sanctitatem,
1106 2428 1377 2494 servicio
1425 2430 1902 2515 despicabiliter
1930 2428 2309 2497 destitutum
2339 2452 2495 2495 con-

184 2516 381 2601 spexi.
488 2514 675 2585 Nam
721 2541 929 2606 neque
970 2517 1067 2583 sui
1112 2514 1353 2581 ordinis
1396 2516 1485 2582 ibi
1517 2516 1864 2583 monachos
1910 2542 1990 2584 ne
2039 2541 2118 2583 ue
2170 2520 2496 2605 regulares

186 2604 503 2691 repperivi
554 2606 925 2671 canonicos.
1049 2604 1267 2681 Unde,
1314 2602 1497 2693 gravi
1545 2626 1818 2669 moerore
1863 2542 2219 2685 conactus,
2273 2606 2492 2671 Deum

184 2706 245 2754 et
271 2710 573 2761 sanctum
614 2692 1051 2758 Cuthbertum
1092 2688 1345 2769 sedule,
1378 2705 1447 2756 et
1492 2692 1867 2778 suppliciter
1912 2695 2157 2783 rogavi,
2191 2708 2260 2758 ut
2294 2692 2494 2758 michi

184 2778 262 2842 ad
290 2780 803 2857 emendandum,
836 2803 983 2868 quae
1014 2778 1219 2843 minus
1266 2778 1724 2845 conveniencia
1750 2781 2058 2859 videram,
2091 2781 2492 2847 consulendo

182 2882 653 2945 succurrerent,
701 2880 767 2931 et
810 2865 1241 2932 succurrendo
1285 2864 1685 2951 perficerent.
1780 2866 1992 2955 Igitur
2033 2890 2216 2934 senes
2245 2882 2314 2933 et
2341 2888 2494 2955 pru·

182 2952 521 3022 denciores
594 2949 791 3020 totius
835 2954 1263 3041 Episcopatus
1307 2952 1618 3031 homines,
1651 2950 1929 3053 qualiter
1972 2954 2037 3019 in
2083 2956 2272 3020 inicio
2317 2958 2494 3043 apud

180 3058 473 3109 sanctum
504 3054 810 3131 ageretur
845 3041 1275 3107 cuthbertum
1305 3061 1344 3104 a
1374 3062 1477 3105 me
1501 3036 1824 3127 exquisiti,
1850 3042 2073 3105 sedem
2103 3040 2272 3107 illius
2305 3042 2492 3129 Epis-

182 3131 469 3214 copalem
518 3130 587 3195 in
638 3128 855 3194 Insula
886 3126 1391 3193 Lindisfarnensi
1419 3125 1638 3205 fuisse,
1673 3127 2145 3215 monachosque
2177 3140 2308 3194 tam
2339 3130 2490 3195 vivo

181 3236 367 3301 quam
398 3217 671 3304 sepulto
701 3216 939 3281 ibidem
973 3213 1421 3280 venerabiliter
1447 3214 1736 3293 servisse,
1762 3217 2278 3297 responderunt:
2325 3239 2488 3304 quo-

183 3324 315 3368 rum
344 3327 617 3393 quoque
648 3303 989 3369 assercioni
1031 3301 1201 3366 Vitae
1231 3300 1398 3367 illius
1436 3299 1722 3367 Libellus
1753 3314 1822 3366 et
1859 3301 2304 3369 Ecclesiastica
2333 3326 2486 3368 cou-

180 3392 401 3457 cordat
456 3392 819 3476 Anglorum
868 3390 1179 3456 Historia.
1274 3388 1511 3474 Longo
1556 3388 1791 3454 dehinc
1823 3404 2110 3476 tempore
2141 3404 2483 3471 transacto,

182 3480 463 3545 crudelis
492 3480 913 3543 barbarorum
944 3498 1167 3541 manus
1196 3498 1327 3541 non
1355 3475 1538 3540 hunc*
1557 3477 1787 3555 solum,
1821 3477 1932 3543 sed
1965 3490 2032 3543 et
2060 3479 2186 3545 alia
2214 3480 2487 3547 circum-

182 3586 262 3653 qu
348 3592 435 3632 ue
488 3566 633 3631 loca
681 3576 1027 3643 vastantes,
1083 3563 1368 3629 nobilem
1434 3562 1602 3627 illius
1657 3564 1954 3629 Coenobii
2011 3568 2272 3632 Coetum
2320 3590 2481 3634 ausu

180 3589 497 3756 sacarffiego
550 3654 691 3719 neci
738 3650 1159 3719 tradiderunt.
1278 3650 1412 3716 Sed
1464 3671 1595 3714 non
1649 3652 1934 3731 impune.
2029 3653 2200 3719 Nam
2255 3678 2482 3721 omnes

180 3740 243 3805 in
268 3742 477 3820 brevi,
516 3744 697 3829 justa
728 3738 858 3805 Dei
891 3738 1175 3803 vindicta
1204 3737 1572 3803 terribiliter
1616 3740 1915 3824 percussi,
1949 3762 1988 3805 a
2017 3742 2479 3828 temporalibus

180 3828 260 3894 ad
287 3844 539 3894 aeterna
566 3826 895 3893 cruciandi
926 3839 1249 3892 tormenta
1275 3837 1422 3890 sunt
1453 3827 1780 3912 proerepti.
1878 3824 2022 3891 Hiis
2052 3850 2179 3913 ego
2210 3852 2481 3915 percep·

178 3916 277 3995 tis,
306 3915 649 4003 pristinum
680 3915 765 3980 ad
794 3914 959 3979 illius
988 3936 1238 3979 sacrum
1270 3935 1502 3999 corpus
1531 3926 1891 3979 restaurare
1920 3926 2318 3998 pertractans
2347 3938 2480 3981 ser-

178 4004 439 4083 vicium,
473 4026 553 4067 ne
600 4002 764 4091 quis,
820 4024 968 4090 quae
1020 4000 1147 4067 mei
1194 4000 1385 4066 solius
1438 4000 1766 4067 molimine
1810 4000 2122 4081 fecissem,
2169 4002 2480 4071 irritanda

246 4180 275 4208 ⁸
308 4178 433 4230 The
454 4178 675 4231 follovin
746 4178 953 4241 distich,
976 4180 1031 4229 in
1056 4176 1147 4229 the
1169 4176 1389 4245 prosody
1413 4175 1474 4228 of
1500 4176 1590 4229 the
1615 4176 1732 4244 day,
1757 4176 1933 4228 stands
1952 4176 2176 4229 beneath
2203 4178 2310 4231 this

178 4252 261 4298 ter
282 4248 337 4298 in
360 4247 455 4299 the
475 4248 675 4299 Chai-tu
698 4262 789 4315 ary
808 4266 895 4296 ³-
1585 4285 1596 4293 .

584 4340 751 4391 Annis
776 4336 1000 4389 millenis
1022 4342 1105 4387 oct
1202 4336 1282 4387 nis
1304 4336 1401 4403 etj
1427 4335 1593 4403 plenis

587 4406 749 4463 Dicas
772 4405 1093 4456 Dunelmum
1171 4404 1351 4455 arilefe
1364 4405 1571 4457 venisse
1589 4402 1933 4457 willelmum.

725 4474 1058 4526 Consecracio
1079 4472 1311 4541 ejusdem
1336 4474 1420 4537 115⁰
1443 4486 1601 4523 nonas
1623 4472 1840 4525 Januar.

1318 4562 1359 4603 A
