3000 5117
764 434 1185 487 APPENDIX.
1218 437 1401 485 ANN.
1442 434 1920 487 mcccxxxvn
2282 417 2498 491 ccxii·

157 611 221 663 et
254 596 552 664 Roberto
582 597 967 685 Heryngton
997 597 1367 685 capellanis,
1408 596 1726 667 Willelmo
1761 598 2080 676 Overton,
2123 598 2456 664 Willelme

160 684 421 762 Rakett,
461 684 744 749 Ricardo
776 684 1152 771 Catlynson,
1180 684 1477 750 Johanne
1509 684 1766 763 Holme,
1799 684 2082 749 Ricardo
2110 685 2452 773 Hemyng-

152 772 379 859 burgh,
412 774 663 837 ,Iacobo
701 772 1081 851 Neuesham,
1122 773 1415 837 Roberto
1430 770 1896 857 Gryndisdale,
1932 771 2188 835 Thoma
2217 772 2454 836 Poum-

152 858 373 944 frayte,
409 858 673 923 Thoma
702 859 1180 943 Thorneburgb
1200 860 1283 923 de
1318 858 1662 936 Elvett,-et
1693 858 2104 944 Hal-seulpho
2131 858 2446 945 Killerby,

152 945 473 1031 generosis
525 964 594 1009 et
642 946 931 1023 literatis,
982 960 1050 1010 et
1100 946 1313 1011 multis
1355 946 1493 1008 aliis
1543 958 1674 1009 tam
1719 944 1962 1009 clericis
2008 968 2196 1032 quam
2246 944 2446 1023 laici&

158 1031 571 1097 Eboracensis
616 1033 1072 1099 Dunelmensis
1118 1046 1185 1097 et
1222 1031 1639 1097 Karliolensis
1669 1031 2331 1112 diocesefin,-testibus
2361 1033 2446 1097 ad

154 1118 473 1202 praemissa
498 1119 748 1185 vocatis
780 1119 1143 1205 specialiter
1170 1132 1239 1184 et
1268 1120 1532 1203 rogatis.
1889 1152 1895 1159 ·

390 1480 588 1529 ccxl.
634 1478 1157 1526 Tsss'rfflnwruu
1202 1480 1469 1524 THOME
1500 1480 1824 1525 LANGLEY
1857 1482 2169 1527 EPIScom

1021 1566 1535 1615 DUNELMENSIS.

652 1685 791 1749 [Ex.
818 1686 947 1753 neg.
972 1684 1163 1751 Sempe
1182 1690 1239 1735 et
1262 1684 1469 1751 Kempe
1488 1684 1542 1734 in
1566 1683 1694 1736 Cur.
1716 1680 1902 1749 Ebot-‚1

228 1802 301 1866 in
330 1802 596 1866 nomine
636 1801 919 1865 Summae
941 1815 1010 1865 et
1046 1799 1409 1864 Individuae
1440 1798 1795 1879 Trinitatis,
1835 1801 2140 1866 Patris·et
2163 1802 2316 1867 mii
2365 1815 2430 1867 et

153 1887 687 1973 Spiritussancti,
718 1886 1103 1952 beatissimae
1194 1910 1231 1951 e
1260 1886 1383 1951 Dei
1403 1888 1754 1975 genetricis
1785 1904 1850 1952 et
1881 1889 2143 1973 virginis
2174 1888 2424 1967 Marioe,

149 1997 215 2037 ac
255 1976 589 2040 beatorum
640 1974 817 2040 Petri
869 1988 935 2039 et
982 1974 1121 2039 Pau
1150 1973 1167 2036 i
1224 1974 1700 2059 Apostolorum,
1751 1990 2245 2063 sanctorumque
2275 1998 2431 2041 con-

145 2062 433 2127 fessorum
488 2061 841 2127 Cuthberti
886 2075 953 2126 et
1008 2059 1301 2139 Martini,
1349 2083 1604 2125 necnon
1655 2063 1860 2127 tocius
1889 2062 2168 2127 ooelestis
2200 2063 2418 2141 curiae,

156 2150 358 2217 Amen.
450 2148 659 2213 Durae
678 2146 897 2212 mortis
918 2146 1227 2211 memoria
1243 2147 1540 2212 rationali
1565 2148 1748 2213 nimis
1767 2149 2148 2215 redderetur
2177 2172 2418 2227 amara,

150 2234 275 2313 nisi,
299 2248 447 2321 ,post
476 2257 735 2300 cursum
768 2235 957 2319 hujus
988 2233 1139 2299 vitae
1158 2234 1533 2299 ,fluctuantis
1563 2236 1890 2313 continue,
1914 2239 2048 2302 vita
2070 2236 2328 2300 bencior
2356 2237 2424 2299 in

146 2323 335 2405 patria
356 2337 749 2407 speraretur.
844 2322 931 2387 Et
968 2320 1239 2407 proinde
1286 2322 1586 2386 humanae
1603 2322 2048 2407 -providenciae
2078 2322 2414 2410 sagacitaS,

145 2407 323 2473 sciens
363 2422 615 2474 naturoe
660 2408 909 2492 legibus
954 2407 1297 2473 diffinitum
1341 2410 1515 2495 quod
1560 2408 1806 2473 cercius
1837 2409 1923 2473 nil
1956 2423 2185 2487 morte,
2218 2408 2424 2473 incer·

148 2495 262 2559 eius
317 2497 399 2560 nil
456 2496 625 2560 hora
684 2494 930 2573 mortis,
976 2496 1239 2560 solebat
1280 2495 1508 2559 horam
1557 2496 1998 2560 dissolucionis
2037 2495 2417 2580 ‚hujusmodi

149 2582 358 2647 nedum
390 2582 701 2669 operibus
732 2582 1027 2647 virtuosis
1060 2594 1141 2645 et
1170 2581 1510 2647 meritoriis
1542 2584 1656 2647 sed
1686 2584 1890 2648 eciam
1923 2584 2238 2649 bonorum
2268 2606 2422 2646 suo-

149 2688 271 2733 rum
292 2669 767 2756 dispensacione
796 2669 1069 2753 provida
1097 2668 1471 2753 praevenire,
1494 2672 1674 2734 uteie
1693 2670 1865 2735 hom
1893 2670 2031 2756 ipsa
2049 2670 2414 2755 inopinata,

149 2756 392 2838 provida
416 2757 837 2821 ordinacione
866 2772 1217 2841 maeventa,
1246 2755 1455 2820 valeat
1478 2758 1760 2822 securius
1789 2757 2140 2842 expectari.
2214 2756 2414 2831 Quod

151 2841 343 2907 debita
360 2843 599 2909 mentis
630 2842 1153 2907 consideracione
1198 2842 1556 2920 revolvenS,
1592 2866 1736 2931 ege,
1761 2844 2158 2908 miserrimus
2189 2866 2414 2928 pecca-

150 2942 257 3005 tor,
304 2930 585 2995 Thomas
641 2930 772 2994 Dei
810 2932 1027 3014 ⁴gratia
1070 2951 1267 2993 sacrae
1299 2928 1748 2993 Dunelmensis
1765 2931 2066 2995 ecclesiae
2097 2930 2408 3007 minister,

150 3012 280 3079 licet
307 3016 536 3083 inutilis
558 3036 641 3082 et
674 3016 990 3100 indigum,
1023 3015 1303 3081 existens
1334 3016 1545 3080 adhuc
1577 3016 1705 3081 Dei
1735 3018 1944 3100 gratia
1973 3039 2163 3081 sanus
2195 3029 2414 3081 mente

147 3115 203 3163 et
228 3124 498 3188 corpore,
528 3103 739 3169 sciens
770 3117 982 3167 tamen
1012 3103 1187 3189 quod
1206 3103 1421 3166 omnis
1443 3124 1596 3167 caro
1623 3102 1866 3167 foenum
1888 3117 1955 3168 et
1980 3105 2184 3168 omnis
2205 3103 2412 3187 gloria

149 3188 259 3270 ejus
300 3206 593 3277 tanquam
622 3192 742 3255 flos
766 3189 924 3275 agri,
941 3204 1019 3254 -et
1048 3190 1243 3289 quod,
1265 3190 1458 3274 juxta
1486 3190 1790 3274 sapientis
1809 3190 2154 3291 eloquium,
2181 3213 2407 3255 ornnes

148 3275 439 3355 morimur,
482 3294 548 3344 et
580 3277 774 3343 velud
798 3300 990 3364 aquae
1020 3276 1363 3341 dilabimur
1391 3300 1584 3361 super
1613 3292 1846 3341 terram
1874 3300 1890 3353 ;
1936 3278 2007 3343 id
2029 3277 2209 3341 circo
2241 3277 2405 3341 Tes-

150 3372 465 3428 tamentum
500 3388 718 3429 meum
748 3364 984 3441 facere,
1018 3384 1093 3427 ac
1138 3363 1219 3427 de
1250 3363 1435 3427 bonis
1466 3364 1768 3441 fortunae,
1803 3362 1992 3430 michi
2025 3386 2066 3427 a
2099 3366 2242 3429 Deo
2271 3364 2404 3428 col-

148 3444 283 3526 latis,
306 3450 635 3537 disponere
655 3450 899 3528 censui,
933 3450 996 3514 in
1027 3450 1199 3515 hunc
1226 3450 1512 3515 mod-um.
1571 3452 1650 3515 In
1685 3450 2236 3538 primiszsiquidem
2260 3451 2406 3535 lego

150 3534 383 3601 animam
413 3562 625 3604 meam
660 3538 809 3603 Deo
839 3536 1291 3623 omnipotenti,
1316 3540 1592 3602 creatori
1625 3561 1794 3616 meo,
1828 3552 1893 3603 et
1925 3562 2157 3625 corpus
2189 3561 2406 3603 meum

148 3624 547 3705 sepeliendum
602 3626 669 3689 in
719 3624 985 3690 ecclesia
1042 3646 1189 3687 mea
1254 3624 1696 3702 Dunelmensi,
1749 3626 1824 3690 .in
1880 3626 2136 3712 capella
2193 3628 2404 3691 beatae

154 3704 351 3773 Mariae
388 3712 663 3797 Virginis
710 3725 940 3776 vocata
986 3711 1045 3775 le
1095 3708 1371 3788 Galilee,
1401 3710 1473 3774 in
1526 3711 1672 3775 loco
1695 3713 1780 3777 ad
1811 3712 1937 3777 hoc
1969 3713 2105 3797 jam
2137 3736 2252 3797 per
2298 3736 2402 3777 me

152 3792 437 3878 disposito.
531 3800 621 3864 Et
669 3798 817 3882 lego
864 3812 931 3863 et
957 3796 1211 3881 assigno
1242 3812 1504 3861 centum
1537 3798 1726 3863 libras
1767 3799 2200 3883 disponendas
2230 3800 2402 3864 circa

152 3885 579 3963 reparaoionem
612 3900 928 3951 terrarum
971 3900 1043 3949 >et
1092 3898 1600 3948 tenementorum
1633 3907 1753 3970 pro
1783 3885 2172 3971 competenti
2215 3886 2403 3950 dota-

151 3965 303 4033 cione
328 3970 455 4037 sive
484 3972 955 4037 sustentacione
986 3970 1172 4035 unius
1199 3972 1544 4048 Camarine,
1574 3994 1697 4057 per
1721 3972 2086 4035 Johannem
2117 3972 2396 4035 Newton

150 4068 204 4115 et
226 4054 557 4123 Johannem
593 4059 925 4145 Thoralby
940 4060 1076 4144 jam
1106 4058 1439 4122 defunctos
1469 4058 1712 4121 dudum
1746 4058 2085 4133 inchoatas,
2119 4058 2201 4121 de
2231 4058 2394 4121 duo-

150 4138 245 4203 bus
289 4146 615 4229 capellanis
659 4147 743 4211 ad
788 4146 989 4210 altare
1032 4146 1244 4209 beatae
1290 4144 1520 4209 Mariae
1552 4145 1829 4231 Virginis
1860 4146 1926 4207 in
1957 4144 2204 4229 capella
2233 4168 2398 4229 prae·

151 4224 293 4292 dicta
311 4232 518 4298 divina
533 4233 941 4298 celebraturis
966 4234 1451 4317 imperpetuum,
1467 4233 1662 4315 juxta
1679 4231 1947 4295 formam
1969 4232 2396 4297 ordinacionis

67 4330 69 4343 ³
152 4317 434 4399 cujusdam
485 4344 600 4406 per
646 4320 949 4406 proefatos
1000 4320 1365 4384 Johannem
1403 4334 1471 4382 et
1500 4318 1856 4383 Johannem
1889 4318 1972 4383 de
2002 4319 2174 4383 dicta
2221 4321 2396 4385 Can-

154 4400 285 4465 taria
306 4402 499 4485 factae,
536 4408 700 4473 ultra
730 4406 943 4471 omnia
978 4420 1178 4471 terras
1210 4420 1274 4469 et
1298 4421 1677 4470 tenementa
1709 4405 1772 4469 in
1810 4406 1946 4491 ipsa
1977 4407 2390 4473 ordinacione

1236 4514 1283 4562 Q
