3000 5117
473 406 619 486 ,120
933 426 1143 491 fflssr.
1184 429 1546 491 pnsum.
1584 429 2052 493 scarrronns
2088 432 2301 494 rans,

644 925 791 981 (κιρ.
839 924 1027 973 x-mx.
1088 926 1175 970 na
1212 926 1606 975 nnsc'rtoua
1649 927 1938 983 fflums
1980 926 2238 981 nomm
2281 926 2592 985 nonnam

1314 1016 1403 1059 nn
1455 1016 1918 1063 semermes.

1293 1155 1445 1231 31M8.
1472 1156 1601 1224 Cap.
1716 1156 1752 1209 f.
1773 1158 1920 1222 222]

558 1296 774 1363 Petita
818 1322 857 1363 a
899 1296 1167 1364 domino
1222 1296 1400 1385 Rege
1430 1296 1710 1383 eligendi
1755 1298 2019 1367 licentia
2061 1314 2131 1366 et
2171 1299 2462 1378 obtenta,
2499 1299 2780 1366 vocatis,

456 1406 592 1471 que
652 1385 950 1450 fratribus
1008 1386 1075 1459 in
1134 1384 1350 1462 cenis,
1396 1402 1463 1451 et
1509 1385 1692 1469 infra,
1749 1386 1890 1451 idus
1937 1386 2311 1467 Octobris,*
2358 1388 2466 1453 die
2503 1388 2591 1453 ad
2641 1388 2780 1453 hoe

452 1485 731 1549 statuto,
794 1493 914 1557 per
966 1471 1561 1557 compromissarios
1617 1472 1860 1538 electus
1923 1487 2016 1538 est
2078 1474 2380 1539 dominus
2442 1474 2778 1544 Robertus

456 1559 547 1625 de
604 1558 1017 1645 Graystanes,
1082 1558 1394 1645 Supprior
1448 1558 1679 1625 domus
1735 1576 1806 1625 et
1862 1560 2122 1626 Doctor
2183 1561 2638 1646 Theologicus,
2707 1563 2778 1635 in

466 1644 859 1731 Episcopum
909 1646 1363 1723 Dunelmssnsis
1408 1647 1696 1713 ecclesioe
1739 1659 1807 1713 et
1851 1662 2193 1731 pastorem.
2285 1647 2572 1723 Nomina
2611 1671 2777 1715 vero

460 1732 1163 1817 compi-emissariorum
1189 1733 1331 1810 hoec
1362 1747 1547 1799 erant
1573 1759 1598 1811 ς
1639 1734 1972 1807 Galfridus
2001 1736 2086 1800 de
2119 1735 2410 1815 But-don,
2435 1735 2770 1823 quondam

468 1818 656 1883 Prior
690 1820 1165 1899 Dunelmensis‚
1217 1834 1367 1887 tune
1414 1844 1572 1887 vero
1607 1842 1727 1909 pro
1757 1821 2118 1907 provisione
2151 1822 2392 1887 habens
2421 1823 2652 1889 cellam
2681 1824 2772 1889 de

469 1907 841 1984 VVermuth,
878 1913 1055 1990 [cum
1086 1908 1347 1979 decimis
1371 1909 1660 1993 ejusdem
1685 1908 1872 1988 villae,
1897 1924 1964 1975 et
1986 1910 2071 1974 de
2099 1909 2422 1992 Fulwell,]
2505 1909 2774 1979 Williel-

462 2016 605 2061 mus
652 1995 735 2059 de
792 1994 1118 2061 Dunelmo
1166 1998 1448 2073 sacrista,
1502 1995 1833 2065 Johannes
1882 1996 1965 2062 de
2019 1998 2220 2063 seton
2275 1999 2452 2083 prius
2506 2011 2574 2063 et
2619 2013 2774 2084 post

470 2082 781 2166 Supprior
837 2081 1307 2161 Dunelmensis,
1372 2083 1713 2158 Gilbertus
1770 2083 1856 2149 de
1921 2084 2213 2169 Ellewyk
2281 2083 2464 2149 Prior
2529 2084 2772 2150 Insulae

462 2170 685 2243 ,Sacrae
743 2168 1123 2257 paginaeque
1184 2170 1526 2255 professor,
1597 2170 1924 2240 Emericus
1981 2172 2064 2237 de
2111 2171 2386 2260 anley
2443 2172 2632 2247 Prior
2681 2172 2771 2239 de

462 2256 774 2343 Lythum,
808 2257 1098 2330 Thomas
1142 2257 1226 2323 de
1272 2257 1465 2334 Lund
1517 2259 1702 2325 Prior
1744 2258 1828 2325 de
1880 2258 2140 2323 Fincale
2193 2260 2448 2325 Doctor
2478 2258 2774 2325 Theolo-

458 2344 659 2427 gicuS,
690 2343 1017 2418 Johannes
1054 2344 1327 2420 Fossour
1382 2345 1571 2423 Prior
1600 2347 1800 2421 saneti
1843 2347 2162 2421 Leontii-di
2201 2347 2398 2431 juxta
2425 2346 2767 2425 Stanford,

462 2431 835 2497 Alexander
886 2432 969 2495 de
1026 2432 1361 2519 Lamesley
1390 2433 1693 2518 magister
1737 2433 1822 2497 de
1863 2436 2101 2513 Jarow,
2139 2435 2370 2501 Petrus
2413 2435 2496 2499 de
2535 2434 2770 2503 Hilton

458 2518 845 2598 feretrarius,
914 2519 1229 2585 Walterus
1278 2520 1363 2585 de
1422 2520 1774 2587 Searesbek
1833 2521 2238 2600 hostillariuS,
2291 2521 2620 2589 Johannes
2677 2523 2767 2588 de

467 2606 820 2672 Beverlaco
852 2606 1041 2673 Prior
1072 2606 1357 2673 Oxoniae
1380 2621 1451 2673 et
1474 2608 1853 2682 Bacularius
1880 2608 2348 2693 TlieologicnS,
2375 2606 2768 2675 willielmus

451 2694 541 2765 de
587 2693 857 2771 Dalton,
916 2706 985 2759 et
1027 2692 1163 2781 ipse
1206 2694 1451 2761 electus
1492 2696 1718 2761 tertius
1775 2695 2082 2762 decimus.
2203 2694 2542 2770 Publieata
2597 2696 2770 2763 elec-

456 2783 638 2853 tione
680 2796 747 2861 et
788 2782 875 2856 ab
919 2782 1213 2857 omnibus
1256 2782 1634 2869 approbata,
1677 2782 1814 2869 ipse
1855 2784 2098 2849 electus
2140 2782 2210 2849 in
2257 2783 2485 2857 itinere
2543 2804 2768 2849 versus

463 2868 715 2956 Regem
758 2868 1040 2943 obtinuit
1084 2870 1299 2940 literas
1342 2870 1862 2955 proclamatorias
1905 2871 1991 2937 ab
2033 2870 2540 2957 Arehiepiscopo
2585 2870 2770 2936 Ebo-

455 2958 705 3023 raeensi
750 2970 819 3021 et
863 2957 1033 3022 diem
1079 2979 1201 3044 pro
1230 2958 1721 3023 confirmatione
1753 2958 2072 3037 habenda,
2110 2981 2144 3022 v
2177 2957 2320 3023 idus
2354 2958 2768 3027 Novembris.

461 3044 613 3111 Rex
666 3066 843 3124 vem,
894 3044 1185 3111 inventus
1214 3044 1389 3133 apud
1430 3045 1876 3129 Lutogersale,
1909 3046 2262 3132 penultimo
2291 3044 2400 3111 die
2436 3044 2764 3125 Octobris,

455 3134 587 3199 tale
612 3154 986 3218 responsum
1010 3133 1210 3199 dedit.
1260 3132 1768 3198 “Intelleximus
1787 3134 1966 3220 quod
1996 3134 2294 3199 dominus
2326 3133 2504 3219 Papa
2532 3132 2618 3197 de
2649 3133 2768 3199 illo

456 3221 851 3306 Episcopatu
899 3220 1180 3307 providit
1224 3220 1487 3285 domino
1533 3220 1818 3285 Ricardo
1863 3219 1947 3285 de
1995 3221 2170 3307 Bury
2200 3220 2492 3285 familiari
2521 3220 2767 3287 elerico

454 3324 677 3378 nostro
702 3332 721 3385 3
754 3330 869 3373 nec
895 3312 1099 3393 ipsum
1136 3308 1377 3392 Papam
1398 3308 1728 3373 offendere
1751 3308 2042 3381 volumus
2075 3332 2092 3380 ;
2141 3308 2290 3373 ideo
2309 3306 2610 3376 electioni
2633 3323 2766 3375 tuae

434 3394 815 3465 consentire
850 3395 1240 3481 nequimuS.”
1332 3394 1652 3460 Dominus
1681 3396 1852 3461 enim
1891 3396 2040 3461 Rex
2069 3418 2189 3481 pro
2219 3396 2493 3482 praefato
2521 3395 2766 3461 elerico

455 3504 591 3545 non
622 3482 827 3545 solum
864 3481 1063 3566 Papae
1092 3482 1208 3546 sed
1252 3481 1445 3547 etiam
1497 3482 1707 3555 Priori
1751 3498 1816 3550 et
1851 3483 2156 3570 Capitulo
2197 3486 2555 3569 scripserat,
2586 3483 2764 3569 ipsos

455 3569 749 3653 rogando
793 3581 867 3631 ut
912 3590 1059 3631 eum
1090 3568 1421 3655 eligerent,
1456 3568 1664 3655 ipsum
1697 3585 1770 3636 ut
1800 3571 2252 3657 Episcopatum
2285 3572 2670 3637 reservando
2699 3571 2763 3637 ei

454 3656 799 3721 conferret.
894 3654 1113 3719 Rediit
1172 3678 1327 3742 ergo
1386 3657 1630 3723 electus
1693 3659 2101 3735 Eboracum3
2157 3674 2223 3723 et
2273 3681 2406 3723 nou
2457 3659 2762 3723 obstante

450 3744 627 3831 quod
652 3766 781 3807 non
809 3742 1245 3813 intervenisset
1264 3764 1605 3813 consensus
1629 3749 1865 3831 regius,
1890 3746 2351 3821 deliberatione
2375 3746 2761 3817 habitacum

460 3832 806 3897 Canonieis
853 3832 1143 3897 ecclesiae
1185 3831 1610 3899 Eboracensis
1655 3850 1722 3899 et
1754 3836 2083 3920 utriusque
2113 3834 2283 3899 Juris
2331 3834 2572 3919 peritiS,
2605 3855 2762 3897 con-

446 3919 877 3986 sentientibus
923 3920 1111 3983 etiam
1150 3920 1371 3986 Priore
1402 3934 1469 3984 et
1502 3921 1840 3985 Conventu
1877 3922 2327 3999 Dunelmensi‚
2353 3936 2588 4007 quarto
2617 3922 2762 3987 idus

466 4007 855 4074 Novembris
898 4008 960 4070 in
994 4006 1263 4071 ecclesia
1291 4009 1501 4071 beatae
1539 4007 1770 4072 Mariae
1799 4008 2068 4073 Eboraci
2101 4023 2196 4073 est
2225 4010 2660 4086 confirmatus
2695 4024 2762 4073 et

459 4095 809 4163 Dominica
852 4094 1145 4180 proxima
1173 4110 1498 4181 sequente,
1535 4095 1779 4160 scilicet
1809 4116 1984 4159 xvm
2025 4096 2152 4165 kal.
2209 4095 2611 4174 Decembris,
2645 4118 2762 4181 per

455 4183 858 4247 venerabiles
912 4183 1135 4245 Patres
1170 4182 1664 4259 Eboraeensem,
1707 4182 2214 4261 Karleolensem‚
2251 4182 2757 4260 Armachanum‚

455 4270 522 4347 in
570 4270 814 4355 capella
860 4268 1341 4354 Archiepiscopi
1386 4270 1448 4332 in
1509 4270 1758 4333 Palatio
1805 4286 2256 4346 consecratus3
2304 4286 2371 4335 et
2417 4270 2523 4333 die
2577 4270 2758 4339 Jovis

733 4448 760 4473 ⁵
798 4444 915 4495 The
944 4444 1005 4495 M
1016 4444 1067 4496 S.
1093 4446 1238 4496 reads
1264 4446 1564 4503 Nmsembrfs,
1589 4445 1682 4497 but
1709 4446 1812 4497 this
1837 4448 1880 4497 is
1904 4445 2172 4512 evidently
2199 4463 2228 4499 a
2253 4444 2481 4498 mistake.
