3000 5117
817 452 1228 507 seranum.
1270 454 1453 507 Anu.
1494 450 1977 506 mcccc-xxm.
2315 432 2551 508 ccxvii

245 637 422 683 novo
448 614 888 702 praejudicium
919 613 1180 703 aliquod
1209 629 1576 701 generetur.
1673 614 1749 681 In
1777 613 1959 699 cujus
1988 612 2081 679 rei
2114 612 2553 680 testimonium

243 702 528 786 sigillum
585 724 924 769 commune
982 702 1246 790 capituli
1303 704 1507 767 nostri
1559 701 1983 788 praesentibus
2032 715 2134 768 est
2175 723 2551 788 appensum.

247 784 432 855 Data
477 790 541 853 in
587 789 784 855 domo
827 802 1050 855 nostra
1105 788 1464 875 capitulari,
1510 796 1641 854 v11⁰
1686 788 1793 855 die
1850 789 2082 854 mensis
2128 788 2549 876 Septembris»,

247 900 428 944 anno
461 876 726 945 Domini
759 877 1100 943 millesimo
1131 886 1376 942 ccccm
1403 875 1709 943 vicesimo
1752 887 2011 942 octavo.

427 1368 674 1417 cxmn.
722 1369 981 1415 ursus
1021 1370 1220 1415 mssa
1261 1370 1542 1416 nomuo
1574 1371 1908 1417 nersooro
1942 1370 2033 1415 uu
2068 1370 2377 1416 cosmus-

763 1457 982 1503 monn
1014 1457 1242 1502 msam
1275 1458 1696 1503 caueamus
1726 1450 2046 1507 nmmum.

1083 1598 1242 1667 [Bag.
1266 1597 1343 1652 11.
1363 1598 1521 1652 Parv-
1540 1597 1629 1652 fol.
1648 1599 1761 1665 Sa]

345 1736 906 1803 Reverendissime
949 1761 1025 1805 ac
1054 1736 1549 1829 singularissime
1580 1738 1903 1807 Dominel
1958 1737 2129 1815 Quia
2159 1737 2243 1805 ad
2275 1750 2557 1805 vestrum

239 1824 550 1891 auditum
599 1846 730 1890 non
760 1825 990 1891 dubito
1031 1825 1398 1913 pervenisse
1441 1825 1886 1905 infortunium,
1916 1826 2092 1915 quod
2124 1826 2191 1891 in
2220 1828 2561 1912 campanili

239 1910 544 1975 ecclesias
587 1926 818 1977 vestrae
850 1912 1302 1978 Dunelmensis
1345 1934 1554 1997 nuper
1594 1912 1949 1990 accidebat,
1983 1935 2099 1999 pro
2130 1928 2341 1978 vestra
2368 1913 2565 1979 tristi-

241 1997 360 2062 cia
385 1996 452 2061 in
483 2012 667 2082 parte
695 1999 1086 2066 consolanda
1113 1998 1265 2065 facti
1286 1998 1736 2065 certitudinem
1764 2000 2031 2065 notifico
2138 2021 2171 2064 r
2191 2014 2561 2084 praesentes.

251 2085 340 2149 In
397 2098 586 2149 nocte
634 2101 788 2151 ante
839 2085 1010 2152 diem
1054 2086 1364 2173 Corporis
1413 2086 1679 2165 Christi,
1710 2109 1751 2152 a
1777 2087 2031 2152 decima
2106 2109 2220 2152 ora
2250 2110 2447 2175 usque
2477 2089 2563 2153 ad

247 2173 597 2257 septimam
626 2172 852 2238 horam
883 2187 1032 2259 post
1061 2173 1338 2239 mediam
1370 2187 1649 2253 noctem,
1684 2176 1969 2240 tonitrua
1997 2186 2065 2239 et
2094 2174 2349 2259 fulgura
2376 2188 2561 2241 erant

245 2259 324 2323 in
383 2259 668 2343 partibus
719 2260 974 2329 nostris,
1000 2261 1330 2326 horribilia
1380 2272 1450 2325 et
1497 2260 1822 2327 inaudita:
1872 2275 1943 2326 et
1980 2260 2327 2348 praecipue,
2360 2283 2563 2348 parvo

250 2344 567 2430 temporis
609 2350 826 2432 spacio
855 2360 1006 2413 ante
1036 2348 1258 2421 horam
1290 2349 1561 2433 primam
1588 2360 1739 2433 post
1768 2347 2042 2414 mediam
2074 2362 2351 2429 noctem,
2386 2363 2567 2416 tanta

245 2432 384 2497 suit
417 2432 682 2499 tonitrui
711 2434 1045 2512 violencia,
1069 2434 1332 2522 quando
1358 2456 1613 2499 eramus
1641 2434 1727 2500 ad
1756 2435 2117 2515 matutinas,
2144 2435 2320 2523 quod
2350 2458 2568 2523 spera·

247 2520 492 2585 bamus
535 2542 834 2606 magnam
881 2535 1134 2606 partem
1181 2520 1468 2587 ecclesioe
1512 2521 1836 2587 cecidisse.
1933 2521 2086 2597 Quo
2132 2536 2445 2608 tempore,
2496 2536 2568 2589 ut

249 2607 388 2671 suit
439 2608 641 2692 magis
693 2608 1052 2687 verisimile,
1085 2608 1375 2695 superior
1415 2630 1563 2693 pars
1596 2608 1809 2710 magni
1854 2607 2247 2695 campanilis,
2277 2609 2399 2674 sub
2428 2610 2568 2676 tolo

255 2708 499 2760 vocato
549 2695 798 2780 anglice
845 2696 907 2761 le
956 2694 1111 2782 poll,
1165 2696 1296 2761 ictu
1341 2694 1609 2781 fulguris
1652 2695 1775 2761 fuit
1818 2718 2123 2773 acceusa3
2164 2695 2317 2785 igne
2346 2708 2567 2764 tamen

253 2796 419 2845 ante
463 2782 686 2847 horam
731 2783 1068 2867 septimam
1112 2782 1238 2848 diei
1271 2781 1532 2848 minime
1562 2796 1878 2884 concepto
1910 2782 2008 2849 vel
2039 2783 2199 2848 visui
2231 2782 2567 2850 hominum

253 2868 654 2953 apparente3
705 2891 748 2933 a
791 2891 920 2957 qua
960 2870 1141 2948 hora,
1171 2892 1373 2958 usque
1401 2868 1486 2935 ad
1516 2869 1961 2935 duodecimam
1992 2870 2240 2949 horam,
2264 2870 2573 2937 horribile

255 2956 526 3023 duravit
553 2956 918 3021 incendium
944 2979 964 3033 3
1009 2970 1077 3022 et
1111 2956 1280 3023 tolus
1323 2956 1409 3022 de
1437 2978 1643 3043 cupro
1672 2956 1776 3021 vel
1804 2978 1955 3035 aere,
1988 2956 2323 3023 continens
2353 2958 2417 3023 in
2447 2958 2570 3022 cir-

247 3042 700 3109 cumferencia
743 3038 794 3144 ij
827 3043 1011 3109 ulnas
1041 3054 1109 3109 et
1139 3043 1200 3129 iij
1233 3044 1607 3132 quarteriaS,
1638 3042 2191 3109 vehementissime
2220 3043 2573 3111 infiamma-

259 3144 396 3207 ωε,
457 3152 606 3195 cum
659 3130 798 3195 aliis
848 3130 1273 3217 grossioribus
1322 3130 1725 3196 ferramentis
1777 3143 1847 3194 et
1898 3128 2145 3195 facibus
2196 3130 2569 3197 ardentibus

253 3238 466 3301 super
508 3218 840 3283 ecclesiam
885 3220 954 3282 in
997 3218 1144 3285 loco
1170 3218 1256 3283 ad
1286 3220 1492 3282 minus
1524 3229 1977 3283 nocumentum
2007 3217 2263 3287 cecidit.
2362 3217 2572 3285 Bene-

253 3304 482 3370 dictus
516 3304 904 3373 Altissimus.
989 3305 1065 3370 In
1097 3328 1229 3393 quo
1249 3304 1424 3369 facto
1449 3304 1631 3369 Deus
1652 3304 1940 3390 graciose
1961 3304 2140 3393 egit:
2175 3328 2321 3370 nam
2346 3304 2569 3371 decem

259 3389 372 3457 vel
421 3392 766 3459 duodecim
803 3391 1112 3471 homines,
1158 3414 1280 3477 pro
1309 3391 1715 3458 extinccione
1746 3392 1909 3477 ignis
1939 3390 2109 3456 inter
2138 3392 2313 3478 ligna
2341 3393 2575 3458 arden-

257 3478 362 3543 tia
401 3480 792 3558 laborantes,
831 3493 900 3545 et
929 3478 1194 3566 plumbo
1225 3478 1572 3566 liquefacto
1602 3479 1863 3566 perfusi,
1894 3493 1963 3545 et
1993 3478 2148 3544 dicti
2181 3480 2296 3546 toli
2326 3479 2571 3545 facibus

255 3566 646 3632 cadentibus
695 3569 852 3632 tacti
899 3580 968 3633 et
1001 3565 1313 3667 percussi,
1345 3579 1718 3631 manserunt
1747 3566 1951 3633 illaesi.
2043 3566 2132 3632 Et
2158 3568 2250 3632 sic
2324 3566 2575 3633 recibus

253 3653 544 3741 populi,‘
563 3653 676 3740 qui
720 3652 787 3718 in
835 3653 1250 3719 multitudine
1297 3675 1531 3737 magna
1557 3653 1640 3718 ad
1673 3654 1795 3719 hoc
1827 3654 2253 3730 confluxerat,
2278 3590 2433 3719 geo
2463 3676 2580 3720 an-

257 3755 530 3818 nuente,
584 3740 716 3806 cito
761 3753 912 3825 post
959 3740 1184 3805 horam
1232 3740 1505 3827 primam
1554 3753 1701 3825 post
1732 3741 2061 3806 meridiem
2095 3742 2259 3827 ignis
2290 3741 2579 3807 totaliter

257 3842 368 3892 est
412 3827 777 3905 extinctus3
823 3840 892 3891 et
937 3849 1131 3912 super
1160 3827 1306 3906 hoc,
1337 3850 1567 3915 ymnus
1608 3830 1696 3893 Te
1728 3830 1933 3894 Deum
1959 3830 2289 3894 &adamus
2318 3851 2357 3893 a
2386 3830 2574 3894 nobis

257 3930 336 3980 et
384 3914 802 3979 multitudine
854 3915 1076 4000 populi
1121 3914 1530 3980 devotissime
1575 3914 1696 3979 fuit
1743 3915 2119 3981 decantatus
2132 3938 2151 3992 3
2182 3914 2333 4003 qnia
2362 3914 2577 3979 nullus

260 4016 388 4081 est,
440 4004 551 4089 qui
601 4001 728 4067 hoc
779 4001 1022 4067 factum
1073 4004 1346 4088 propriis
1387 4002 1589 4067 oculis
1632 4001 1817 4079 vidit,
1863 4004 2020 4088 quin
2066 4002 2445 4066 miraculose
2474 4023 2577 4066 re-

258 4102 486 4175 putat,
535 4089 714 4176 quod
764 4110 897 4153 non
949 4102 1161 4153 totum
1210 4089 1591 4174 campanile,
1641 4102 1710 4153 et
1756 4109 1839 4153 ex
1868 4088 2279 4171 consequenti
2310 4086 2576 4153 ecclesia

259 4199 416 4242 cum
466 4175 766 4240 domibus
809 4176 1188 4261 conjunctiS,
1234 4190 1559 4241 tantarum
1597 4174 1995 4241 flammarum
2027 4173 2326 4239 incendio
2356 4172 2577 4239 suisset

259 4264 706 4329 combustum.
801 4264 1091 4330 Scient'es
1118 4264 1294 4350 quod
1326 4263 1509 4328 dicta*
1528 4262 1817 4348 superior
1845 4283 1991 4346 pars
2014 4260 2380 4347 campanilis
2404 4283 2581 4326 com-

259 4352 462 4419 busta
502 4350 798 4416 continet
841 4352 902 4414 in
947 4350 1372 4436 longitudine,
1413 4364 1487 4415 ut
1518 4350 1761 4416 dictum
1789 4362 1908 4428 est,
1940 4350 2293 4413 secundnm
2326 4349 2582 4414 estima-

263 4440 550 4519 cionem,
600 4460 961 4503 mensnram
1008 4438 1232 4523 viginti
1263 4438 1527 4525 pedum.
1644 4436 1731 4502 Et
1761 4436 2273 4503 dominacionem
2304 4449 2577 4502 vestram
