3000 5117
755 476 1170 529 Arrnumx.
1211 478 1398 527 ANN.
1437 478 1778 530 Mcccxc.
2286 454 2429 533 clxi

157 641 306 705 sibus
347 638 676 717 lanienter,
723 652 1086 725 satagamus
1134 654 1367 705 nostroe
1412 640 1835 726 protecciouis
1880 640 2229 707 munimine
2272 664 2426 707 con-

155 730 370 793 fovere.
489 729 654 792 Cum
687 729 922 827 itaque,
959 726 1125 791 sicut
1169 730 1549 812 accepimus,
1582 728 1841 816 quidam
1875 727 2225 817 iniquitatis
2259 728 2425 793 filius

157 816 212 878 in
252 816 572 880 ecclesiam
613 830 814 879 sancti
855 814 1134 879 Andreoe
1164 813 1230 879 in
1265 815 1515 892 Scocia,
1549 838 1667 900 per
1694 815 2179 902 dampnacionis
2218 818 2425 883 filium

161 902 488 967 Robertum
553 902 708 967 olim
777 901 1072 966 Basilicae
1119 922 1222 965 xu
1278 902 1713 987 apostolorum
1773 904 1945 988 pm·
2005 904 2417 983 cardinalem,

153 1012 304 1053 nunc
335 989 744 1074 Antipapam,
778 991 888 1076 qui
939 1010 1008 1052 se
1045 988 1444 1053 Clementem
1477 1012 1635 1055 ausu
1666 990 1975 1075 sacrilego
2006 995 2316 1071 nominat,
2348 1014 2419 1057 se

149 1080 608 1163 presumpcione
640 1076 1031 1159 dampnabili
1062 1076 1502 1162 procuraverit
1534 1090 1601 1142 et
1628 1076 1853 1142 fecerit
1884 1077 2143 1165 intrudi,
2178 1093 2245 1145 et
2274 1100 2417 1145 eam

149 1165 370 1229 detinet
410 1164 696 1229 indebite
739 1178 1137 1247 occupatam,
1171 1179 1240 1227 et
1285 1163 1348 1226 in
1392 1162 1631 1229 diocesi
1680 1164 1883 1230 sancti
1928 1166 2233 1245 Andreae,
2312 1188 2415 1231 uae

149 1264 260 1315 tuae
299 1250 530 1317 diocesi
563 1250 988 1315 Dunelmensi
1034 1249 1337 1335 contigua
1365 1265 1484 1329 est,
1522 1250 1671 1317 villa
1714 1268 1783 1316 et
1832 1266 2109 1316 castrum
2141 1254 2223 1319 de
2318 1276 2417 1319 er-

147 1340 290 1423 wyk,
321 1360 435 1404 nec
481 1360 611 1403 non
657 1356 828 1403 terra
863 1336 1309 1421 Rokesburgh,
1343 1352 1412 1403 et
1453 1338 1657 1404 eciam
1687 1339 1983 1425 quaedam
2012 1340 2300 1405 ecclesiae
2346 1352 2413 1406 et

147 1426 236 1509 pia
260 1427 391 1490 loca
417 1426 792 1503 consistant,
822 1446 972 1512 quae
999 1424 1256 1511 quidem
1295 1424 1458 1502 villa,
1492 1440 1793 1503 castrum,
1827 1438 1891 1490 et
1917 1441 2108 1504 terra,
2142 1429 2263 1493 sub
2291 1427 2412 1492 do-

147 1513 316 1577 minio
364 1514 698 1600 temporali
747 1512 1062 1576 karissimi
1113 1510 1178 1575 in
1213 1511 1473 1577 Christo
1528 1513 1645 1575 filii
1691 1513 1891 1577 nostri
1930 1512 2191 1579 Ricardi
2238 1514 2411 1601 regis

155 1600 376 1683 Angliae
403 1604 715 1677 existunt,
749 1614 812 1664 et
854 1622 1123 1686 quorum
1171 1598 1428 1685 quidem
1483 1600 1671 1678 villae,
1705 1603 1915 1678 castri,
1947 1623 2022 1665 ac
2055 1617 2261 1681 terroe,
2293 1602 2413 1669 lta-

146 1686 416 1752 bitatores
434 1704 499 1754 et
515 1688 766 1764 iucolae,
791 1709 1040 1752 necnon
1057 1708 1349 1771 personae
1367 1686 1889 1753 ecclesiasticaein
1908 1688 2193 1753 ecclesiis
2213 1702 2409 1777 atque

185 1772 244 1835 iis
283 1774 429 1839 locis
475 1774 838 1860 hujusmodi
881 1774 1190 1861 degentes
1235 1786 1537 1861 tanquam
1568 1775 1919 1861 prudentes
1950 1789 2014 1839 et
2045 1776 2265 1841 devoti
2295 1776 2412 1841 filii
2452 1834 2470 1851 ‚

205 1883 431 1926 omanae
459 1861 771 1940 ecclesiae,
803 1860 1029 1926 intrusi
1079 1861 1332 1946 praefati
1363 1862 1553 1948 eique
1584 1862 2040 1926 adherencium
2072 1876 2140 1929 et
2187 1862 2412 1929 faven-

146 1947 286 2011 cium
316 1948 374 2012 in
426 1951 546 2015 hac
577 1963 761 2035 parte
811 1948 1146 2013 consorcia
1174 1948 1511 2033 fugientes,
1541 1949 1730 2014 nobis
1760 1963 1827 2014 et
1856 1948 2069 2015 eidem
2120 1952 2409 2017 ecclesias

147 2034 380 2102 firmiter
427 2039 695 2103 credere
723 2050 792 2101 et
829 2035 1094 2101 obedire
1139 2035 1609 2113 dinoscuntur;
1652 2058 1765 2101 nos
1796 2037 2201 2103 attendentes
2232 2040 2409 2126 quod

147 2136 224 2200 tu,
263 2124 416 2189 sicut
443 2146 796 2211 speramus,
830 2123 1072 2188 incolas
1101 2138 1169 2187 et
1211 2122 1604 2187 habitatores
1632 2138 1827 2211 atque
1856 2146 2161 2209 personas
2191 2126 2297 2213 huj
2308 2150 2409 2192 us-

145 2210 294 2275 modi
333 2234 414 2277 ne
455 2210 1236 2296 dicto...persuasionibus
1282 2210 1490 2295 pravis
1522 2210 1767 2276 inducti
1797 2213 1896 2277 vel
1926 2212 2199 2291 seducti,
2233 2214 2409 2302 quod

145 2299 302 2376 absit,
333 2300 706 2377 adhereant,
737 2311 806 2363 et
835 2298 990 2363 alias
1019 2320 1060 2363 a
1087 2298 1298 2363 noxiis
1329 2320 1676 2376 reservare,
1710 2320 1787 2363 ac
1833 2300 2033 2364 eciam
2062 2301 2404 2389 plerosque

147 2384 280 2449 alios
327 2387 616 2452 homines
669 2389 734 2451 in
787 2384 1134 2450 convicinis
1182 2386 1468 2471 partibus
1522 2384 1847 2463 durantes,
1882 2388 1991 2474 qui
2022 2388 2233 2452 eidem
2272 2390 2407 2455 Ro-

60 2530 62 2537 .
145 2470 302 2537 berto
329 2473 843 2559 dampnabiliiter
870 2472 1198 2538 adhaerere
1229 2486 1296 2537 et
1333 2473 1551 2537 favere
1582 2488 1979 2558 presumunt,
2013 2497 2053 2540 a
2081 2475 2225 2541 labe
2255 2478 2406 2541 scis-

148 2559 304 2623 matis
345 2563 684 2646 proesentis
794 2584 876 2625 ua
916 2559 1190 2645 respersi
1231 2573 1607 2639 noscuntur,
1655 2582 1981 2640 revocare,
2023 2585 2275 2628 necnon
2319 2566 2407 2630 ad

146 2647 402 2713 semitam
453 2662 703 2715 rectam
797 2648 1026 2732 irigere
1071 2661 1264 2747 atque
1295 2648 1627 2725 reducere,
1662 2649 1934 2714 dextera
1965 2648 2236 2716 Domini
2286 2651 2403 2718 tibi

145 2734 440 2802 assistente
485 2736 796 2823 propicia,
829 2750 897 2801 et
945 2734 1284 2799 salubriter
1335 2735 1402 2798 in
1453 2735 1679 2801 eadem
1720 2737 1951 2802 semita
1980 2738 2221 2822 poteris
2251 2760 2405 2803 con-

145 2842 378 2903 servare,
412 2840 477 2891 et
523 2838 723 2913 prout
771 2840 989 2887 nostra
1037 2822 1360 2908 praecipue
1409 2844 1603 2907 super
1642 2823 1761 2887 hiis
1796 2824 2036 2889 utiliter
2066 2825 2406 2911 providere

145 2910 418 2991 volentes,
451 2912 572 2977 tibi
597 2926 666 2975 et
683 2910 1150 2975 successoribus
1181 2908 1324 2987 tuis,
1351 2909 1667 2995 episcopis
1695 2910 2257 2993 Dunelmensibus,
2291 2918 2401 3002 qui

144 3016 240 3079 pro
265 3014 545 3085 tempore
579 2998 836 3076 suerint,
887 2997 1158 3062 durante
1209 2998 1507 3061 scismate
1555 2998 1845 3081 praefato,
1880 3012 1947 3063 et
1998 2999 2203 3065 donec
2235 3024 2401 3085 prae-

145 3082 304 3149 dictae
331 3088 409 3151 de
436 3084 764 3152 catholico
793 3085 1098 3171 episcopo
1125 3085 1480 3169 apostolica
1514 3086 1903 3149 auctoritate
1926 3087 2231 3153 canonice
2262 3088 2401 3153 fue-

145 3171 210 3234 rit
235 3194 366 3239 cum
397 3175 636 3239 effectu
667 3172 1014 3257 provisum,
1050 3176 1115 3235 in
1147 3172 1316 3250 villa,
1349 3186 1577 3249 castre,
1612 3186 1800 3249 terra,
1820 3172 2119 3251 ecclesiis,
2146 3190 2213 3240 et
2242 3174 2403 3241 locis

143 3260 408 3339 praefatis,
441 3276 508 3326 et
535 3261 610 3325 in
655 3260 1044 3348 quibuslibet
1081 3259 1326 3337 castris,
1363 3259 1570 3337 terris,
1606 3258 1785 3337 villis,
1818 3272 2013 3348 atque
2043 3261 2224 3340 locis,
2253 3285 2403 3350 quae

147 3364 238 3408 rex
277 3348 336 3412 in
405 3347 654 3414 diocesi
727 3348 1016 3433 praefata,
1077 3348 1372 3411 scismate
1431 3359 1729 3432 presente
1786 3347 2063 3413 durante
2118 3349 2403 3415 fortassis

145 3434 412 3517 acquiret,
442 3436 840 3522 spiritualem
867 3447 934 3499 et
963 3434 1369 3499 diocesanam
1412 3446 1546 3520 tam
1576 3434 1861 3518 personis
1890 3457 2081 3523 quam
2112 3436 2177 3499 in
2208 3438 2401 3503 rebus

138 3517 616 3599 jurisdiccionetn
663 3522 1028 3598 exercendi,
1077 3535 1272 3606 prout
1305 3520 1649 3607 episcopus
1694 3521 1897 3587 sancti
1948 3523 2230 3589 Andreae
2281 3548 2404 3611 pro

147 3618 392 3693 tempore
435 3609 730 3675 existens
771 3608 942 3673 illam
989 3630 1294 3673 exercere
1337 3621 1549 3693 potest
1592 3620 1661 3672 et
1690 3608 1912 3686 debet,
1947 3610 2030 3675 de.
2060 3628 2406 3679 consuetu-

147 3691 268 3757 dine
293 3698 384 3761 vel
413 3699 500 3763 de
519 3700 694 3783 jure,
725 3696 1234 3761 contradictores
1264 3716 1521 3782 quoque
1550 3716 1666 3779 per
1709 3716 2044 3761 censuram
2074 3699 2405 3765 ecclesias-

149 3780 324 3861 ticam,
369 3784 812 3871 appellatione
863 3782 1240 3870 postposita,
1293 3782 1762 3867 compescendi,
1820 3804 1947 3847 non
1998 3784 2403 3852 obstantibus

148 3868 612 3959 quibuscumque
683 3871 1048 3958 privileg-iia,
1119 3868 1563 3953 indulgenciis,
1626 3883 1694 3933 et
1754 3869 1953 3934 literis
2011 3872 2399 3954 apostolicis,

145 3954 532 4037 spiritualibus
562 3958 658 4022 vel
813 3959 1108 4035 eralibus,
1133 3955 1518 4034 hominibus,
1540 3956 1718 4035 locis,
1745 3970 1856 4020 aut
1878 3958 2162 4041 personis
2180 3958 2289 4044 huj
2300 3982 2405 4023 us-

147 4044 288 4107 modi
333 4046 414 4111 ab
465 3980 822 4133 apostoffi
885 4044 1038 4110 sede
1095 4046 1436 4121 concessis,
1497 4064 2046 4130 quorumcumque
2106 4058 2403 4111 tenorum

145 4131 254 4194 exis
261 4179 440 4204 .......
439 4157 524 4221 pe
526 4157 580 4211 r,
611 4154 758 4223 quoe
789 4132 1190 4219 presentibus
1217 4152 1349 4195 non
1371 4151 1675 4215 expressa
1696 4131 1799 4194 vel
1830 4130 2119 4195 totaliter
2146 4154 2278 4196 non
2307 4135 2407 4198 in.

144 4232 284 4284 terta
317 4222 580 4287 effectus
625 4242 844 4286 earum
883 4218 1176 4305 impediri
1217 4216 1429 4283 valeat
1473 4216 1959 4302 quomodolibet
2002 4216 2105 4283 vel
2134 4218 2397 4300 deferri,

145 4326 263 4391 quae
303 4308 470 4395 quod
519 4308 604 4373 ad
633 4309 758 4373 boc
787 4310 882 4375 eis
909 4331 1036 4372 v...
1081 4306 1484 4393 aliquatenus
1514 4303 1864 4389 suffragari,
1920 4326 2035 4369 seu
2064 4304 2118 4369 si
2148 4305 2401 4387 incoliS,

211 4486 236 4511 ⁸
263 4480 375 4536 The
397 4483 596 4552 margia
619 4484 662 4536 is
685 4480 1018 4550 occasionally
1037 4478 1193 4551 pared
1216 4495 1360 4548 away
1386 4481 1456 4547 by
1483 4480 1576 4532 the
1598 4476 1740 4533 knile
1763 4478 1823 4533 of
1837 4495 1867 4533 s
1889 4478 2103 4534 mmlern
2122 4478 2325 4533 hindar.

1217 4567 1262 4611 1..
