3000 5117
1106 484 1530 538 APPEme.
2317 463 2460 535 xvii

170 662 289 744 gio,
322 654 657 742 pasnagio,
676 646 943 725 tolnei0,
968 647 1282 733 passagio,
1310 646 1540 710 hundr'
1566 644 1866 723 tridenes,
1893 656 1962 709 et
1985 654 2452 729 wapentacoes,

172 762 236 811 et
278 743 567 809 omnibus
624 735 876 803 caeteris
934 732 1528 811 consuetudinibus,
1588 755 1736 819 quae
1788 732 1874 796 ad
1933 754 2038 795 me
2099 732 2450 817 pertinent.

180 830 609 916 Prohibeoque
642 848 723 889 ne
752 822 1019 887 omnino
1049 821 1379 906 placitent,
1412 835 1528 885 aut
1558 818 1746 883 alicui
1778 820 2230 903 respondeant,
2263 818 2348 885 de
2379 841 2451 885 re

174 934 273 983 aut
300 934 525 982 tenura
554 915 635 979 de
666 934 797 1000 qna
824 908 1041 973 vestiti
1074 908 1175 972 vel
1202 906 1400 971 saisiti
1424 907 1685 984 fuerint,
1713 928 1904 991 super
1927 905 2255 971 forisfacto
2277 929 2448 971 mee.

178 1007 331 1070 Haec
370 1023 549 1067 carta
594 998 972 1066 confirmata
1009 1008 1105 1059 est
1151 1016 1321 1058 anno
1352 1001 1588 1057 x⁰v111⁰
1618 993 1800 1077 regni
1829 992 1975 1071 mei,
2009 1015 2202 1081 quam
2231 1007 2298 1058 et
2327 1016 2450 1079 ego

172 1093 295 1177 ipse
342 1090 487 1155 Rex
540 1086 795 1172 Angliae
846 1082 1265 1148 Gwillielmus
1310 1080 1570 1165 propria
1613 1102 1804 1145 manu
1853 1102 1998 1144 mea
2027 1081 2212 1165 signo
2241 1103 2456 1145 sacro-

176 1193 391 1243 sanctae
448 1174 657 1241 crucis
712 1168 999 1255 impressi
1059 1182 1126 1235 et
1178 1166 1578 1245 confirmavi,
1633 1188 1852 1231 coram
1907 1166 2448 1252 ArchiepiscopiS,

180 1264 509 1351 Epioeopis,
551 1259 937 1334 Abbatibus,
970 1254 1369 1332 ,iusticia-iis,
1407 1254 1790 1331 comitibus,
1821 1266 1892 1318 et
1921 1253 2216 1318 omnibus
2251 1255 2454 1319 Baro-

173 1353 341 1417 nibus
388 1350 575 1425 meis,
634 1350 699 1411 in
758 1343 1055 1410 Concilio
1101 1364 1247 1407 meo
1298 1342 1471 1426 apud
1533 1339 2224 1416 Westmonasoerium3
2285 1344 2453 1405 sicut

172 1438 455 1523 praefatus
512 1437 699 1521 Papa
762 1432 1119 1514 Gregorius
1171 1449 1270 1493 vn
1324 1450 1439 1514 per
1492 1427 1886 1513 Episcopum
1945 1425 2452 1493 Dunelmensern

182 1524 614 1590 Gwillielmum
682 1520 837 1585 mihi
880 1517 960 1588 ‚in
1019 1515 1463 1581 remissionem
1529 1530 1947 1599 peccatorum
2005 1536 2298 1580 meorum
2357 1514 2452 1578 in-

161 1612 387 1693 junxit.

336 1783 609 1872 Signum
640 1796 703 1847 ⁴-
733 1776 1104 1846 Gwinielmi
1146 1774 1361 1861 Regis..

324 1875 600 1959 Signum
635 1876 700 1931 4·
732 1863 1075 1931 Lanfranci
1103 1862 1589 1947 archiepiscopi.

324 1961 603 2044 Signum
637 1960 702 2015 4·
736 1952 1011 2016 Thomae
1042 1950 1526 2035 archiepiscopi.

324 2044 603 2127 siguum
632 2044 699 2111 -i-
730 2037 1103 2105 Gwinielmi
1139 2034 1596 2102 Dunelmensis
1627 2032 1954 2119 Episcopi.

328 2133 603 2215 Signum
636 2139 701 2192 ÷
733 2124 987 2191 Odonis
1018 2122 1321 2209 episcopi.

331 2217 603 2305 Signum
636 2224 701 2282 4
739 2211 1087 2276 Hereberti
1116 2209 1417 2295 episcopi.

338 2306 612 2388 Signum
639 2312 704 2365 4-
736 2298 903 2362 AElsi
934 2296 1207 2361 abbatis.

332 2392 605 2474 Signum
638 2390 705 2445 -Ι-
742 2384 1045 2450 Scolandi
1077 2384 1353 2451 abbatis.

332 2478 607 2561 Signum
641 2481 707 2536 4-
740 2474 805 2537 T
809 2472 1064 2535 nrketin
1096 2472 1368 2537 abbatis.

328 2565 607 2648 Signum
638 2559 913 2627 Turoldi
944 2566 1011 2617 4
1040 2558 1311 2625 abbatiS.

328 2652 607 2735 Signum
640 2657 705 2710 4
746 2647 1073 2713 Gisebriet
1102 2647 1183 2710 de
1218 2647 1421 2710 Gant.

332 2738 605 2822 Signum
645 2733 942 2819 Hugonis
974 2740 1041 2791 -4-
1072 2732 1344 2796 comitis.

328 2823 607 2908 Signum
642 2828 709 2880 ÷
752 2822 1040 2888 Ursonis.

328 2911 611 2999 Signum
644 2915 711 2969 -ὗ-
750 2906 1073 2972 willielmi
1102 2901 1443 2990 capellani.

330 3278 477 3321 vul.
530 3277 753 3321 CARTA
808 3278 884 3320 W·
945 3276 1149 3319 REGlS
1193 3270 1398 3317 anl
1448 3270 1538 3312 DE
1569 3262 2156 3312 coNFmMAclom!
2186 3262 2294 3305 u-

334 3364 719 3407 BBRTATUM
770 3363 947 3413 QUAS
980 3362 1059 3410 W.
1113 3358 1486 3405 Episcopus
1538 3356 1751 3399 DEm'r
1803 3351 2157 3397 monacum
2207 3348 2292 3393 ΕΤ

336 3450 424 3494 1)ss
460 3450 1047 3496 conrlssmaclouss
1080 3443 1766 3492 AnculmacoNA'rUS.

1056 3568 1237 3633 [Cart.
1260 3566 1309 3617 1.
1335 3562 1368 3615 f.
1394 3567 1459 3613 45
1486 3564 1564 3629 bd

260 3684 647 3751 willielmus
704 3685 831 3751 Dei
886 3686 1105 3773 gracia
1156 3685 1302 3748 Rex
1350 3679 1736 3765 Anglorum⁹
1785 3674 2082 3740 omnibus
2123 3670 2469 3757 episcopis,

184 3770 533 3851 baronibus,
581 3788 651 3837 et
694 3772 995 3837 ministris
1040 3786 1105 3837 et
1134 3768 1506 3835 hominibus
1537 3768 1665 3831 suis
1697 3786 1812 3848 per
1847 3758 2172 3848 Angiiam,
2214 3756 2473 3820 Francis

186 3871 244 3920 et
290 3859 530 3943 Anglis,
582 3859 881 3924 salutem.
978 3858 1227 3923 Notum
1268 3858 1353 3919 sit
1398 3852 1580 3917 nobis
1611 3874 1714 3916 me
1744 3846 2131 3914 concessisse
2169 3842 2377 3907 Priori
2409 3858 2478 3905 et

192 3942 515 4012 Monachis
559 3948 767 4013 sancti
803 3946 1149 4011 Cuthberti
1176 3964 1401 4007 omnes
1448 3940 1776 4003 libertates
1823 3950 1889 3999 et
1941 3928 2466 4004 consuetudines,

186 4052 325 4116 quas
377 4033 593 4122 Reges
640 4033 891 4120 antiqui
943 4032 1303 4115 Anglorum
1362 4025 1666 4092 ministris
1709 4039 1779 4087 et
1820 4017 2252 4085 servientibus
2282 4013 2480 4098 ipsius

194 4120 393 4182 Sancti
438 4136 917 4197 concesserunt,
964 4142 1035 4183 re
1128 4120 1331 4181 irente
1375 4130 1444 4179 et
1486 4110 1893 4177 concedente
1950 4104 2078 4168 hoc
2119 4102 2296 4166 idem
2363 4101 2478 4165 W..

194 4202 599 4271 Dunelmensi
634 4208 983 4292 Episcopo.
1136 4219 1164 4268 t
1192 4203 1341 4267 volo
1371 4216 1436 4266 et
1468 4196 1778 4285 praecipio
1825 4207 1897 4258 ut
1929 4212 2155 4257 omnes
2187 4204 2384 4254 terras
2413 4200 2483 4269 et

192 4292 489 4371 ecclesius,
523 4316 681 4381 quas
712 4294 955 4359 habent
994 4314 1109 4377 per
1138 4312 1408 4374 regnum
1444 4306 1682 4362 meum,
1718 4282 2000 4348 habeant
2021 4278 2091 4342 in
2123 4276 2328 4341 libera
2357 4273 2484 4337 dis-

194 4377 503 4460 posicione
532 4404 649 4445 sua
672 4404 692 4457 ;
738 4382 830 4446 ita
858 4393 932 4444 ut
962 4378 1173 4443 nullus
1197 4400 1267 4441 se
1297 4376 1379 4439 de
1412 4374 1559 4459 ipsis
1583 4368 1996 4445 intromittat,
2033 4363 2154 4430 nisi
2187 4385 2301 4449 per
2329 4384 2486 4425 con-

196 4485 431 4531 sensum
482 4482 552 4533 et
602 4468 937 4533 licenciam
987 4488 1237 4530 eornm.
1334 4462 1465 4526 Sed
1515 4474 1586 4525 et
1628 4454 2228 4522 archidiaconatum
2273 4446 2484 4516 Priori

1238 4570 1282 4613 Β
