3000 5117
567 428 752 502 cxliv
1039 448 1246 501 msr.
1283 446 1645 501 DUNELM.
1688 446 2153 499 selum-onss
2192 448 2401 509 mss.

561 609 911 695 privilegiis
941 609 1262 694 regalibus
1303 606 1655 693 insignitae,
1703 628 1821 693 per
1866 606 2189 675 ministros
2218 628 2367 675 snos
2396 624 2873 690 exercuerunt3

559 696 761 782 quod,
803 696 857 761 si
909 696 1122 774 fieret,
1177 696 1244 759 in
1295 698 1791 760 enervacionem
1836 695 2318 779 privilegiorum
2370 699 2769 776 eorundem,
2801 720 2873 763 ac

561 783 933 847 libertatum
974 781 1255 867 glorioso
1309 782 1685 847 Confessori
1736 794 1983 845 sancto-
2022 782 2392 850 cuthberto
2450 784 2869 871 ecclesiaeque

562 868 994 933 Dunelmensi
1045 890 1160 954 per
1211 869 1659 954 progenitores
1702 880 1956 932 nostros
2000 870 2327 955 quondam
2370 891 2555 955 reges
2606 872 2869 954 Angliae

560 954 966 1021 devotissime
995 976 1462 1033 concessorum,
1494 974 1717 1019 verum
1748 954 1951 1019 eciam
1975 954 2039 1017 in
2070 956 2643 1041 perturbacionem
2676 957 2867 1022 totius

559 1042 781 1127 populi
815 1042 1240 1128 Episcopatus
1291 1055 1361 1107 et
1413 1042 1745 1107 dioceseos
1780 1040 2238 1106 Dunelmeusis
2282 1056 2351 1109 et
2378 1043 2724 1109 audaciam
2756 1043 2873 1107 ini-

558 1127 871 1193 micorum
903 1142 1269 1195 nostrorum
1299 1127 1741 1193 marchearum
1794 1128 2067 1206 Scociae,
2089 1128 2329 1194 eisdem
2362 1129 2774 1216 episcopatui
2802 1144 2867 1195 et

556 1214 799 1279 diocesi
829 1214 1201 1294 vicinarum,
1233 1212 1631 1299 insurgendi,
1680 1234 1757 1279 ac
1800 1213 2183 1293 invasiones,
2216 1228 2283 1279 et
2312 1216 2439 1281 alia
2466 1216 2767 1281 facinora
2804 1230 2869 1281 et

556 1300 968 1367 incommoda
989 1301 1176 1366 nobis
1197 1314 1266 1366 et
1287 1302 1535 1387 populo
1556 1312 1777 1365 nostro
1796 1300 2083 1385 parcium
2107 1301 2561 1385 praedictarum
2584 1302 2865 1367 faciendi

559 1386 822 1452 cederet
844 1386 1198 1465 manifeste,
1219 1402 1285 1453 et
1314 1386 1440 1452 alia
1469 1387 1749 1471 dampna
1770 1384 2067 1475 graviora
2098 1385 2249 1452 inde
2278 1403 2535 1473 possent
2566 1391 2864 1473 generari

557 1472 626 1537 in
655 1474 938 1538 futurum
965 1496 984 1549 3
1021 1472 1160 1539 Nos
1182 1473 1358 1561 [qui]
1388 1494 1615 1559 pacem
1634 1485 1701 1537 et
1730 1473 2263 1559 tranquillitatem
2295 1476 2533 1562 ubique
2564 1476 2633 1539 in
2668 1498 2865 1559 regno

555 1572 782 1624 nostro
811 1560 1154 1625 confovere
1185 1579 1502 1637 tenemur,
1548 1558 1703 1624 talia
1730 1559 2009 1624 tolerare
2038 1561 2351 1639 nolentes,
2384 1562 2565 1626 vobis
2614 1563 2871 1626 distric-

559 1646 708 1723 tius,
741 1667 873 1731 quo
894 1646 1269 1732 poterimus,
1293 1646 1567 1711 firmiter
1582 1647 1979 1733 injungendo
2007 1647 2405 1726 mandamus,
2439 1648 2627 1734 quod
2651 1649 2864 1735 aliqua

559 1754 709 1819 quae
750 1732 818 1796 in
864 1732 1352 1797 enervacionem
1397 1733 1767 1798 libertatum
1815 1744 1881 1797 et
1926 1732 2427 1817 privilegiorum,
2462 1756 2575 1799 seu
2612 1750 2863 1820 pertur-

559 1818 898 1885 bacionem
926 1820 1172 1905 populo
1202 1819 1304 1884 vel
1331 1819 1671 1885 audaciam
1700 1840 1813 1884 seu
1858 1820 2145 1885 solamen
2174 1820 2577 1886 inimicorum
2614 1821 2865 1906 predic·-

559 1918 795 1983 torum,
847 1906 1078 1971 cedere
1109 1905 1386 1985 valeant,
1441 1906 1805 1971 nullatenus
1856 1906 2274 1991 attemptetis,
2324 1930 2435 1972 seu
2486 1910 2859 1992 attemptari

561 1992 662 2057 vel
708 1992 848 2055 fieri
894 1992 1271 2077 procuretis.
1396 1992 1486 2057 Et
1516 1993 1566 2056 si
1590 1991 1748 2081 quid
1778 2006 2232 2078 attemptatum
2263 1994 2363 2058 vel
2388 1994 2635 2059 factum
2672 1994 2864 2059 suerit

559 2076 626 2141 in
655 2076 1018 2164 praemissis,
1049 2078 1116 2142 id
1145 2080 1282 2143 sine
1299 2078 1623 2144 dilacione
1651 2079 1921 2143 omnino
1947 2081 2237 2144 revocari
2266 2080 2512 2144 faciatis
2537 2103 2558 2157 ς
2590 2081 2861 2145 scientes

560 2185 682 2249 pro
709 2182 908 2243 certo,
941 2166 1118 2251 quod
1147 2166 1200 2228 si
1230 2186 1410 2229 secus
1440 2164 1743 2243 feceritiS,
1775 2164 1939 2230 sicut
1970 2165 2039 2229 id
2074 2188 2191 2251 per
2222 2188 2333 2229 vos
2364 2188 2485 2231 nec
2515 2189 2637 2251 per
2666 2167 2858 2230 alium

559 2250 1282 2401 quemcumquzquavis
1313 2252 1697 2317 auctoritate
1728 2251 1869 2316 fieri
1898 2266 2367 2329 contentamur,
2401 2274 2514 2316 vos
2544 2266 2856 2339 tanquam

561 2336 897 2402 literarum
921 2358 1000 2422 pr
1106 2338 1375 2402 ictarum
1405 2338 1883 2424 impetratorem
1905 2339 2226 2425 hujusque
2256 2339 2770 2424 perturbacionis
2800 2353 2860 2402 et

559 2424 848 2489 audaciae
877 2423 1424 2489 occacionatorem
1458 2446 1537 2489 ac
1578 2436 2109 2508 cotemptatorem
2140 2425 2593 2489 mandatorum
2628 2438 2697 2489 et
2732 2425 2857 2489 vio-

559 2510 836 2575 latorem
865 2510 1038 2594 pacis
1067 2524 1402 2575 notrorum
1431 2510 1732 2595 castigari
1764 2510 2058 2576 volumus
2082 2525 2149 2576 et
2177 2511 2411 2596 puniri.
2502 2510 2709 2576 Teste
2756 2532 2859 2573 me

558 2595 701 2681 ipso
759 2596 933 2681 apud
995 2596 1645 2661 westmonasterium
1678 2618 1697 2671 3
1773 2595 1905 2681 xvij
1983 2595 2091 2662 die
2150 2598 2383 2662 mensis
2434 2598 2477 2663 J
2482 2597 2618 2674 ulii,
2692 2618 2856 2661 anno

560 2681 744 2767 regni
777 2681 977 2746 nostri
1014 2682 1270 2767 Angliae
1316 2681 1869 2770 quinquages1m0‚
1916 2682 2096 2767 regni
2126 2706 2284 2748 vero
2328 2684 2531 2749 nostri
2570 2683 2625 2747 F
2624 2682 2852 2751 ranciae

563 2767 884 2833 tricesimo
905 2768 1202 2853 septimo.

739 3155 994 3203 cxxvu.
1073 3151 1502 3197 DEPRzANcm
1570 3150 1929 3195 JonANms·
1984 3149 2074 3193 DE
2136 3149 2392 3195 NEVILL
2452 3150 2683 3196 summ

737 3238 1307 3291 QUAnnmc-ENTIS
1405 3237 1641 3283 umus
1744 3238 1882 3284 PRO
1981 3234 2329 3281 CANTAmA
2422 3238 2487 3282 R.
2589 3238 2682 3282 DE

735 3326 1016 3375 navum.

1454 3443 1616 3509 [neg.
1640 3440 1717 3491 11.
1745 3439 1859 3497 184.
1880 3440 1961 3507 u]

647 3559 966 3626 Omnibus
1020 3558 1102 3623 ad
1133 3580 1294 3645 qnos
1322 3580 1606 3644 praesens
1636 3557 1943 3642 scriptum
1972 3556 2358 3641 pervenerit,
2390 3554 2725 3620 Johannoe
2768 3552 2847 3616 de

561 3643 803 3724 Nevin,
855 3647 1178 3713 Dominus
1225 3644 1309 3709 de
1361 3645 1551 3729 Raby
1594 3644 1798 3720 miles,
1853 3641 2123 3706 salutem
2168 3642 2237 3705 in
2281 3641 2592 3706 Domino.
2684 3641 2847 3705 Cum

560 3732 748 3798 Prior
797 3744 866 3797 et
900 3734 1274 3797 Conventus
1330 3728 1784 3795 Dunelmensis
1834 3750 1953 3816 per
1979 3728 2113 3793 duo
2142 3727 2379 3813 scripta
2405 3749 2521 3793 sua
2550 3740 2851 3791 tenentur

558 3817 752 3885 michi
783 3819 846 3882 in
869 3817 1352 3906 quadringentis
1381 3816 1562 3881 libris
1586 3813 1854 3901 argenti,
1888 3814 1973 3878 ad
1991 3830 2233 3879 certum
2258 3828 2515 3901 ternpus
2532 3810 2845 3877 solvendis

556 3919 754 3992 prout
784 3905 849 3970 in
879 3906 1118 3971 eisdem
1148 3902 1401 3990 scriptis
1431 3902 1643 3987 sigillo
1670 3923 1791 3965 suo
1820 3900 2143 3965 communi
2174 3900 2569 3989 consignatis
2600 3898 2845 3985 plenius

555 3993 962 4068 continetur3
1007 3991 1158 4056 volo
1205 4005 1422 4056 tamen
1472 4002 1543 4053 et
1593 3988 1902 4065 concedo,
1950 3987 2127 4074 quod
2176 3985 2485 4073 quamdiu
2536 3998 2605 4049 et
2657 3984 2843 4047 iidem

562 4078 749 4143 Prior
795 4095 865 4145 et
921 4080 1294 4145 Conventus
1341 4088 1408 4139 et
1437 4095 1838 4140 successores
1866 4074 1965 4137 sui
1996 4071 2355 4137 invenerint
2400 4092 2598 4136 unum
2631 4088 2848 4134 mona-

556 4164 751 4228 chum
807 4166 1059 4230 missam
1107 4162 1547 4229 celebrantem
1578 4173 1731 4225 ante
1762 4160 1966 4224 altare
1999 4180 2251 4243 magnoe
2280 4160 2488 4222 crucis
2520 4156 2687 4221 infra
2712 4176 2843 4219 mo-

555 4250 910 4314 nasterium
940 4272 1126 4315 suum
1159 4250 1692 4325 Dunelmensem‚
1716 4269 1843 4332 pro
1871 4245 2205 4309 animabus
2244 4244 2489 4308 domini
2526 4236 2843 4323 Radulphi

553 4334 640 4399 de
674 4334 888 4400 Nevill
917 4337 1131 4401 fratris
1159 4336 1307 4413 mei,
1335 4335 1616 4398 dominae
1652 4333 1891 4398 Alasioe
1920 4332 2235 4396 consortis
2258 4352 2392 4394 suoe
2436 4328 2658 4394 matris
2683 4346 2837 4391 meae

557 4421 1031 4502 defunctorum,
1060 4436 1126 4487 et
1157 4424 1432 4487 liberum
1457 4442 1742 4496 suorum,
1764 4418 1945 4504 quod
1968 4416 2213 4483 solucio
2237 4416 2843 4503 quadringentarum
