3000 5117
455 485 834 563 ccclxxxvi
929 505 1133 557 msrr.
1175 499 1531 554 nuum-,M-
1572 498 2035 552 scmeronss
2072 498 2288 548 runs,

457 684 521 736 et
556 670 992 747 intendentes,
1017 680 1209 752 prout
1251 665 1462 729 decet.
1556 664 1631 728 ln
1663 661 1847 747 cujas
1876 660 1970 725 rei
2004 657 2441 725 testimoninm
2486 678 2787 744 praesen-

455 759 624 823 tibus
655 757 930 843 sigillum
963 770 1254 820 nostrum
1283 752 1525 851 apponi
1552 750 1838 850 fecimus.
1886 748 2063 814 Data
2093 746 2424 824 Dunelmi,
2457 746 2523 810 in
2550 745 2787 835 vigilia

465 845 897 923 pentecostes,
923 865 1098 909 anno
1131 840 1398 905 Domini
1429 838 1767 902 millesimo
1800 840 2427 901 cccc¹²⁰nxxxxv1‘⁰.

741 1209 887 1253 cce.
938 1208 1348 1255 monn-rum
1391 1209 1657 1255 'rnoMAE
1706 1206 2070 1254 romanu
2118 1204 2479 1251 murenis.

1379 1325 1540 1395 [neg.
1574 1324 1643 1375 V.
1677 1324 1714 1376 ε
1751 1328 1863 1393 ³⁴4

569 1463 741 1530 Haec
801 1463 1144 1530 indentura
1201 1465 1371 1531 faeta
1435 1466 1607 1532 inter
1659 1466 2007 1545 Thomam,
2061 1463 2478 1552 permissione
2530 1464 2785 1531 Divina

484 1552 772 1619 Priorem
819 1552 1109 1616 ecclesiae
1155 1552 1541 1618 cathedralis
1608 1553 2083 1632 Dunelmensis,
2132 1576 2217 1617 ex
2281 1576 2410 1618 una
2452 1568 2663 1639 parte,
2710 1570 2786 1618 et

485 1640 806 1703 Thomam
871 1638 1188 1726 Foderley
1247 1656 1578 1706 cantorem
1623 1662 1709 1705 ex
1753 1657 1937 1727 parte
1985 1641 2207 1718 altera,
2256 1653 2552 1718 testatur,
2600 1641 2785 1728 quod

477 1726 653 1791 idem
714 1726 1004 1791 Thomas
1049 1742 1145 1793 est
1189 1742 1474 1792 retentus
1521 1744 1587 1794 et
1629 1728 1899 1793 firmiter
1945 1730 2197 1817 juratus
2242 1727 2327 1791 ad
2370 1727 2795 1792 serviendum·

477 1814 654 1879 dicto
707 1814 910 1879 Priori
958 1826 1024 1879 et
1067 1816 1535 1880 successoribus
1580 1814 1732 1895 suiS,
1782 1818 1945 1881 bene
1990 1830 2055 1883 et
2100 1814 2397 1893 fideliter,
2449 1837 2649 1901 usque
2694 1816 2787 1880 ad

479 1902 823 1964 terminum
857 1900 1004 1967 vitae
1034 1925 1186 1979 suoe,
1220 1904 1338 1967 sub
1369 1902 1577 1967 forma
1607 1902 2049 1988 infrascripta3
2082 1901 2375 1967 videlicet
2404 1902 2579 1989 quod
2612 1900 2793 1967 idem

485 1987 772 2052 Thomas
809 1988 1126 2074 Foderley
1171 1990 1314 2054 illos
1361 1990 1709 2055 monachos
1736 1990 2222 2067 DuuelmenseS,
2257 2000 2321 2053 et
2355 2005 2506 2053 octo
2548 2012 2791 2074 pueros

483 2075 824 2153 seculares,
857 2098 1017 2163 quos
1073 2076 1256 2141 Prior
1305 2076 1761 2141 Dunelmensis
1790 2078 1888 2141 vel
1938 2080 2069 2165 ejus
2100 2076 2390 2163 deputati
2422 2075 2796 2161 assignave-

485 2162 614 2226 rint
657 2161 774 2227 sibi
819 2164 906 2227 ad
949 2162 1348 2243 discendum,
1391 2165 1647 2239 assidue
1690 2180 1757 2229 et
1803 2164 2147 2249 diligenter
2190 2178 2257 2228 et
2286 2162 2533 2228 meliori
2565 2164 2795 2243 modo,

486 2272 618 2337 quo
661 2247 937 2328 sciverit,
988 2264 1121 2315 tam
1167 2250 1251 2315 ad
1299 2252 1756 2316 modulandum
1802 2274 1997 2337 super
2040 2274 2282 2339 organa
2310 2273 2501 2337 quam
2534 2250 2616 2315 ad
2648 2252 2795 2337 pla-

485 2357 641 2401 num
703 2353 956 2402 cantum
1019 2352 1085 2402 et
1145 2360 1454 2423 organum
1531 2338 2031 2416 decantandum,
2099 2337 2343 2402 scilicet
2410 2337 2793 2423 planesong,

483 2424 832 2509 prikenott,
867 2424 1200 2503 laburdon,
1235 2426 1574 2504 dischanti,
1624 2440 1997 2504 swarenote,
2044 2438 2107 2491 et
2155 2438 2445 2504 countre,
2479 2442 2801 2512 quantum-

487 2512 724 2597 inipso
755 2526 852 2576 est
875 2512 1072 2597 gratis
1099 2511 1410 2577 laborabit
1437 2527 1504 2579 et
1526 2512 1915 2581 informabit.
1982 2517 2079 2578 Ac
2104 2512 2407 2599 praefatos
2439 2513 2801 2578 monachos

489 2612 556 2662 et
587 2611 738 2663 octo
766 2614 1020 2685 pueros,
1059 2614 1128 2665 ut
1174 2600 1600 2686 proemittitur,
1634 2616 1860 2687 quater
1889 2600 2061 2664 omni
2092 2599 2197 2663 die
2228 2599 2480 2678 feriato,
2520 2599 2658 2679 viz„
2688 2601 2799 2665 bis

491 2698 645 2750 ante
692 2686 1018 2751 meridiem
1065 2701 1135 2752 et
1181 2688 1276 2751 bis
1319 2701 1465 2773 post
1512 2688 1866 2766 meridiem,
1915 2686 2257 2787 diligenter
2297 2709 2372 2751 ac
2403 2686 2803 2753 sufficienter

489 2772 772 2851 docebit,
821 2796 1170 2861 eorumque
1221 2775 1581 2840 lecciones*
1636 2775 1829 2839 nichil
1877 2776 1959 2839 ab
2006 2797 2095 2839 eis
2142 2774 2224 2838 de
2268 2774 2455 2838 dictis
2499 2774 2799 2840 scienciis

491 2860 896 2929 occultanda
995 2862 1058 2926 T
1058 2862 1354 2927 euehitur
1403 2864 1617 2949 itaque
1653 2862 1939 2926 Thomas
1992 2860 2333 2947 praedictus
2378 2861 2676 2926 omnibus
2724 2876 2801 2927 et

490 2946 754 3032 singulis
822 2948 1043 3027 missis,
1107 2948 1410 3035 vesperis,
1484 2965 1551 3015 et
1624 2949 1796 3014 salve
1864 2948 2104 3034 regina,
2152 2948 2215 3011 in
2261 2948 2461 3013 choro
2506 2946 2806 3014 ecclesioe

493 3035 876 3101 cathedralis
927 3036 1375 3103 Dunelmensis
1433 3036 1785 3123 praedictae,
1833 3059 1981 3101 cum
2024 3035 2346 3122 priknote,
2406 3034 2801 3115 dischaunti,

496 3121 836 3201 faburdon,
869 3138 936 3190 et
979 3124 1284 3213 organico
1327 3140 1521 3189 cantu
1570 3124 1961 3209 conjunctim
1992 3138 2058 3187 et
2088 3122 2337 3187 divisim
2370 3122 2805 3203 celebrandiS,

497 3232 547 3273 a
582 3210 894 3295 principio
939 3212 1391 3297 praedictorum
1438 3224 1743 3277 cantuum
1790 3233 1987 3298 usque
2030 3209 2115 3274 ad
2159 3210 2375 3289 finem,
2424 3210 2545 3274 nisi
2586 3210 2807 3295 ipsum

499 3296 715 3382 aliqua
767 3299 1052 3383 legitima
1096 3323 1289 3365 causa
1331 3298 1659 3383 impediat,
1712 3297 2133 3383 personaliter
2172 3297 2521 3374 interesse3
2567 3298 2807 3363 modu-

497 3384 696 3448 lando
747 3384 991 3450 ibidem
1033 3410 1224 3471 super
1268 3408 1530 3475 organa,
1562 3386 1613 3449 si
1657 3407 1916 3452 necesse
1960 3384 2175 3462 fuerit,
2237 3400 2653 3473 tenoremque
2713 3386 2807 3451 ad

499 3484 726 3536 cantus
785 3474 1342 3559 supranominatos
1397 3472 1712 3550 canendo,
1775 3486 1888 3537 aut
1945 3472 2133 3536 aliam
2178 3488 2431 3557 partem
2476 3472 2618 3537 voci
2662 3495 2817 3540 suae

503 3557 707 3645 magis
753 3575 1234 3647 congruentem,
1281 3582 1322 3625 a
1365 3573 1766 3646 praecentore
1810 3583 1921 3625 seu
1966 3558 2101 3643 ejus
2146 3559 2360 3624 locum
2406 3575 2669 3645 gerente
2702 3583 2813 3625 as-

501 3644 838 3729 signatam.
933 3648 1021 3711 Et
1073 3647 1394 3713 tenebitur
1445 3648 1683 3713 cotidie
1736 3646 2165 3733 personaliter
2218 3644 2565 3711 interesse‘
2590 3646 2810 3712 missae

501 3730 716 3798 beatoe
753 3731 980 3798 Maria}
1021 3734 1299 3819 Virginis
1351 3756 1498 3799 cum
1544 3747 1722 3812 nota,
1760 3734 1829 3799 in
1866 3733 2123 3799 Galilea
2167 3732 2592 3798 Dunelmensi
2632 3735 2815 3799 cele-

501 3819 790 3901 brandae,
825 3822 1118 3887 canendo
1149 3822 1232 3887 ad
1263 3822 1533 3888 eandem
1566 3824 1815 3887 missam
1850 3821 2109 3907 planum
2143 3833 2423 3899 cantum,
2454 3820 2587 3886 sive
2602 3844 2819 3907 ‘orga-

504 3906 739 3985 uicum,
775 3910 1020 3975 meliori
1051 3910 1245 3976 modo
1275 3930 1405 3997 quo
1431 3908 1686 3974 sciverit
1718 3924 1784 3974 et
1808 3908 2068 3995 poterit,
2084 3906 2250 3972 sicut
2272 3907 2616 3994 contigerit
2646 3908 2819 3975 alios

503 3993 742 4060 ibidem
796 4013 1056 4063 cantare
1105 4020 1224 4084 pro
1283 4011 1592 4082 tempore,
1642 3995 1763 4063 nisi
1802 3994 2089 4081 legitima
2124 4010 2193 4059 et
2222 4016 2457 4082 magna
2486 4018 2680 4061 causa
2710 3996 2819 4082 ip-

503 4082 705 4159 sum.†
795 4086 884 4151 Et
915 4086 969 4151 si
999 4085 1142 4151 talis
1173 4108 1364 4151 causa
1405 4086 1740 4148 emerserit
1769 4084 1945 4170 quod
1990 4081 2232 4147 ibidem
2276 4082 2536 4146 alternis
2566 4082 2827 4149 vicibus

503 4167 816 4240 interesse
847 4196 978 4239 non
1009 4176 1268 4259 poterit,
1301 4172 1496 4237 alium
1529 4169 1831 4257 peritum,
1866 4169 2164 4247 habilem,
2198 4184 2267 4236 et
2307 4167 2632 4255 ydoneum
2674 4174 2823 4259 ejus

576 4360 611 4388 ⁶
647 4350 766 4405 The
785 4346 948 4399 words
968 4356 1026 4399 ue
1041 4350 1304 4413 profertur
1317 4350 1482 4401 audies
1514 4360 1704 4415 appetu·
1726 4352 1783 4399 to
1798 4346 1867 4399 be
1880 4344 2005 4399 here
2020 4346 2253 4400 omitted»
2324 4346 2425 4402 See
2459 4344 2657 4399 slmiles·
2692 4361 2827 4399 eon-

512 4430 676 4479 tncu
699 4415 972 4469 herenster.

578 4498 622 4557 1-
657 4486 776 4541 The
798 4482 938 4535 word
961 4485 1190 4547 impediat
1209 4484 1253 4535 is
1277 4484 1525 4551 wanting.
