3000 5117
534 420 763 495 ccxliv
1036 441 1241 493 msT.
1282 440 1641 490 nummu.
1684 440 2148 490 SCRIPTORES
2187 440 2402 491 Talis,

530 607 723 671 berto
761 602 1059 668 Strother
1090 600 1312 691 viginti
1340 621 1605 668 marcas.
1703 600 1870 665 Item
1903 602 2072 665 ultra
2099 640 2186 652 -
2219 601 2561 666 Willielmo
2586 600 2854 666 Chaun-

536 692 735 758 celler
765 688 991 774 viginti
1034 710 1299 763 marcaS,
1344 700 1413 751 et
1458 688 1724 752 domino
1776 688 2058 753 Ricardo
2095 688 2342 775 Bukley
2375 688 2600 753 decem
2636 687 2850 755 libras.

548 780 713 845 Item
762 777 908 861 lego
954 774 1239 841 ecclesias
1285 796 1450 838 meae
1483 774 1857 839 Cathedrali
1893 774 2206 844 Dunelm.
2242 797 2433 839 unam
2465 797 2732 839 crucem
2763 775 2858 839 fa-

538 866 852 931 bricatam
911 884 1101 948 super
1160 883 1355 925 unum
1416 882 1722 949 magnum
1781 863 2014 945 pedem
2075 863 2244 927 bene
2303 880 2646 947 operatum
2709 884 2854 925 cum

543 953 811 1017 diversis
869 948 1297 1036 ymaginibuS,
1358 970 1507 1011 cum
1564 969 1693 1011 uno
1743 970 1979 1035 magno
2026 948 2212 1014 so‘ket
2263 971 2385 1033 pro
2432 949 2612 1013 dicta
2665 970 2854 1013 cruce

543 1038 865 1126 portanda
893 1057 1086 1120 super
1108 1034 1377 1110 hastam,
1404 1047 1612 1098 totum
1646 1036 1728 1099 de
1747 1050 2016 1123 argento
2038 1036 2369 1114 deaurat0‚
2403 1050 2470 1100 et
2501 1034 2688 1098 cellis
2719 1056 2857 1119 per-

545 1126 921 1201 tinentibuS,
982 1136 1177 1207 prout
1222 1120 1291 1185 in
1347 1120 1715 1185 Inventario
1764 1143 1912 1185 meo
1963 1122 2390 1186 intitulantur.
2480 1121 2656 1187 Item
2709 1122 2857 1205 lego

550 1213 759 1279 eidem
806 1210 1091 1275 ecclesiae
1136 1230 1299 1272 meae
1346 1230 1547 1270 unum
1597 1208 2047 1273 vestimentum
2080 1230 2290 1273 meum
2323 1207 2408 1273 de
2439 1208 2688 1273 velvett
2719 1230 2860 1294 cry-

546 1320 771 1387 mesyn
816 1298 1039 1375 rube0‚
1090 1318 1235 1361 cum
1280 1308 1424 1358 toto
1472 1308 1810 1379 apparatu,
1844 1296 1964 1358 viz.
1995 1316 2140 1358 eum
2173 1316 2301 1360 una
2329 1294 2566 1371 casula,
2603 1294 2860 1359 duobus

548 1386 848 1472 tuniclys,
902 1399 969 1449 et
1014 1404 1145 1447 una
1186 1403 1350 1468 capa
1392 1380 1725 1466 principali
1771 1380 2050 1446 habente
2093 1381 2342 1468 orfraya
2371 1380 2507 1446 auri
2540 1382 2628 1445 de
2657 1382 2858 1467 cipro,

550 1474 801 1538 duabus
860 1470 1058 1547 stoliS,
1123 1469 1324 1534 tribus
1380 1468 1740 1551 manipulis,
1777 1467 1980 1533 tribus
2027 1468 2208 1547 albis,
2261 1482 2328 1533 et
2379 1468 2584 1533 tribus
2639 1468 2860 1533 amitts

551 1559 837 1646 ejusdem
884 1570 1101 1635 sectae,
1149 1556 1396 1620 duabus
1440 1553 1617 1639 capis
1661 1555 1744 1619 de
1777 1555 2016 1620 velvett
2043 1577 2406 1642 crymesyn,
2439 1568 2504 1620 et
2536 1576 2676 1619 una
2703 1578 2863 1641 capa

552 1647 635 1711 de
668 1646 875 1710 velvet
918 1644 1143 1720 rubeo,
1191 1642 1469 1706 habente
1500 1640 1745 1726 orfrays
1775 1642 1912 1705 auri
1944 1643 2027 1706 de
2055 1642 2256 1727 cipro,
2289 1642 2542 1706 duabus
2571 1642 2753 1727 capis
2781 1643 2862 1707 de

550 1755 771 1819 panno
814 1730 1076 1795 damask
1120 1729 1345 1804 rube0,
1392 1742 1461 1792 et
1508 1742 1784 1814 quatuor
1811 1730 1984 1812 capis
2013 1729 2096 1793 de
2125 1729 2467 1809 baudekyn
2501 1730 2718 1793 rubeo
2749 1752 2862 1815 pro

554 1835 731 1885 secta
781 1815 1163 1903 supradicta.
1273 1816 1441 1879 Item
1489 1814 1640 1899 lego
1693 1815 1983 1880 ecclesioe
2033 1815 2406 1880 cathedrali
2460 1816 2862 1881 Eboracensi

550 1928 749 1971 unum
800 1905 1248 1969 vestimentum
1278 1902 1362 1965 be
1391 1901 1739 1989 baudekyn
1763 1902 1934 1980 albu,
1965 1924 2111 1967 cum
2145 1918 2285 1967 toto
2313 1918 2653 1989 apparatu,
2693 1903 2866 1967 vide-

550 1994 699 2059 licet
744 2013 889 2056 curn
927 2011 1051 2054 una
1081 1989 1316 2067 casula,
1350 1988 1599 2052 duabus
1634 1986 1952 2066 tuniculis»,
1987 1988 2188 2053 tribus
2217 1989 2413 2075 capis,
2446 1990 2704 2053 duabus
2735 2004 2866 2053 sto-

554 2080 656 2158 lis,
705 2078 909 2144 tribus
956 2074 1316 2161 manipulis),
1356 2074 1563 2140 tribus
1595 2076 1774 2154 albis,
1807 2089 1869 2139 et
1899 2076 2100 2139 tribus
2131 2074 2388 2152 amittis,
2425 2076 2612 2139 unius
2643 2092 2863 2154 sectae,

554 2180 705 2230 octo
749 2165 921 2249 capis
944 2163 1027 2229 de
1070 2162 1419 2247 baudekyn
1448 2162 1739 2248 simplice
1767 2163 1936 2239 albe,
1969 2163 2247 2227 habente
2275 2162 2524 2249 orfrays
2555 2164 2644 2228 de
2675 2177 2860 2248 sat-vn

552 2255 757 2317 rubeo
808 2264 1079 2336 operato
1130 2272 1277 2315 cum
1323 2249 1660 2314 arboribus
1709 2262 1774 2314 et
1818 2250 2038 2313 avibus
2067 2249 2206 2314 auri
2241 2249 2323 2313 de
2359 2251 2564 2335 cipro.
2695 2250 2862 2315 Item

554 2340 703 2428 lego
760 2336 998 2403 Domui
1050 2336 1290 2401 ordinis
1350 2335 1667 2401 Cartusioe
1718 2337 1802 2400 de
1852 2336 2086 2401 Monte
2133 2335 2384 2401 Gratiae
2430 2358 2632 2401 unum
2667 2338 2860 2401 vesti-

556 2440 845 2491 mentum
878 2426 961 2489 de
992 2423 1333 2508 baudekyn
1362 2422 1548 2507 nigro
1571 2436 1879 2487 contexto
1905 2444 2050 2487 cum
2079 2422 2442 2487 volucribus
2471 2446 2558 2487 ex
2583 2447 2752 2489 auro
2781 2424 2864 2489 de

555 2514 804 2599 ciphro,
857 2533 1005 2577 cum
1048 2525 1189 2575 toto
1233 2523 1548 2596 apparatu
1595 2510 1900 2593 ejusdem,
1937 2509 2235 2574 videlicet
2264 2532 2410 2574 cum
2445 2534 2574 2575 una
2615 2512 2860 2589 casula,
2970 2552 2971 2561 κ

555 2601 805 2665 duabus
844 2596 1163 2674 tuniculis,
1198 2610 1266 2661 et
1294 2599 1578 2683 quinque
1605 2597 1783 2682 capis
1813 2597 2196 2661 habentibus
2225 2596 2396 2662 orfra
2423 2620 2470 2661 *s
2501 2598 2585 2663 de
2618 2599 2869 2663 baude-

554 2689 685 2773 byn
716 2687 939 2763 rube0‚
972 2686 1223 2749 duabus
1254 2684 1455 2760 stolia,
1493 2684 1694 2747 tribus
1725 2682 2082 2768 manipulis,
2117 2684 2322 2747 tribus
2351 2706 2390 2748 a
2416 2685 2533 2762 bis,
2559 2700 2632 2749 et
2659 2687 2866 2751 tribus

554 2774 801 2838 amictis
846 2772 1131 2856 ejusdem
1162 2782 1376 2847 sectoe,
1409 2784 1602 2853 prout
1631 2783 1825 2835 seetae
1855 2770 2186 2855 praedictae
2217 2771 2278 2834 in
2313 2771 2690 2837 Inventario
2719 2795 2870 2837 meo

556 2860 803 2945 plenius
850 2858 1275 2923 intitulantur.
1372 2858 1537 2921 Item
1589 2858 1734 2956 lego
1786 2858 2316 2922 reverendissimo
2362 2858 2530 2943 patri
2575 2859 2868 2925 Johanni

560 2948 686 3013 Dei
740 2947 953 3036 gratia
1012 2944 1401 3011 Eboracensi
1467 2943 1970 3030 Archiepiscopo
2031 2967 2226 3009 unum
2285 2944 2546 3029 ciphum
2607 2947 2868 3031 argenti

554 3036 771 3100 album
817 3048 1215 3121 coopertum,
1254 3032 1597 3095 habentem
1631 3031 1976 3115 pomellum
2008 3031 2396 3116 coopertorii
2426 3047 2494 3097 et
2521 3034 2868 3099 circumfe-

555 3124 841 3187 renciam
888 3120 1054 3205 ciphi
1104 3134 1173 3185 et
1217 3118 1524 3183 circulum
1571 3115 1636 3179 in
1665 3117 1868 3183 fundo
1898 3118 2067 3203 ciphi
2098 3120 2182 3183 de
2211 3141 2392 3195 aum,
2430 3133 2620 3203 prout
2653 3122 2716 3183 in
2759 3120 2868 3185 In-

556 3211 847 3275 ventario
890 3230 1037 3272 meo
1083 3206 1462 3273 intitulatur.
1565 3205 1730 3269 Item
1768 3205 1916 3293 lego
1944 3204 2210 3270 domino
2247 3204 2566 3271 Nicholao
2601 3206 2866 3271 Dixson

557 3318 759 3361 unum
801 3294 1061 3379 ciphum
1107 3294 1356 3378 argenti
1402 3293 1656 3355 bassum
1688 3307 2084 3377 coopertum,
2118 3306 2456 3379 operatum
2488 3293 2554 3356 in
2583 3316 2864 3379 cooper-

553 3384 705 3448 culo
738 3384 861 3458 αξη
888 3384 1023 3451 bun
1046 3392 1345 3465 ῑβῖτερη,
1371 3392 1561 3463 prout
1591 3378 1656 3442 in
1680 3380 2050 3444 Inventario
2080 3402 2225 3445 meo
2255 3380 2642 3445 intitulatur.
2689 3382 2860 3446 Item

554 3470 706 3553 lego
760 3466 1035 3531 Thomae
1088 3463 1359 3529 Holden
1424 3487 1625 3529 unum
1675 3486 1796 3551 par
1841 3466 1925 3531 de
1975 3466 2166 3530 flasks
2217 3469 2468 3550 argenti
2538 3467 2860 3537 deaurati.

562 3556 729 3621 Item
755 3553 901 3637 lego
930 3551 1140 3615 eidem
1174 3550 1239 3615 T
1240 3550 1454 3616 homae
1486 3574 1681 3617 unum
1711 3553 1970 3638 ciphum
2001 3554 2249 3638 argenti
2273 3554 2566 3619 deaurati
2591 3576 2868 3640 cooper-

553 3660 716 3719 tum,
762 3638 1135 3703 chaceatum
1181 3636 1265 3701 ad
1311 3638 1575 3702 modum
1619 3640 1988 3717 columbini,
2035 3654 2228 3726 prout
2258 3640 2618 3707 intitulatur
2649 3642 2720 3707 iu
2759 3642 2868 3705 ln-

555 3726 849 3794 ventario
876 3747 1043 3790 meo,
1121 3724 1287 3789 Item
1320 3724 1469 3811 lego
1494 3726 1748 3791 Jacobo
1774 3727 2192 3812 Grenehalgh
2215 3729 2569 3793 secundum
2590 3729 2866 3813 ciphum

557 3817 886 3883 meliorem
917 3812 1202 3899 ejusdem
1233 3812 1480 3876 formoe.
1579 3812 1744 3878 Item
1773 3812 1920 3898 lego
1951 3814 2213 3879 domino
2249 3814 2570 3881 Nicholao
2603 3816 2865 3881 Hulme

555 3902 825 3970 tercium
866 3900 1123 3985 ciphum
1172 3898 1457 3983 ejusdem
1511 3899 1755 3967 formae.
1849 3902 2017 3965 Item
2065 3902 2212 3985 lego
2259 3901 2522 3967 domino
2567 3903 2864 3969 ,Iohanni

562 3988 851 4057 Radcliff
884 3988 1277 4053 thesaurario
1322 3984 1592 4072 hospicii
1643 3988 1771 4051 mei
1803 4009 1997 4051 unum
2028 3988 2286 4073 ciphum
2317 4012 2584 4075 parvum
2603 3992 2864 4075 argenti

550 4090 932 4165 coopertum
962 4076 1341 4139 deauratum
1393 4074 1479 4139 ad
1527 4092 1735 4152 extra,
1838 4082 1986 4139 rout'
2035 4086 2143 4140 etc.
2255 4077 2422 4141 Item
2476 4077 2627 4162 lego
2677 4078 2862 4144 fratri

560 4165 903 4231 Willielmo
938 4162 1155 4238 Barre,
1194 4159 1401 4225 Priori
1431 4161 1516 4225 de
1547 4160 1790 4225 Fenkal
1820 4209 1839 4240 ,
1864 4184 2062 4227 unum
2086 4184 2351 4247 parvum
2373 4164 2633 4250 ciphum
2655 4165 2864 4230 altum

550 4255 635 4319 de
677 4256 897 4340 jasper
946 4271 1091 4313 cum
1150 4248 1545 4333 cooperculo
1595 4248 1680 4313 de
1728 4249 1982 4326 eodem,
2013 4250 2415 4337 garnizatum
2461 4252 2546 4317 de
2578 4268 2864 4339 argento

548 4342 881 4414 deaurato,
916 4346 1107 4421 prout
1151 4344 1259 4402 etc.
1358 4334 1519 4399 Item
1566 4334 1712 4423 lego
1750 4338 2056 4424 magistro
2087 4337 2365 4401 Thomoe
2399 4338 2589 4424 LeyS,
2623 4339 2862 4405 rectori

546 4424 837 4493 eeclesiae
886 4420 1265 4508 parochialis
1306 4420 1391 4487 de
1450 4423 1942 4502 W'eremouthe‚
1987 4424 2313 4491 meliorem
2345 4426 2608 4491 calicem
2641 4448 2864 4491 meum
