3000 5117
890 464 1312 515 Arrnumx.
1369 465 1551 516 Ans.
1592 464 1913 519 mccccn
2246 448 2559 523 clxxxvii

339 622 678 689 Johannas
741 622 1078 690 Maxselde
1123 624 1597 693 prebendarius
1656 628 1815 693 ibid.
1872 650 2019 693 cum
2069 632 2125 717 j.
2180 628 2387 699 Lanc.
2420 646 2491 699 et
2508 636 2559 720 j.

255 711 494 795 Sagitt.
523 734 654 776 non
677 724 1028 796 comparet.

352 798 596 947 Rector
645 799 730 863 de
779 799 1149 885 Gaynforth
1191 820 1336 865 cum
1379 801 1433 885 j.
1487 801 1691 866 Lanc.
1744 816 1811 867 et
1858 802 1922 887 ij.
1962 804 2197 893 Sagitt.
2230 826 2360 870 non
2388 826 2565 871 com·

251 906 414 970 pare
449 932 465 947 .

353 972 598 1035 Rector
623 972 710 1037 de
737 970 1036 1037 Consclis
1055 993 1198 1036 cum
1220 974 1275 1059 j.
1304 972 1504 1042 Lanc.
1538 978 1669 1062 etj.
1704 974 1941 1062 Sagitt.

431 1334 676 1378 chnt.
711 1334 1228 1385 ACQUIRTANCIA
1251 1335 1641 1381 GENBRALIS
1674 1338 1891 1381 FACTA
1920 1337 2185 1383 THOMAE
2210 1338 2298 1383 DE
2328 1321 2387 1383 ι’

788 1434 796 1442 “
1154 1422 1663 1471 FYssnssnousss.

1164 1538 1326 1610 meg.
1352 1540 1432 1593 11.
1457 1540 1661 1609 πω]

349 1655 672 1722 Noverint
722 1655 1026 1733 universi,
1077 1677 1196 1741 per
1254 1669 1625 1741 proesenteS,
1682 1678 1802 1721 nos
1854 1654 2218 1723 Johannem
2270 1656 2561 1724 Priorem

251 1743 554 1809 ecclesiae
587 1743 992 1808 Cathedralis
1027 1741 1482 1807 Dunelmensis
1527 1758 1597 1808 et
1640 1744 1931 1828 ejusdem
1992 1743 2120 1808 loci
2152 1745 2565 1809 Conventum

252 1830 598 1907 remisisse,
624 1830 966 1907 relaxasse,
1001 1843 1066 1895 et
1095 1831 1358 1893 omnino
1401 1830 1486 1895 (le
1532 1832 1716 1895 nobis
1746 1846 1814 1893 et
1836 1831 2304 1895 successoribus
2334 1831 2565 1897 nostris

251 1917 324 1980 in
357 1932 742 2001 perpetuum
789 1916 1078 2005 quietum
1125 1915 1454 1995 clamasse,
1489 1917 1769 1981 Thomae
1800 1918 1883 1982 de
1919 1918 2323 1996 Fissehouse,
2357 1940 2567 2003 nuper

254 2004 634 2067 victualium
693 2018 1056 2067 nostrornm
1117 2006 1414 2089 emptori,
1455 2002 1857 2068 omnimodas
1918 2003 2203 2067 actiones
2248 2004 2453 2069 reales
2498 2019 2567 2070 et

251 2091 649 2175 personales,
682 2113 840 2177 quas
871 2113 1090 2155 versus
1119 2090 1394 2155 eundem
1427 2090 1749 2154 Thomam
1785 2090 2117 2167 habemns,
2174 2113 2283 2155 seu
2340 2090 2565 2177 quovis

251 2178 461 2241 modo
491 2176 728 2241 habere
751 2177 1104 2260 poterimus
1133 2178 1202 2239 in
1233 2176 1544 2253 futurum,
1574 2175 1830 2240 racione
1862 2191 2291 2262 receptorum,
2324 2199 2570 2242 affera-

250 2264 536 2350 giorum,
578 2286 692 2327 seu
723 2263 990 2327 aliorum
1038 2284 1611 2351 quorumcumque,
1641 2263 1724 2326 ab
1772 2262 1963 2327 inicio
1995 2263 2217 2327 mundi
2251 2285 2451 2350 usque
2496 2261 2565 2327 in

252 2350 436 2413 diem
481 2349 910 2414 eonfeccionis
943 2348 1364 2434 praesencium
1413 2372 1527 2435 per
1572 2349 1953 2434 praedictnm
1996 2348 2319 2413 Thomam
2378 2351 2566 2414 nobis

209 2508 228 2519 ,
251 2436 651 2501 debitorum.
747 2436 846 2501 Ita
873 2435 1051 2523 quod
1081 2457 1197 2499 nec
1229 2458 1362 2513 noe,
1397 2458 1515 2501 nec
1539 2457 1935 2501 successores
1957 2434 2179 2513 nostri,
2203 2458 2321 2499 nec
2342 2436 2567 2523 aliquis

251 2522 424 2588 alius
479 2525 738 2587 nomine
787 2538 1030 2600 nostro,
1080 2544 1234 2605 erga
1285 2522 1626 2607 praefatum
1678 2522 2021 2599 Thomam,
2072 2522 2385 2599 haeredes,
2450 2544 2565 2597 seu

252 2624 644 2674 executores
695 2632 864 2686 suos,
923 2608 1197 2695 aliquam
1252 2609 1578 2674 accionem
1632 2608 1870 2673 habere
1920 2607 2273 2693 poterimus
2306 2609 2566 2673 racione

253 2696 778 2782 praeniissorum3
827 2696 944 2761 sed
974 2697 1056 2760 ab
1087 2696 1263 2761 omni
1287 2695 1551 2761 accione
1588 2695 1753 2782 juria
1782 2710 1850 2761 et
1878 2695 2105 2761 clamei
2158 2695 2307 2760 inde
2349 2717 2577 2783 sumus·

253 2782 512 2847 exclusi
542 2782 606 2845 in
639 2797 1020 2867 perpetuum
1059 2804 1176 2867 per
1205 2796 1571 2866 proesentes.
1691 2783 1771 2847 In
1803 2786 1980 2869 cujus
2010 2782 2099 2847 rei
2132 2782 2568 2847 testimonium

253 2869 546 2953 sigillum
594 2882 932 2934 commune
985 2869 1268 2953 Capituli
1316 2870 1519 2933 nostri
1567 2871 1991 2954 praesentibus
2043 2882 2139 2932 est
2190 2890 2564 2955 appensum.

255 2956 447 3021 Data
493 2957 826 3033 Dunelmi,
862 2957 924 3019 in
975 2956 1193 3021 Domo
1222 2970 1444 3020 nostra
1475 2955 1855 3041 capitulari,
1884 2956 1947 3019 in
1977 2955 2325 3019 festivitate
2354 2956 2567 3019 beatae

259 3043 666 3127 Margaretae
713 3041 990 3128 virginis,
1037 3065 1204 3107 anno
1252 3042 1520 3107 Domini
1560 3042 1895 3107 millesimo
1938 3042 2567 3127 quadringentesimo
2669 3112 2675 3117 ,

255 3132 496 3215 primo.

501 3514 728 3560 cnxxv.
783 3512 1195 3559 mnnnruna
1227 3514 1433 3557 rarat
1467 3514 1691 3577 namo
1722 3514 1859 3559 rao
1894 3512 2339 3557 nonmromo

1136 3579 1711 3646 consa-annuum*

883 3718 1068 3785 [From
1092 3734 1124 3770 a
1145 3735 1274 3787 copy
1298 3735 1436 3786 upon
1460 3734 1635 3785 μψστ.
1704 3718 1831 3769 Loc.
1853 3718 1959 3785 11.]

375 3838 554 3902 Haec
621 3836 968 3900 indentura
1035 3835 1208 3899 sacta
1277 3834 1446 3899 inter
1502 3836 1867 3901 Johannem
1932 3831 2221 3897 Priorem
2282 3832 2572 3896 ecclesiae

255 3921 730 3990 Dunelmensis
784 3936 854 3987 et
909 3922 1195 4007 ejusdem
1257 3921 1378 3985 loci
1445 3924 1859 3987 Conventum
1920 3940 2004 3983 ex
2063 3939 2193 3981 una
2241 3930 2447 4001 parte,
2504 3931 2573 3983 et

259 4012 534 4076 Petrum
570 4010 810 4096 Dryng
835 4008 1296 4073 cementarium
1327 4030 1414 4072 ex
1443 4009 1669 4086 altera,
1697 4018 1986 4081 testatur,
2018 4003 2195 4089 qnod
2225 4002 2573 4087 praedietua

259 4098 502 4161 Petrus
547 4096 840 4180 promisit
871 4109 938 4160 et
970 4094 1354 4178 manucepit,
1387 4116 1462 4159 ac
1494 4118 1565 4160 se
1596 4094 1867 4159 firmiter
1895 4090 2226 4173 obligavit,
2258 4112 2379 4175 per
2406 4112 2573 4175 prae·

257 4199 500 4261 sentes,
542 4182 628 4247 ad
657 4182 1090 4247 edificandum
1122 4194 1190 4245 et
1219 4180 1302 4245 de
1333 4202 1502 4245 novo
1533 4178 2029 4246 construendum
2062 4198 2277 4240 muros
2309 4176 2574 4242 Dormi-

258 4271 411 4335 torii
445 4270 612 4335 infra
645 4268 1038 4335 Abbathiam
1067 4268 1567 4333 Dunelmensem
1598 4265 1858 4341 situati;
1920 4263 2289 4349 incipiendo
2312 4285 2350 4328 a
2374 4263 2569 4328 muris

1069 4450 1092 4477 ⁰
1115 4442 1214 4495 See
1239 4440 1478 4495 Number
1499 4456 1611 4493 cxx
1634 4441 1821 4491 above.-
