3000 5117
1229 465 1653 520 arcannm.
2240 446 2589 529 ccccxxix

275 631 494 697 barba
539 630 742 696 sancti
792 627 1086 696 Godrici.
1175 627 1346 694 Item
1391 629 1478 694 de
1506 626 1718 694 cilicio
1746 639 1813 694 et
1842 627 1926 694 de
1950 625 2195 716 capillis
2223 630 2427 698 sancti
2460 633 2603 699 Go-

279 719 474 787 drici.
567 719 674 784 De
721 731 904 782 costa
945 715 1278 802 cujusdam
1329 715 1571 784 Sancti.
1670 715 1965 782 Diversoe
2016 717 2399 784 Sanctorum
2451 721 2603 784 reli-

337 805 484 871 uiae.
533 805 642 870 De
673 804 1066 869 vestimentis
1093 802 1301 868 sancti
1339 801 1615 890 Georgii
1648 801 1944 868 martiris.
1994 803 2101 870 De
2124 805 2375 872 cuculla
2396 805 2602 872 sancti

331 892 608 958 ohannis
668 891 1104 992 evangelistae.
1225 890 1334 955 De
1399 889 1721 955 cunabulo
1776 888 2063 960 Domini.
2184 893 2295 958 De
2352 894 2603 960 ossibus

285 981 498 1044 sancti
535 979 870 1044 Vincenci1
901 977 1194 1054 martiris,
1227 976 1292 1040 in
1324 977 1579 1044 duobus
1617 977 1791 1046 locis,
1889 977 2051 1042 Item
2082 977 2328 1079 lampas
2358 997 2603 1048 sanctoe

289 1068 522 1132 Lucioe
567 1066 828 1150 virginis
859 1065 1084 1130 vitrea.
1177 1063 1282 1130 De
1313 1079 1493 1129 costa
1522 1081 1591 1129 et
1616 1064 1703 1130 de
1771 1086 1923 1133 enu.
2022 1065 2241 1131 Sancti
2276 1067 2601 1141 Mauricii.

291 1153 466 1218 Item
497 1153 583 1218 de
611 1152 880 1217 brachio
899 1153 1106 1218 sancti
1143 1151 1446 1229 Secundi,
1479 1173 1729 1216 avuncu
1755 1151 1778 1215 i
1808 1151 2011 1216 sancti
2040 1149 2359 1220 Mauricii.
2428 1155 2601 1224 Item

283 1241 377 1306 de
409 1263 556 1305 osse
599 1238 801 1304 sancti
849 1237 1181 1320 Exuperii.
1279 1239 1384 1304 De
1413 1237 1678 1303 brachio
1708 1236 1911 1304 sancti
1946 1239 2245 1319 Candidi,
2277 1240 2607 1328 pretiosis-

287 1327 434 1393 simi
489 1327 788 1392 martiris.
884 1326 991 1393 De
1043 1324 1328 1412 reliquiis
1373 1339 1739 1390 sanctorum
1790 1325 2229 1392 confessorum
2276 1328 2603 1416 Gregorii,

287 1415 646 1492 Silvestris,
679 1427 748 1478 et
779 1413 1040 1484 Leonis.
1135 1411 1242 1477 De
1271 1413 1521 1478 ossibus
1550 1412 1879 1500 cujusdam
1914 1413 2156 1492 Sancti,
2190 1428 2255 1479 et
2279 1415 2362 1480 de
2392 1420 2607 1503 sepul·

290 1503 455 1567 ebro
485 1502 550 1565 in
573 1524 706 1588 quo
725 1501 1006 1589 jacebat.
1097 1499 1267 1566 Item
1311 1499 1609 1587 quaedam
1640 1498 1953 1584 particula
1980 1499 2063 1564 de
2090 1500 2400 1586 sanguine
2430 1504 2608 1572 beati

295 1589 582 1654 Thomae
635 1587 932 1666 meu-tiris,
984 1587 1048 1652 in
1103 1586 1379 1674 quadam
1430 1586 1714 1672 ampulla
1754 1587 1981 1652 vitrea.
2078 1587 2245 1654 Item
2276 1592 2607 1674 cingulum

287 1677 552 1742 laneum
611 1676 786 1741 beati
847 1673 1118 1741 Godrici
1169 1673 1571 1738 confessoris.
1660 1673 1770 1738 De
1815 1673 1929 1738 filo
1974 1672 2041 1738 in
2089 1697 2219 1762 quo
2264 1691 2607 1746 consutum

291 1767 508 1828 fuerat
547 1785 786 1849 corpus
831 1765 1004 1828 beati
1038 1761 1378 1826 Cuthberti
1422 1762 1486 1824 in
1518 1760 1736 1825 casula
1762 1783 1894 1825 sua.
1987 1761 2095 1826 De
2127 1764 2377 1828 ossibus
2407 1779 2472 1830 et
2506 1789 2609 1832 re-

292 1849 514 1937 liquiis
569 1851 772 1914 sancti
837 1847 1227 1914 Columkelli
1283 1847 1559 1913 abbatis.
1648 1847 1758 1914 De
1814 1847 2071 1914 ossibus
2128 1853 2335 1916 sancti
2396 1854 2605 1938 Sergii

292 1961 488 2024 papoe
517 1951 586 2002 et
616 1937 915 2002 martiris.
1008 1934 1112 1999 De
1145 1933 1388 1999 ossibus
1407 1951 1648 2000 sauctoe
1678 1933 1963 2034 Brigidae
1991 1936 2293 2021 gloriosae
2323 1938 2605 2024 virginis.

297 2025 410 2089 De
441 2025 692 2088 ossibus
723 2039 790 2088 et
829 2023 911 2087 de
943 2022 1202 2108 pulvere
1231 2036 1472 2086 sanctoe
1508 2021 1715 2086 Ebbae
1748 2020 2031 2106 virginis.
2128 2022 2235 2089 De
2265 2028 2511 2102 ossibus
2542 2043 2611 2095 et

295 2111 586 2198 reliquiis
615 2112 816 2176 sancti
846 2108 1188 2174 Laurencii
1209 2111 1502 2177 martiris.
1600 2109 1705 2172 De
1736 2109 1981 2174 ossibus
2011 2125 2377 2176 sanctorum
2414 2115 2615 2179 Inno-

293 2197 612 2266 centium.
711 2197 814 2260 De
863 2195 1104 2282 capillis
1151 2196 1354 2260 sancti
1406 2195 1700 2273 Godrici,
1752 2211 1822 2261 et
1872 2197 1955 2261 de
1983 2196 2182 2263 lorica
2210 2212 2278 2265 et
2306 2200 2511 2266 cilicio
2540 2217 2610 2270 et

295 2287 524 2350 tunica
545 2300 612 2350 et
639 2307 830 2370 pane,
864 2298 932 2348 et
957 2281 1173 2347 multis
1201 2283 1341 2348 aliis
1367 2283 1755 2348 vestimentis
1786 2284 2070 2372 ejusdem
2110 2287 2347 2365 Sancti,
2380 2287 2445 2352 in
2477 2311 2611 2355 uno

295 2373 452 2438 loco
475 2372 888 2436 conservatis..
988 2371 1149 2435 Item
1180 2371 1476 2457 quaedam
1510 2369 1822 2455 particula
1838 2373 1923 2435 de
1956 2394 2097 2436 osse
2128 2377 2330 2438 sancti
2370 2375 2611 2440 Nicho·

295 2461 411 2526 lai.
513 2458 619 2524 De
667 2473 930 2546 pectore
972 2471 1214 2523 >sanctae
1263 2457 1605 2522 Gracianae
1660 2458 1920 2542 virginis
1973 2470 2040 2522 et
2094 2461 2387 2528 martiris.
2500 2463 2609 2529 De

297 2547 524 2612 tunica
554 2561 622 2611 et
644 2547 850 2610 cilicio
886 2544 1253 2609 venerabilis
1291 2544 1490 2610 Bedoe
1522 2546 1825 2612 doctoris,
1924 2545 2088 2610 Item
2114 2560 2350 2612 cotuna
2372 2549 2613 2616 insecta

295 2634 454 2698 oleo
485 2634 814 2720 cujusdam
851 2631 1092 2700 Sancti.
1187 2631 1292 2696 De
1322 2631 1717 2696 vestimentis
1748 2646 1813 2697 et
1856 2631 2101 2714 capillis
2152 2634 2354 2696 sancti
2389 2636 2611 2701 Boisili

299 2720 668 2808 presbiteri.
761 2721 864 2784 De
895 2719 1092 2783 lorica
1122 2719 1404 2803 ejusdem
1442 2718 1661 2784 Sancti
1684 2731 1749 2783 et
1769 2717 2036 2804 capillis,
2060 2719 2123 2782 in
2156 2719 2407 2786 duobus
2432 2723 2609 2790 locis,

301 2809 418 2874 De
465 2808 706 2891 capillis
759 2807 1162 2894 quorundam
1221 2807 1607 2871 Sanctorum
1662 2828 1895 2890 magna
1934 2805 2277 2894 quantitaS,
2324 2810 2433 2908 qui
2478 2833 2611 2878 non

303 2895 736 2960 intitulantur.
829 2895 996 2958 Item
1029 2915 1156 2957 nna
1183 2915 1346 2957 crux
1369 2892 1633 2958 cedrina
1654 2915 1800 2957 cum
1820 2893 2097 2980 reliquiis
2128 2894 2411 2966 internis.
2506 2899 2613 2964 De

303 2983 706 3047 vestimentis
735 2981 936 3046 sancti
959 2980 1272 3046 Johannis
1310 2981 1637 3066 Baptistae,
1670 2979 1735 3044 in
1766 2981 1997 3068 quibus
2027 2980 2275 3046 occisus
2304 2995 2425 3049 est.
2506 2985 2611 3052 De

305 3070 554 3156 capillis
585 3069 1004 3156 plurimorum
1041 3069 1444 3146 Sanctorum,
1470 3081 1538 3132 et
1566 3069 1649 3132 de
1678 3081 1827 3133 cute
1857 3066 2083 3153 capitis
2115 3091 2259 3133 cum
2291 3070 2611 3159 aliquibus

305 3157 580 3241 capilli&
635 3157 746 3243 qui
799 3177 926 3219 non
981 3154 1412 3223 intitulantur.
1514 3153 1619 3220 De
1668 3155 1915 3218 ossibus
1968 3168 2037 3218 et
2081 3154 2361 3242 reliquiis
2406 3163 2611 3224 sancti

313 3243 575 3309 Pan-icii
628 3242 934 3328 episcopi,
967 3256 1036 3306 et
1066 3241 1418 3328 Hyberniae
1465 3240 1761 3326 apostoli.
1854 3241 1960 3306 De
2024 3241 2306 3329 reliquiis
2357 3259 2611 3310 sancto*

307 3353 453 3395 rum
481 3331 808 3395 Abbatum
839 3327 1092 3394 Malasii
1115 3343 1311 3415 atque
1346 3327 1592 3404 Ernini,
1688 3329 1791 3393 De
1814 3327 2091 3416 reliquiis
2110 3331 2312 3395 sancti
2340 3331 2609 3398 wilfridi

305 3417 614 3503 episcopi.
711 3417 816 3481 De
864 3418 1065 3502 portis
1115 3415 1308 3484 horis.
1405 3416 1510 3480 De
1558 3415 1767 3500 lapide
1814 3437 2007 3500 super
2104 3439 2248 3482 uem
2294 3435 2483 3484 natus
2513 3435 2614 3486 est

311 3504 630 3571 Christus·
748 3505 857 3569 De
917 3503 1091 3588 ligno
1153 3502 1419 3568 Domini
1466 3503 1767 3590 quoedam
1827 3504 2073 3589 particu
2102 3528 2159 3576 a.
2294 3506 2612 3595 Reliquiae

311 3606 556 3658 sanctae
593 3593 898 3658 Barbarae
935 3590 1217 3678 virgime.
1311 3590 1416 3656 De
1463 3589 1680 3677 lapide
1718 3592 1952 3656 montis
2008 3591 2346 3662 Calvariae.
2444 3597 2615 3663 Item

307 3679 600 3766 reliquiae
647 3679 848 3744 sancti
904 3677 1227 3743 Nicholai.
1323 3677 1427 3742 De
1479 3701 1671 3742 cruce
1730 3680 1932 3743 sancti
2000 3680 2281 3745 Andreae
2338 3686 2617 3768 apostoli

309 3789 550 3855 magna
574 3767 918 3854 quantitas.
1015 3765 1329 3851 Reliquiae
1373 3764 1618 3829 domini
1670 3765 1758 3832 G.
1792 3767 1874 3830 de
1916 3765 2146 3830 Borres
2176 3767 2383 3831 missae
2412 3773 2618 3837 eccle-

307 3854 422 3918 siae
455 3853 878 3919 Dunelmensi
923 3875 1040 3938 per
1085 3853 1410 3916 dominam
1445 3852 1546 3916 M.
1578 3851 1861 3936 reginam
1896 3852 2168 3935 Angliae,
2202 3853 2499 3923 videlicet
2529 3859 2614 3924 de

311 3941 488 4026 ligno
523 3941 811 4017 Domini,
860 3939 943 4004 de
987 3937 1326 4024 sepulchro
1359 3939 1649 4016 Domini,
1696 3939 1779 4002 de
1808 3953 1989 4022 petra
2021 3938 2358 4017 Calvariae,
2392 3944 2475 4008 de
2506 3967 2618 4010 cu-

309 4029 552 4093 nabulo
603 4026 956 4092 nativitatis
1011 4027 1300 4104 Domini,
1350 4027 1432 4091 de
1485 4028 1799 4111 praesepio
1839 4024 2127 4102 Domini,
2163 4027 2245 4091 de
2276 4032 2615 4112 sepulchro

312 4130 554 4180 sanctae
588 4115 837 4180 Mariae.
931 4115 1100 4178 Item
1146 4112 1210 4176 in
1257 4113 1383 4178 alio
1412 4113 1559 4177 loco
1601 4127 2061 4177 conservantur
2089 4113 2213 4178 ista
2240 4115 2615 4204 subscripta,

314 4203 616 4268 videlicet
674 4201 990 4290 Reliquiae
1053 4199 1321 4265 Domini
1369 4201 1569 4265 nostri
1618 4200 1773 4264 Jesu
1827 4199 2090 4278 Christi,
2141 4215 2208 4265 et
2266 4204 2615 4272 multorum

311 4305 680 4354 sanctorum
701 4309 1062 4374 corporum.
1165 4288 1238 4353 In
1259 4287 1478 4371 primis
1509 4287 1592 4351 de
1612 4287 1847 4351 throno
1878 4286 1986 4351 ubi
2010 4287 2276 4354 sedebat
2298 4289 2618 4358 Dominus

311 4399 460 4441 cum
506 4398 580 4441 x1
613 4375 940 4463 apostolis,
1038 4375 1141 4440 De
1172 4375 1385 4460 lapide
1417 4373 1527 4438 ubi
1560 4373 1881 4438 Dominus
1912 4374 2180 4460 scripsit,
2218 4376 2325 4440 ubi
2352 4377 2620 4444 interro-

311 4479 632 4550 naverunt
661 4488 812 4531 eum
837 4462 1130 4548 discipuli
1173 4463 1255 4528 de
1287 4465 1416 4528 fine
1448 4459 1690 4528 mundi.
1784 4461 1891 4528 De
1922 4477 2140 4528 monte
2172 4463 2461 4546 Thabor,
2512 4471 2622 4537 ubi
