3000 5117
504 472 621 544 viii
958 492 1166 543 nrs'r.
1198 490 1560 543 DUNELM.
1605 487 2070 543 scrumosus
2107 486 2322 538 rans·

500 656 700 739 digna
745 656 1015 721 ulcionis
1063 676 1257 734 poena
1300 653 1494 739 plecti
1542 652 1872 719 mandavit
1920 651 1994 753 (i.
2049 648 2300 737 Rex*),
2351 674 2571 717 verum
2603 654 2820 718 eciam

506 742 957 807 Dunelmensis
1006 740 1295 808 ecclesiae
1339 740 1605 806 clericos
1653 738 2198 815 maleaemonales,
2245 739 2560 838 quosdam
2605 741 2818 805 eciam

504 852 729 894 eorum
776 845 905 896 tam
955 828 1303 895 execrabili
1349 829 1806 915 sacrilegorum
1853 824 2152 913 prosapia
2181 828 2509 907 oriundos,
2542 844 2824 914 propter

503 919 703 982 vitam
750 939 933 983 suam
978 914 1501 1004 incorrigibilem,
1551 915 1932 980 auctoritate
1963 912 2338 999 apostolica,
2371 914 2525 980 inde
2555 915 2822 1001 penitus

506 1003 841 1083 eliminari,
888 1017 957 1070 et
1000 1002 1317 1091 religiosa».
1350 1004 1504 1067 vitoe
1533 1001 1903 1079 monachos,
1936 1000 2046 1088 qui
2075 1000 2142 1069 in
2174 1000 2428 1065 duobus
2457 1002 2618 1067 locis
2647 1004 2825 1089 epis-

504 1106 774 1177 copatus
817 1092 912 1156 tui
946 1092 1096 1155 Deo
1126 1089 1425 1167 militant,
1459 1090 1524 1153 in
1555 1088 1892 1175 praefatam
1923 1086 2258 1153 ecclesiam
2294 1088 2821 1156 Dunelmensem

507 1179 1005 1257 transferendos,
1061 1176 1393 1263 apostolici
1444 1175 1664 1263 scripti
1720 1174 2097 1261 patrocinio,
2145 1172 2257 1239 illo
2293 1176 2359 1239 in
2387 1176 2534 1243 loco
2564 1177 2652 1243 ad
2683 1200 2824 1243 ser·

506 1267 810 1333 viendum
860 1266 1011 1331 Deo
1058 1268 1123 1329 in
1171 1280 1498 1351 posterum
1546 1278 1867 1349 perpetuo
1909 1262 2272 1328 confirmari
2317 1276 2384 1328 et
2427 1264 2822 1330 communiri

509 1376 703 1441 quam
748 1353 1029 1418 maxime
1072 1376 1191 1416 nos
1236 1351 1528 1438 postulat
1573 1349 1644 1437 (i.
1685 1350 1926 1433 Rex').
2030 1350 2228 1415 Unde
2257 1368 2388 1415 tam
2421 1374 2826 1417 commemo-

508 1441 779 1506 rabilem
824 1440 1023 1524 regiae
1069 1438 1439 1524 majestatis,
1489 1460 1681 1525 quam
1725 1437 2013 1523 specialis
2059 1436 2174 1502 filii
2217 1440 2420 1503 nostri
2462 1439 2824 1505 Lausi-anci

507 1527 989 1612 Archiepiscopi
1020 1540 1087 1591 et
1109 1525 1522 1591 fraternitatis
1547 1541 1676 1591 tuae
1711 1525 1902 1611 justis
1927 1524 2476 1611 postulacionibus
2497 1526 2821 1606 inclinati,

508 1637 591 1679 ne
642 1614 873 1681 merito
920 1614 1038 1679 tibi
1088 1614 1342 1679 dicatur
1387 1612 1540 1701 quia
1585 1612 1896 1677 increduli
1945 1628 2013 1677 et
2063 1612 2476 1693 subversores
2514 1628 2668 1680 sunt
2718 1628 2826 1681 te-

508 1724 679 1779 cum,
740 1716 807 1767 et
866 1724 1012 1765 cum
1070 1701 1522 1785 scorpionibus
1582 1700 1851 1777 habitas,
1913 1699 2296 1765 auctoritate
2355 1715 2424 1765 et
2483 1716 2824 1801 potestate

504 1790 693 1854 nobis
740 1789 1046 1854 divinitus
1094 1788 1349 1867 collata,
1400 1788 1644 1853 eisdem
1691 1786 1935 1851 clericis
1987 1809 2028 1851 a
2075 1787 2502 1853 Dunelmensi
2541 1789 2825 1855 ecclesia

504 1876 1027 1965 irrefragabiliter
1078 1876 1400 1954 recedere,
1456 1887 1525 1938 et
1571 1873 1679 1939 ubi
1729 1874 2091 1939 fraternitas
2135 1888 2248 1937 tua
2285 1875 2374 1939 eis
2407 1875 2716 1942 victualia
2749 1877 2820 1943 in

504 1964 637 2029 vita
689 1987 804 2029 sua
860 1962 1251 2027 sufficienter
1303 1960 1656 2047 providerit
1707 1962 1972 2047 pacifice
2023 1964 2388 2026 conversari
2442 1962 2818 2043 indicimus,

503 2051 903 2137 possessione
947 2050 1236 2138 qualibet
1267 2049 1692 2114 ecclesiastica
1720 2072 1833 2113 eos
1863 2062 2178 2134 perpetuo
2207 2048 2552 2133 privantes„
2580 2051 2634 2115 si
2666 2069 2824 2138 post

508 2152 641 2201 tam
687 2142 1105 2203 necessariam
1140 2159 1353 2202 rerum
1387 2134 1868 2200 ordinacionem
1908 2136 2282 2221 apostolicas
2312 2137 2822 2222 dispensacionis

506 2224 827 2291 beneficio
852 2224 943 2289 eis
974 2224 1225 2289 indulto
1254 2224 1708 2313 qualicumque
1741 2224 2164 2289 oblocucione
2203 2224 2546 2291 temeraria
2577 2248 2821 2291 renun-

512 2316 684 2378 ciare
779 2312 1305 2399 presumpserint.
1460 2310 1546 2375 Et
1681 2310 1937 2376 uoniam
2036 2312 2365 2390 debemus,
2457 2314 2821 2380 auxiliante

519 2400 687 2479 De0,
720 2414 1001 2465 statuere
1034 2421 1111 2462 ne
1140 2400 1441 2477 rediviva,
1494 2332 1679 2485 quodl
1719 2398 1902 2474 absit,
1930 2409 2276 2483 tempestas
2307 2401 2722 2485 superveniat
2751 2402 2820 2466 in

512 2504 860 2574 posterum,
896 2486 1234 2572 providere
1254 2486 1604 2551 monachos
1625 2486 1824 2571 quiin
1859 2484 2363 2551 Weremuthensi
2389 2502 2455 2552 et
2487 2488 2820 2574 Gyruensi

511 2574 905 2640 monasterio
952 2573 1171 2638 divino
1215 2572 1430 2639 officio
1474 2573 1853 2656 regulariter
1896 2571 2359 2658 mancipantur,
2393 2574 2458 2639 in
2491 2592 2821 2643 monaste-

511 2662 679 2725 rium
709 2660 1169 2738 Dunelmense,
1204 2660 1348 2725 Deo
1373 2674 1437 2724 et
1459 2660 1653 2724 beato
1677 2660 2042 2725 Cuthberto
2059 2662 2418 2727 reverendo
2441 2663 2820 2743 confessori,

515 2751 577 2813 in
632 2748 978 2835 praesencia
1022 2748 1373 2832 incorrupti
1430 2745 1631 2811 sancti
1687 2746 1995 2832 corporis,
2033 2750 2228 2833 juxta
2275 2750 2820 2816 Lindisfarnensis

508 2836 887 2901 'monasterii
936 2834 1265 2920 pristinam
1310 2833 1862 2911 consuetudinem,
1903 2832 2194 2898 ordinem
2230 2837 2654 2901 monasticum
2686 2860 2822 2903 ser-

514 2941 774 2989 vaturos
796 2924 1269 3007 imperpetuum
1290 2921 1636 2987 servituros
1656 2944 1940 3005 congrua
1957 2920 2424 2987 deliberacione.
2447 2925 2820 3001 convocari,

516 3026 583 3076 et
630 3012 908 3077 virorum
954 3024 1063 3075 aut
1096 3007 1562 3075 autenticorum
1596 3008 1966 3072 testimonio
1995 3008 2262 3073 stabiliri
2291 3025 2358 3075 et
2387 3014 2820 3092 corroborari,

515 3117 711 3186 atque
755 3101 846 3163 eis
891 3120 1165 3185 quaeque
1186 3097 1542 3161 necessaria
1571 3095 1895 3180 assignari,
1934 3095 2084 3160 Deo
2113 3111 2397 3176 auctore,
2429 3100 2822 3177 sanccimus3

518 3186 843 3273 praedictis
892 3201 1109 3250 tamen
1160 3184 1580 3261 monasteriis,
1626 3204 1774 3270 quae
1805 3182 2085 3268 suijuris
2116 3204 2258 3247 esse
2291 3200 2562 3263 constat,
2598 3208 2827 3253 mona-

518 3274 787 3339 chorum
838 3272 1210 3361 frequencia
1249 3285 1313 3335 et
1344 3270 1609 3336 servicio
1640 3292 1963 3358 nunquam
1996 3272 2390 3341 vacantibus.
2490 3274 2825 3340 Praeterea

520 3362 923 3426 decernimus
967 3374 1035 3424 et
1075 3357 1433 3438 statuimus,
1466 3371 1536 3423 et
1566 3359 1783 3444 scripti
1817 3357 2005 3443 hujus
2034 3358 2414 3425 auctoritate
2443 3362 2826 3427 omnimodo

520 3449 865 3524 firmamuS,
957 3444 1209 3510 uatinus
1254 3445 1552 3510 monachi
1598 3444 2074 3510 Dunelmenses
2119 3446 2202 3511 de
2241 3468 2354 3511 sua
2384 3470 2639 3533 semper
2669 3472 2829 3514 con·

523 3469 1200 3621 gregacione‘liberam
1230 3532 1626 3597 eleccionem
1649 3532 1887 3597 Prioris
1912 3532 2215 3597 habeant.
2299 3534 2387 3598 Et
2407 3534 2824 3624 quicumque,

525 3619 852 3686 communi
894 3619 1161 3683 fratrum
1208 3618 1494 3699 consilio,
1543 3631 1610 3684 et
1647 3640 1871 3684 eorum
1902 3619 2164 3705 propria
2193 3620 2546 3701 voluntate,
2577 3624 2830 3689 electus

528 3707 719 3775 Prior
736 3728 877 3771 esse
896 3707 1266 3785 merebitur,
1294 3718 1421 3771 tam
1442 3709 1650 3792 ipsum
1675 3729 1866 3794 quam
1891 3707 2242 3771 monachos
2264 3722 2330 3773 et
2349 3731 2576 3775 omnes
2595 3733 2826 3777 eorum

524 3794 957 3883 possessiones
1002 3792 1122 3859 sub
1175 3793 1347 3857 beati
1398 3794 1576 3860 Petri
1628 3808 1696 3859 et
1748 3793 2121 3882 apostolicae
2180 3794 2348 3860 sedis
2410 3798 2829 3883 proteccione

526 3898 593 3950 et
654 3881 1011 3969 patrocinio
1070 3880 1233 3945 susci
1283 3882 1504 3950 ientes.
1629 3882 1817 3960 Item,
1881 3882 2232 3946 secundum
2283 3884 2830 3951 Lindisfarnensis

525 3972 805 4039 Abbatis
850 3969 1177 4061 antiquam
1272 3966 1626 4055 ignitatem,
1675 3968 1990 4055 praedicto
2025 3969 2232 4033 Priori
2265 3970 2604 4037 dexteram
2643 3972 2832 4059 Epis-

525 4060 696 4144 copi,
730 4073 793 4123 et
823 4058 1098 4145 primum
1124 4056 1335 4121 locum
1359 4067 1427 4119 et
1450 4056 1758 4121 honorem
1783 4071 1932 4143 post
1957 4055 2354 4142 episcopum,
2381 4059 2533 4123 etin
2559 4060 2833 4125 ecclesia

530 4146 952 4211 Dunelmensi
1005 4145 1225 4213 sedem
1276 4142 1551 4208 Abbatis
1599 4144 1660 4207 iu
1707 4144 1928 4220 choro,
1977 4159 2044 4208 et
2089 4145 2306 4209 omnia
2348 4146 2560 4212 officia
2587 4161 2658 4212 et
2677 4148 2834 4232 jura

525 4232 798 4299 Abbatis
829 4256 1023 4321 super
1052 4228 1401 4297 monachos
1431 4245 1499 4297 et
1529 4252 1750 4296 eorum
1780 4231 2231 4317 possessiones,
2263 4234 2526 4299 nomine
2562 4234 2829 4315 Prioris,

1253 4414 1279 4441 ⁸
1302 4404 1596 4459 Interllned
1617 4406 1670 4457 in
1695 4404 1787 4459 the
1811 4406 2102 4472 transcrIpt.
