3000 5117
823 504 1248 559 Arrmtmx.
1288 506 1476 557 Anu.
1516 503 1917 559 Μοῦσαν,
2252 487 2559 561 cccxxxi

251 662 660 729 decernimus
739 664 874 730 uod
904 669 1240 733 concessio
1291 675 1358 733 et
1416 666 1737 733 indultum
1790 664 2043 733 Nicolai
2080 666 2567 767 praedecessoris

249 750 621 835 hujusmodi
667 773 708 817 a
793 752 1020 818 eadem
1051 754 1158 819 die
1189 776 1358 820 nona
1385 752 1695 819 kalendas
1744 754 2131 820 Novembris
2160 777 2347 820 suum
2379 756 2568 821 sorti-

251 853 450 903 antur
478 840 808 918 effectum,
842 840 1106 924 perinde
1135 862 1212 905 ac
1243 840 1296 905 si
1347 862 1544 927 super
1588 840 1713 905 illis
1741 839 1897 906 dicti
1932 840 2184 905 Nicolai
2213 842 2573 927 praedeces-

247 925 412 990 soris
442 926 684 991 litterae
712 927 834 992 sub
869 928 1154 1015 ejusdem
1183 925 1314 993 diei
1360 929 1533 993 datae
1576 927 1893 994 confectae
1922 926 2205 1006 fuissent,
2236 942 2431 1015 prout
2462 952 2570 994 su·

245 1016 466 1098 petius
510 1026 910 1092 ennarratur,
958 1014 1264 1102 quodque
1316 1026 1669 1100 praesentes
1728 1014 1963 1080 litterae
2018 1014 2103 1079 ad
2150 1016 2559 1101 probandum

243 1099 1054 1272 3ffi330⁰235535232²5⁸33
1057 1100 2565 1274 ¹1:31⁰¹1²3”ssfflfflffln'ffiffssssffss‘fflssissffiffss

243 1274 636 1359 requiratur.
727 1235 906 1337 Nulii
956 1296 1112 1359 ergo
1156 1278 1424 1340 omnino
1464 1272 1799 1340 hominum
1828 1275 2022 1341 liceat
2048 1274 2215 1341 hanc
2258 1274 2563 1364 paginam

242 1374 494 1424 nostrae
521 1360 866 1425 voluntatis
896 1373 960 1426 et
982 1360 1465 1427 constitucionis
1495 1359 1869 1446 infringere,
1896 1362 1999 1427 vel
2022 1363 2085 1426 ei
2108 1383 2269 1427 ausu
2285 1375 2561 1428 temera-

243 1448 348 1511 rio
365 1446 715 1516 contraire.
795 1447 864 1513 Si
889 1448 1029 1534 quis
1047 1465 1264 1514 autem
1279 1448 1406 1513 hoc
1426 1460 1818 1534 attemptare
1838 1448 2331 1535 praesumpserit,
2352 1450 2563 1535 indig-

243 1532 592 1599 nacionem
623 1532 1078 1619 omnipotentis
1108 1534 1262 1613 Dei,
1285 1550 1350 1600 et
1374 1536 1713 1602 beatorum
1749 1534 1924 1600 Petri
1954 1546 2023 1600 et
2056 1534 2262 1613 Pauli,
2294 1548 2557 1622 aposto-

242 1620 463 1684 lorum
493 1620 654 1704 ejus,
699 1642 768 1686 se
817 1621 1070 1687 noverit
1119 1622 1547 1687 incursurum.
1638 1620 1815 1687 Data
1849 1620 2104 1699 Romoe,
2161 1645 2201 1688 a
2246 1622 2332 1687 ud
2366 1623 2567 1688 Sanc-

243 1718 388 1769 tum
448 1706 734 1785 Petrum,
779 1729 948 1773 anno
999 1706 1459 1774 incarnacionis
1507 1708 1873 1775 Dominicae
1928 1712 2093 1775 1455
2108 1732 2129 1786 3
2226 1708 2562 1775 uodecimo

241 1791 562 1859 kalendas
593 1793 778 1874 Maii,
821 1794 1238 1882 pontificatus
1267 1794 1470 1861 nostri
1514 1816 1684 1863 anno
1712 1794 1944 1881 primo.
2546 1820 2553 1831 ·

431 2206 762 2252 ccxnvul.
855 2206 1268 2253 minturnas
1298 2208 1523 2253 sumni.
1556 2206 1997 2253 Rsscssrcmrm
2044 2208 2382 2253 vacum&-

431 2294 590 2338 nm(
651 2294 740 2337 DE
798 2294 1301 2340 lununomzcus
1350 2295 1523 2339 Auru
1573 2294 1859 2341 summm
1917 2294 1992 2339 m
2054 2294 2383 2341 EchBsuu

427 2380 871 2426 cA‘rnssnnAm
935 2381 1389 2427 DUNBLMBNSI
1446 2380 1851 2427 conrnc'rls.

1143 2482 1300 2594 [203.
1325 2524 1429 2577 Π.
1461 2522 1551 2578 τοι
1576 2528 1685 2592 os]

338 2665 636 2731 Praesens
659 2665 1000 2732 indentura
1025 2664 1198 2730 facta
1225 2665 1561 2745 Dnnelmi‚
1593 2672 1752 2730 vm⁰
1774 2663 1881 2730 die
1911 2664 2143 2730 mensis
2160 2663 2205 2729 J
2208 2662 2359 2744 unii,
2384 2686 2559 2732 anno

249 2750 524 2818 Domini
551 2752 888 2818 millesimo
919 2756 1320 2831 cccc¹¹²⁰1.v‘⁰‚
1368 2754 1535 2819 inter
1586 2752 2013 2817 venerabilem
2058 2764 2307 2838 patrem
2348 2751 2559 2818 domi-

246 2858 406 2902 num
441 2838 872 2905 VVillielmum
907 2840 1200 2904 Priorem
1239 2839 1527 2905 ecclesiae
1558 2838 1942 2904 cathedralis
1972 2838 2445 2919 Dunelmensis,
2470 2862 2559 2905 ex

246 2938 438 3011 parte
466 2946 613 3026 una,
647 2940 714 2991 et
744 2926 1081 2991 dominum
1128 2926 1432 3029 Aianum·
1465 2925 1857 3028 Cbaumbre,
1906 2938 2223 2991 rectorem
2268 2926 2555 2991 ecclesiae

250 3012 636 3165 ''ffbffifflff
656 3011 2558 3186 imm&&sffhssgxzzzffisstazdszss*3⁵⁶3

251 3196 378 3263 tur,
409 3185 589 3271 quod
619 3186 831 3252 dictus
864 3186 1108 3252 Alanus
1150 3184 1396 3265 habuit,
1451 3184 1826 3263 sublevavit,
1876 3185 2265 3271 realiterque
2308 3188 2555 3273 recepit

249 3270 336 3335 de
395 3272 678 3357 proefatis
735 3272 1082 3338 venerabili
1141 3285 1326 3359 patre
1380 3272 1651 3338 domino
1710 3272 1934 3339 Priore
1983 3271 2096 3337 Du
2104 3270 2428 3351 nelmensi,
2490 3274 2558 3339 in

251 3358 502 3445 capella
528 3360 730 3425 sancti
765 3358 1063 3425 Nicholai
1093 3359 1256 3425 infra
1281 3358 1641 3446 hospicium
1670 3380 1855 3425 suum
1886 3358 2140 3436 situata,
2174 3379 2413 3437 mense,
2445 3360 2554 3427 die

249 3456 321 3508 et
347 3466 522 3509 anno
565 3444 1030 3533 suprascriptis,
1077 3448 1144 3510 in
1188 3446 1543 3531 praesencia
1587 3457 1657 3511 et
1704 3446 1825 3511 sub
1868 3446 2006 3510 visu
2059 3466 2137 3509 ac
2184 3445 2557 3514 testimonio

248 3531 713 3597 venerabilium
741 3534 1022 3597 virorum
1051 3532 1336 3616 magistri
1366 3531 1677 3599 Johannis
1698 3530 1998 3609 Lounde,
2025 3529 2088 3596 in
2108 3542 2387 3621 utroque
2404 3533 2557 3619 jure

249 3616 596 3697 bacallarii,
643 3640 706 3684 m
793 3619 926 3684 istri
958 3618 1290 3704 hospitalis
1316 3619 1402 3684 de
1440 3618 1723 3705 Kepyer,
1760 3618 2034 3684 Roberti
2072 3616 2289 3685 Rodes
2320 3620 2556 3724 armig-

251 3704 366 3783 eri,
398 3705 727 3771 senoecalli
801 3705 1000 3769 omini
1033 3704 1273 3769 Prioris
1300 3704 1591 3771 ecclesiae
1624 3704 2031 3770 Cathedralis
2076 3704 2557 3787 Dunelmensis,

241 3790 500 3865 ‚domini
535 3790 876 3855 Willielmi
925 3790 1171 3855 Dalton
1218 3789 1568 3878 supprioris
1596 3792 1887 3877 ejusdem
1929 3790 2241 3868 ecclesiae,
2296 3792 2559 3859 Ricardi

255 3874 402 3943 Bell
448 3877 721 3955 terrarii,
767 3876 1111 3942 Willielmi
1159 3878 1358 3943 Seton
1398 3877 1781 3954 cancellarii,
1822 3890 1889 3942 et
1926 3897 2125 3941 sacras
2172 3876 2557 3964 Theologiae

251 3963 768 4041 bacallariorum,
827 3964 1115 4048 magistri
1171 3963 1494 4029 Johannis
1545 3963 1845 4027 Hexham
1890 3962 2128 4047 publici
2171 3966 2557 4030 auctoritate

253 4050 608 4135 apostolica
635 4050 886 4128 notarii,
919 4072 996 4115 ac
1027 4049 1434 4117 dominorum
1481 4048 1828 4115 Willielmi
1860 4047 2179 4114 Barkdale
2209 4062 2279 4115 et
2308 4050 2556 4116 Johan-

251 4136 352 4199 nis
416 4135 790 4221 Hagreston
850 4137 1353 4222 capellanorum,
1423 4135 1685 4201 Ricardi
1742 4135 2026 4201 Claxton
2083 4148 2151 4201 et
2211 4136 2555 4203 willielmi

260 4222 680 4310 Kyllynghall
705 4245 1184 4307 generosorum,
1231 4245 1546 4289 summam
1599 4224 1933 4308 sexaginta
1973 4243 2203 4287 novem
2248 4222 2558 4291 librarum

253 4322 328 4375 et
353 4306 580 4394 viginti
609 4308 1043 4391 denariorum,
1074 4310 1160 4376 de
1189 4309 1310 4399 piis
1340 4310 1781 4376 oblacionibus
1802 4308 2091 4376 fidelium
2120 4311 2561 4395 provenienci-

253 4418 366 4459 um
415 4418 532 4480 per
583 4396 1072 4487 Indulgenciam
1125 4397 1505 4465 sanctissimi
1546 4396 1743 4483 patris
1783 4394 2026 4463 domini
2071 4397 2269 4461 nostri
2310 4399 2557 4465 domini

257 4481 562 4551 Nicholai
587 4504 792 4572 nuper
826 4486 1022 4573 Papae
1053 4485 1261 4575 quinti,
1289 4507 1680 4555 concessam.
1778 4484 1855 4550 In
1886 4504 2159 4574 quorum
2185 4484 2469 4555 omnium
2490 4500 2557 4552 et
