3000 5117
487 444 622 519 clvi
927 458 1133 537 rus-12.
1173 456 1533 510 nonum.
1574 456 2043 509 sempromzs
2079 460 2293 513 rans·

469 640 574 692 tra
625 636 690 689 et
743 642 1180 688 successorum
1231 630 1601 685 nostrorum
1652 642 2210 721 quorumcumque
2277 620 2785 694 Eboracensium

467 711 1116 797 Archiepiscoporum
1169 705 1545 793 proesencia,
1608 707 1811 772 mitris
1872 710 2323 775 tantummodo
2382 712 2785 780 aurifrisiatis

465 823 602 865 non
647 812 865 864 tamen
911 816 1137 861 aureas
1182 794 1286 859 vel
1329 807 1673 879 argenteas
1718 794 1987 860 laminas
2016 810 2132 861 aut
2158 820 2451 882 gemmas
2480 799 2786 866 habenti-

465 888 606 963 bus,
655 908 732 951 ac
775 886 976 951 eciam
1007 882 1220 959 anulo,
1251 882 1484 945 baculo
1513 882 1840 967 pastorali,
1874 882 2195 961 sandaliis,
2222 896 2291 949 et
2320 884 2460 949 aliis
2492 886 2786 976 insigniis

467 972 972 1047 pontificalibus,
1004 992 1080 1034 ac
1104 968 1280 1057 quod
1305 968 1369 1032 in
1390 968 1500 1053 huj
1510 968 1759 1032 usmodi
1782 968 2327 1036 celebracionibus
2350 971 2519 1037 infra
2536 974 2781 1041 dictam

466 1074 753 1125 nostram
811 1058 1212 1145 provinciam
1257 1068 1448 1119 extra
1491 1070 1780 1121 nostram
1840 1070 1909 1121 et
1952 1056 2271 1121 dictorum
2332 1082 2781 1129 successorum

466 1160 836 1213 nostrorum
866 1144 1279 1231 praesenciam
1311 1142 1701 1229 ubicumque
1744 1141 2077 1221 faciendis,
2110 1144 2314 1209 mitris
2344 1146 2776 1229 aurifrisiatis,

465 1256 692 1300 aureas
736 1233 840 1297 vel
885 1243 1222 1317 argenteas
1267 1227 1535 1293 laminas
1580 1252 1657 1295 ac
1684 1250 1973 1313 gemmas
2001 1230 2411 1311 habentibus,
2444 1256 2583 1299 uno
2626 1259 2779 1303 cum

464 1322 682 1399 anulo,
735 1319 972 1385 baculo
1022 1314 1348 1404 pastorali,
1396 1328 1468 1379 et
1495 1316 1633 1381 aliis
1686 1316 2162 1401 pontificalibus
2210 1318 2496 1403 insigniis
2544 1345 2779 1410 supra·-

463 1407 674 1485 dictis,
707 1406 1058 1472 secundum
1089 1402 1361 1468 formam
1391 1415 1460 1467 et
1489 1415 1777 1467 tenorem
1809 1403 2126 1489 privilegii
2159 1403 2249 1469 eis
2281 1428 2473 1491 super
2494 1408 2625 1475 hoc
2655 1434 2779 1497 per

466 1497 705 1562 Sedem
765 1491 1198 1578 Apostolicam
1245 1488 1550 1567 concessi,
1582 1502 1653 1555 et
1696 1504 1891 1576 prout
1932 1492 2025 1554 eis
2056 1490 2397 1571 videbitur,
2452 1494 2632 1561 licite
2679 1499 2773 1564 uti

459 1583 742 1659 valeant,
764 1582 1006 1667 absque
1036 1575 1557 1642 contradiccione
1578 1591 1797 1641 nostra
1824 1576 1925 1641 vel
1944 1599 2377 1643 successorum
2399 1596 2771 1651 nostrorum

459 1668 936 1755 proedictorum,
967 1664 1052 1730 ad
1096 1663 1585 1750 requisicionem
1630 1680 1699 1729 et
1742 1662 2081 1748 specialem
2112 1680 2409 1750 rogatum
2439 1666 2769 1737 dictorum

463 1755 701 1821 Prioris
747 1766 817 1819 et
863 1755 1260 1828 Conventus,
1293 1762 1607 1838 quantum
1652 1750 1717 1814 in
1759 1749 1949 1814 nobis
1988 1764 2108 1827 est,
2155 1752 2489 1819 licenciam
2536 1770 2769 1824 tenore

459 1841 886 1931 praesencium
931 1837 1342 1903 concedimus
1387 1850 1456 1901 et
1498 1838 1767 1901 liberam
1809 1836 2205 1903 facultatem.
2318 1840 2397 1904 In
2443 1844 2625 1927 cujus
2670 1846 2769 1909 rei

457 1927 895 1995 testimonium
939 1925 1220 2014 sigillum
1261 1938 1551 1988 nostrum
1598 1923 1865 1989 fecimus
1908 1924 2029 1987 hiis
2072 1926 2332 2010 apponi.
2470 1930 2651 1995 Data
2698 1934 2767 1997 in

457 2015 746 2085 manerio
788 2028 1008 2079 nostro
1043 2012 1127 2078 de
1163 2010 1414 2096 Thorp,
1448 2030 1516 2073 v¹
1550 2012 1656 2075 die
1688 2010 1919 2076 mensis
1954 2012 2256 2098 Augusti,
2288 2035 2459 2079 anno
2492 2016 2769 2084 Domini

451 2102 792 2169 millesimo
823 2110 1023 2166 eccm
1050 2098 1445 2182 octogesimo
1474 2097 1778 2167 secundo.
1877 2096 1965 2162 Et
1996 2114 2233 2163 nostrae
2250 2106 2765 2171 consecrationis

452 2212 651 2257 nono-

631 2552 967 2602 cxxxvul.
1045 2550 1429 2595 ExcusAcm
1481 2550 1793 2595 ROBERTI
1854 2550 2137 2597 Pmoms
2198 2552 2285 2597 ΕΤ
2344 2554 2575 2599 PRESI-

631 2640 882 2688 DBNTIS
929 2638 1384 2682 Pnovmcmu
1433 2638 1774 2683 CAPITULO
1822 2638 2016 2689 QUOD
2052 2638 2413 2692 NEQmBAT
2442 2642 2579 2685 1131-

629 2728 779 2774 mm
814 2724 1186 2771 m'rmttssn
1217 2725 1432 2770 CAUSA
1464 2724 1972 2771 1N11RM1TAT180

1327 2840 1490 2911 [neg.
1512 2840 1591 2894 11.
1613 2840 1702 2894 fol.
1721 2842 1869 2907 εει]

539 2986 910 3053 Venerabili
957 2994 1027 3050 et
1071 2984 1372 3069 religioso
1401 2984 1543 3048 viro
1587 2983 1853 3049 domino
1906 2984 2037 3050 Dei
2088 2984 2305 3069 gracia
2340 2986 2579 3053 Abbati
2610 3010 2755 3056 mo-

446 3074 708 3142 nasterii
765 3074 850 3139 de
917 3072 1236 3157 Ramesey
1299 3070 1542 3135 ordinis
1604 3073 1809 3135 sancti
1876 3071 2235 3150 Benedicti,
2272 3074 2751 3141 Lincolniensis

447 3164 801 3240 dioceseos,
849 3161 1142 3224 instantis
1187 3157 1451 3243 capituli
1494 3158 1811 3242 generalis
1860 3157 2213 3246 Nigrorum
2260 3160 2751 3228 Monachorum

443 3250 514 3315 in
565 3246 1010 3314 Cantuariensi
1055 3261 1124 3309 et
1177 3244 1572 3309 Eboracensi
1615 3244 1979 3328 provinciis,
2012 3246 2185 3329 apud
2234 3246 2551 3313 Nos-tham
2606 3264 2746 3328 ton,

443 3338 640 3401 dante
676 3332 962 3397 Domino
993 3331 1385 3409 celebrandi,
1426 3330 1818 3415 praesidenti,
1857 3332 2181 3396 Robertus
2232 3332 2418 3398 Prior
2448 3272 2747 3401 ecepesioe

437 3420 822 3487 cathedralis
867 3417 1347 3496 Dunelmensis,
1380 3416 1633 3502 praefati
1678 3416 1935 3502 capituli
1980 3417 2142 3483 alius
2172 3419 2540 3504 proesidens,
2576 3423 2750 3487 salu-

439 3524 596 3586 tem,
632 3528 780 3570 cum
809 3505 982 3568 omni
1012 3525 1140 3591 qua
1168 3503 1355 3568 decet
1399 3505 1769 3569 reverencia
1796 3517 1864 3567 et
1893 3504 2160 3569 honore.
2258 3507 2429 3581 Quia
2459 3510 2745 3595 quadam

439 3594 616 3681 gravi
662 3590 1057 3668 infirmitate,
1091 3612 1237 3690 quae
1283 3612 1491 3675 nuper
1522 3589 1703 3655 nobis
1734 3590 1967 3655 accidit
1998 3590 2062 3654 in
2095 3589 2367 3657 dextero
2396 3594 2622 3674 latere,
2656 3596 2743 3663 de

436 3702 568 3770 qua
611 3678 898 3743 nondum
940 3691 1145 3741 sanati
1191 3698 1426 3755 sumus,
1475 3691 1793 3755 causante,
1827 3676 2123 3741 timemus
2166 3702 2357 3765 quam
2392 3682 2743 3765 plurimum

435 3769 562 3834 iter
589 3786 894 3851 magnum
927 3764 1228 3864 arripere,
1261 3784 1344 3828 ne
1375 3764 1513 3849 ipsa
1539 3763 1873 3828 infirmitas
1904 3786 1991 3828 ex
2008 3764 2360 3851 insperato,
2394 3783 2468 3833 ut
2498 3768 2741 3853 saepius

433 3856 622 3921 nobis
651 3852 947 3938 contigit,
971 3851 1034 3915 in
1061 3850 1286 3916 itinere
1320 3873 1436 3915 nos
1459 3849 1727 3937 impetat
1749 3865 1815 3915 et
1846 3850 2126 3929 infestet,
2160 3854 2527 3939 ac‘insuper
2600 3857 2739 3923 uod

431 3943 647 4029 plures
677 3952 1010 4029 magnates
1041 3952 1108 4002 et
1136 3937 1402 4015 domini,
1435 3959 1558 4022 pro
1590 3950 1773 4024 parte
1803 3936 2045 4002 domini
2076 3938 2277 4003 nostri
2317 3940 2516 4028 Regis
2548 3879 2739 4027 Rug-

429 4030 560 4107 liae,
587 4029 671 4093 ad
704 4025 1110 4093 tractandum
1151 4046 1296 4088 cum
1331 4024 1573 4089 Scottis
1621 4025 1705 4090 de
1756 4024 2019 4109 treugiS,
2054 4046 2234 4111 pace,
2284 4041 2352 4091 et
2384 4030 2737 4095 concordia

432 4116 598 4180 inter
627 4137 829 4199 regna
861 4112 1118 4197 Angliae
1149 4126 1216 4176 et
1249 4111 1496 4176 Scociae
1545 4112 1608 4174 in
1660 4111 1952 4198 partibus
1981 4111 2215 4176 nostris
2251 4116 2387 4201 jam
2418 4116 2732 4195 existunt,

429 4216 498 4267 et
531 4223 730 4287 usque
761 4201 844 4265 ad
871 4218 1124 4285 tempus
1155 4198 1312 4262 dicti
1343 4196 1626 4281 capituli,
1661 4197 1759 4262 vel
1794 4219 2016 4283 prope,
2050 4219 2137 4263 ex
2170 4220 2362 4264 causa
2391 4202 2729 4285 praedicta,

428 4303 503 4353 ut
551 4287 951 4372 supponitur,
1008 4286 1449 4362 morabuntur,
1508 4306 1651 4348 cum
1683 4284 1914 4369 quibus
1943 4305 2063 4369 pro
2093 4288 2436 4351 commodo
2472 4288 2731 4355 Domus

425 4388 687 4449 nostrae,
723 4372 1018 4437 videlicet
1039 4395 1161 4457 pro
1190 4370 1641 4454 recuperacine
1664 4370 1865 4434 Cellae
1896 4383 2137 4435 nostrae
2166 4373 2250 4437 de
2272 4372 2729 4459 Coldyngham

426 4475 492 4525 et
523 4460 788 4524 aliarum
819 4458 1284 4543 possessionum
1317 4457 1378 4520 in
1404 4456 1526 4520 illis
1554 4456 1841 4541 partibus
1866 4456 2309 4536 existe-nciam,
2332 4459 2415 4523 ad
2442 4462 2728 4527 valorem
