3000 5117
671 509 1070 561 aonam-us
1109 511 1212 560 m:
1249 507 1768 561 anrsraurs.
2230 495 2373 570 109

67 681 93 776 [
134 665 536 743 Archidiaconi
586 693 782 759 quam
842 667 1054 756 potuit
1103 667 1402 746 fovebat3
1477 670 1709 757 quibus
1766 672 2093 748 recusatis,
2156 673 2375 736 statim

130 765 324 832 offensa
397 763 432 825 ?
462 759 752 845 ostensa)
801 774 901 822 est
931 780 1098 822 nova
1127 757 1486 822 commissio
1516 758 1689 822 facta
1721 757 2002 822 Ricardo
2032 758 2115 822 de
2151 759 2373 836 cotes,

127 851 315 916 rectori
402 871 440 912 e
473 848 865 912 Alwentona
907 844 975 909 in
1009 842 1520 920 Northumbria3
1565 845 1674 930 qui
1703 845 1917 908 statim
1948 843 2200 909 monuit
2229 867 2377 931 pro·

129 949 436 1003 curatorem
495 932 742 997 Prioris
785 929 1004 995 libello
1050 930 1463 1017 respondere,
1497 945 1566 995 et
1594 929 2123 996 deliberationem
2152 947 2380 1016 peten-

129 1041 226 1090 tem
250 1044 386 1087 cum
415 1018 708 1096 domino,
758 1039 878 1098 nec
924 1017 1060 1081 sine
1107 1017 1569 1083 deliberatione
1612 1019 1997 1102 respondere
2029 1017 2376 1097 volentem,

128 1111 252 1173 sicut
297 1129 414 1172 nec
473 1105 727 1182 debuit,
782 1103 1382 1180 excommunicavit,
1456 1103 1878 1203 praefecitque
1936 1104 2143 1169 Priori
2202 1106 2381 1170 diem

131 1195 317 1262 Martis
362 1191 669 1280 proximo
719 1203 1112 1278 sequentem,
1145 1190 1212 1254 in
1259 1190 1527 1255 ecclesia
1566 1191 1794 1276 majori
1828 1190 2275 1270 Dunelmensi,
2294 1191 2383 1257 ad

129 1281 510 1368 procuratoris
543 1280 644 1342 sui
689 1277 1158 1343 contumaciam
1187 1277 1640 1344 excusandam.
1736 1276 1889 1352 Quo
1917 1279 2026 1342 die
2054 1292 2383 1344 recusatus

129 1385 204 1434 est
226 1369 366 1454 ipse,
412 1365 570 1452 quia
613 1363 1224 1442 excommunicatae,
1271 1378 1340 1430 et
1365 1364 1498 1444 alii,
1534 1366 1687 1451 quia
1714 1366 2173 1430 commensales
2202 1377 2271 1430 et
2298 1367 2385 1431 de

132 1455 327 1519 familia
372 1451 729 1538 Episcopi3
773 1451 886 1516 sed
938 1473 1085 1515 cum
1137 1473 1304 1516 unus
1362 1464 1766 1516 recusaretur
1804 1451 2019 1516 statim
2070 1474 2193 1536 pro
2250 1454 2383 1517 alio

131 1542 450 1606 commissio
493 1539 878 1603 habebatur.
968 1537 1270 1602 Tandem
1316 1538 1533 1603 Lucas
1584 1538 1897 1616 medicuS,
1928 1551 1996 1604 et
2022 1539 2085 1604 J.
2116 1539 2201 1603 de
2232 1539 2385 1604 Bel-

131 1643 271 1704 tona‚
300 1627 572 1693 clericus
613 1625 698 1688 de
744 1623 990 1708 capella
1023 1623 1348 1708 Episcopi,
1383 1637 1658 1710 uterque
1690 1626 1860 1709 juris
1889 1625 2177 1712 ignarus,
2206 1649 2385 1691 com-

131 1714 362 1778 missarii
389 1714 456 1776 in
489 1711 616 1774 hac
662 1732 875 1787 causa,
909 1725 1254 1796 antequam
1302 1712 1498 1775 scribi
1541 1713 1754 1794 potuit
1783 1734 2011 1775 eorum
2041 1715 2383 1790 recusati0,

133 1813 477 1864 monuerunt
531 1809 1022 1882 procuratorem
1078 1795 1326 1860 Prioris
1374 1796 1597 1862 libello
1648 1798 2084 1882 respondere:
2134 1812 2199 1864 et
2242 1799 2387 1883 ipso

134 1887 346 1950 dicente
373 1908 440 1948 se
471 1883 557 1948 ad
589 1885 720 1947 hoc
748 1905 883 1946 non
913 1883 1140 1960 teneri,
1176 1905 1256 1945 eo
1285 1883 1462 1968 quod
1492 1905 1685 1946 causa
1714 1884 1941 1948 eadem
1972 1885 2039 1948 in
2071 1887 2390 1970 superiori

134 1976 280 2036 curia
333 1970 735 2036 Eboracensi
787 1970 1114 2054 pendebat
1168 1969 1470 2046 indecisa,
1522 1991 1717 2056 quam
1761 1972 2211 2055 exceptionem
2254 1995 2391 2038 non

135 2071 517 2144 acceptantes,
573 2057 896 2121 Beltonus
945 2056 1242 2119 Priorem
1278 2068 1344 2119 et
1394 2055 1749 2139 capitulum
1789 2059 2391 2124 excommunicavit.

138 2146 336 2210 Postea
378 2157 600 2208 tamen
644 2141 966 2206 informati
1011 2155 1158 2205 sunt
1189 2141 1436 2225 praefati
1472 2141 1727 2225 judices
1757 2165 1875 2228 per
1910 2143 2279 2223 advocator„
2329 2159 2395 2212 et

138 2231 388 2295 Priorem
418 2245 485 2294 et
534 2231 820 2314 majores
850 2227 1112 2314 capituli
1141 2229 1660 2312 pronunciarunt
1688 2233 2297 2310 excommunicatoS,
2330 2247 2396 2297 et

139 2319 474 2382 denunciari
515 2318 814 2380 fecerunt
856 2337 975 2400 per
1019 2328 1225 2379 totum
1271 2318 1742 2400 episcopatum.
1831 2318 2254 2402 Appellatum
2300 2331 2399 2384 est

48 2483 50 2486 y
135 2426 232 2487 pro
260 2405 482 2468 Priore
532 2417 604 2468 et
631 2403 984 2487 majoribus
1029 2399 1295 2486 capituli
1339 2402 1424 2466 ad
1453 2402 1699 2466 curiam
1734 2401 2099 2468 Romanam
2130 2405 2395 2482 directe,

137 2507 188 2556 et
227 2491 698 2556 Eboracensem
751 2509 874 2572 pro
925 2489 1226 2564 tuicione,
1273 2501 1340 2552 et
1381 2491 1673 2574 quamvis
1717 2491 1973 2554 interim
2030 2491 2397 2577 Episcopus

136 2577 562 2641 Dunelmensis
623 2573 988 2640 Officialem
1065 2574 1567 2651 Eboracensem,
1646 2574 1974 2640 Thomam
2051 2576 2395 2662 Sampson,

140 2663 594 2748 stipendiarium
641 2683 832 2728 suum
877 2661 1154 2739 fecisset,
1201 2661 1326 2747 ipsi
1372 2662 1751 2746 pensionem
1780 2684 2063 2728 annuam
2108 2678 2175 2730 et
2205 2665 2399 2732 robas

141 2773 258 2815 suas
307 2749 726 2826 conferendo,
779 2747 1228 2812 inhibitionem
1279 2761 1496 2812 tamen
1544 2747 1733 2812 Prior
1782 2750 1876 2814 ibi
1928 2751 2233 2835 optinuit,
2282 2753 2399 2818 sed

141 2835 368 2902 clericus
404 2837 680 2912 Prioris,
709 2835 774 2900 J.
809 2835 894 2899 de
938 2833 1222 2912 Herlaw,
1253 2833 1707 2901 inhibitionem
1740 2835 2071 2922 Episcopo
2098 2838 2399 2908 deferens

141 2922 280 3004 apud
315 2921 776 3008 Wolsingham,
807 2922 878 2984 in
909 2943 1026 2986 sua
1047 2921 1394 2986 venacione
1421 2922 1750 2998 existenti,
1783 2924 2011 2988 mortis
2036 2925 2401 3008 periculum

140 3009 228 3071 vix
251 3010 471 3085 evasit3
513 3008 832 3074 insultum
855 3008 916 3072 ei
947 3007 1276 3084 dantibus,
1303 3006 1416 3091 qui
1440 3029 1589 3072 cum
1615 3007 1947 3093 Episcopo
1964 3024 2170 3086 erant,
2196 3011 2401 3076 Fran-

143 3094 230 3158 cis·
325 3095 512 3160 Misit
572 3117 731 3181 ergo
792 3095 985 3158 Prior
1035 3095 1121 3158 ad
1182 3095 1451 3158 Curiam
1499 3107 1579 3157 -et
1627 3094 2017 3178 impetravit.
2132 3095 2403 3161 Interim

147 3179 470 3266 Episcopus
531 3182 975 3246 visitacionem
1033 3201 1216 3245 suam
1288 3180 1495 3265 petiit,
1558 3191 1633 3243 ut
1705 3181 1939 3243 timore
2011 3180 2405 3248 visitacionis

145 3265 400 3332 Priorem
443 3267 786 3332 induceret
829 3267 1058 3330 saltem
1093 3265 1178 3330 ad
1207 3263 1757 3328 consenciendum
1788 3265 2109 3328 consimili
2138 3288 2405 3352 compo-

143 3354 322 3418 sitioni
368 3355 541 3418 inter
595 3365 899 3437 nepotem
949 3372 1140 3414 suum
1192 3349 1751 3414 Archidiaconum
1802 3363 1869 3414 et
1912 3352 2149 3436 ipsum,
2196 3355 2405 3440 qualis

144 3457 257 3504 erat
279 3441 440 3504 inter
483 3439 785 3504 Priorem
815 3450 882 3501 et
915 3437 1242 3501 Thomam
1270 3435 1817 3521 praedecessorem
1847 3459 2077 3514 suum;
2121 3461 2246 3523 pro
2274 3441 2403 3508 hoc

144 3527 284 3590 enim
327 3527 700 3613 frequenter
749 3546 825 3587 ro
873 3535 1126 3598 averat;
1171 3535 1256 3599 et,
1303 3523 1456 3608 quia
1491 3523 1789 3606 optinere
1816 3546 1951 3590 non
1979 3527 2215 3610 potuit,
2250 3551 2405 3594 con-

145 3623 424 3696 temptum
476 3635 550 3677 se
597 3547 962 3696 reputafiat.
1053 3609 1248 3674 Prior
1299 3630 1455 3672 vero
1508 3621 1573 3672 et
1618 3609 1995 3694 capitulum,
2052 3613 2407 3702 allegantes

148 3699 510 3764 sterilitatem
571 3698 902 3762 fructuum
953 3708 1020 3761 et
1061 3693 1405 3780 penuriam
1463 3695 1621 3759 foeni
1664 3709 1731 3760 et
1774 3697 1999 3782 pabuli
2040 3720 2162 3783 pro
2222 3703 2407 3788 equis

148 3785 272 3848 anni
311 3785 502 3862 illius,
553 3798 622 3849 et
669 3783 824 3848 ideo
873 3805 1072 3870 grave
1118 3782 1286 3845 foret
1327 3781 1420 3845 eis
1449 3803 1683 3846 vocare
1710 3783 1943 3848 fratres
1972 3785 2053 3848 de
2088 3786 2309 3862 cellis,
2340 3802 2411 3853 et

149 3871 310 3936 etiam
347 3894 544 3958 grave
587 3870 758 3936 foret
785 3871 1014 3954 patriae
1043 3867 1486 3934 visitacionem
1515 3870 1654 3954 ejus
1683 3869 1900 3934 subire
1930 3893 2105 3936 anno
2132 3872 2269 3949 illo,
2302 3895 2409 3938 ro·-

149 3957 358 4041 gabant
404 3979 554 4021 eum
599 3971 672 4022 ut
721 3957 1166 4022 visitacionem
1223 3975 1406 4018 suam
1461 3969 1849 4042 prorogaret
1900 3979 2107 4043 usque
2164 3979 2407 4024 novum

149 4063 406 4126 granum.
501 4043 614 4107 Ali
705 4044 839 4121 uin,
891 4043 944 4108 si
984 4041 1158 4108 istud
1201 4063 1335 4105 non
1374 4041 1679 4119 deferret,
1726 4043 2153 4127 praesumptio
2182 4057 2413 4110 contra

149 4147 274 4191 eum
316 4129 478 4196 foret
519 4153 608 4216 qu
742 4129 961 4215 potius
990 4129 1076 4192 ad
1105 4126 1474 4192 laedendum
1506 4150 1701 4213 quam
1732 4127 2121 4192 medendum
2152 4131 2413 4200 visitare

150 4213 330 4292 vellet,
358 4218 931 4302 praesumptionem
977 4238 1172 4280 causa
1214 4213 1683 4279 Archidiaconi
1728 4214 2126 4280 intendente.
2218 4217 2411 4304 Epis-

153 4319 344 4385 copus,
375 4325 550 4380 vero,
593 4316 866 4389 propter
916 4323 1176 4366 causam
1228 4300 1691 4365 Archidiaconi
1733 4300 2039 4381 offensuS,
2100 4317 2169 4370 et
2223 4327 2410 4373 occa-

48 4431 50 4434 >
155 4387 370 4454 sionem
415 4411 670 4475 semper
722 4401 950 4455 contra
980 4387 1277 4454 Priorem
1324 4401 1390 4452 et
1433 4385 1791 4470 capitulum
1821 4410 2139 4474 quaerenS,
2172 4413 2257 4458 ex
2286 4393 2412 4459 hac

155 4469 310 4538 litera
357 4477 558 4565 magis
603 4491 700 4542 est
743 4489 1166 4562 provocatus;
1213 4487 1279 4539 et
1321 4473 1605 4560 plurima
1648 4476 2095 4556 comminatuS,
2128 4479 2411 4558 tandem,
