3000 5117
854 431 1273 485 arrsnmx.
1312 434 1497 483 ANN.
1537 433 1923 485 mchxw.
2437 414 2538 489 liii

215 600 485 667 modius
529 594 889 665 faciendam
939 593 1273 660 consilium
1322 594 1560 659 curetis
1611 606 1678 660 et
1725 594 2038 661 auxilium
2079 596 2409 675 exhibere,
2443 598 2535 663 ita

268 688 405 754 uod
460 703 679 751 vestra
722 682 996 749 devocio
1041 681 1277 747 debeat
1311 681 1547 748 exinde
1576 703 1708 747 non
1739 682 2034 749 inmerito
2075 684 2528 750 commendari.

212 713 387 846 im.
430 776 675 841 Senon.
711 792 801 840 vt.
836 770 925 839 id.
968 769 1139 854 Aug.

398 1128 669 1173 xxxvn.
718 1128 975 1173 LITBRA
1020 1126 1337 1174 Jumctm
1386 1126 1477 1171 ΒΕ
1525 1128 1740 1173 ΟΑΠΒΑ
1770 1128 1988 1173 INTER
2017 1128 2348 1174 Amnum

398 1216 645 1260 SANCTI
706 1215 967 1259 ALBANI
1022 1216 1109 1259 BT
1168 1213 1489 1260 Palmum
1541 1215 2070 1261 mmmmm-mm!
2123 1216 2348 1275 sorta

402 1304 735 1349 tccmssm
764 1304 855 1347 DE
885 1300 1328 1346 Tmssuurnss.

1050 1418 1165 1485 [ει
1188 1420 1333 1487 oon·
1355 1418 1706 1487 ver-numm}

303 1536 703 1603 Reverendo
724 1536 891 1621 patri
922 1548 991 1600 et
1021 1533 1283 1599 domino
1314 1535 1398 1602 A.
1438 1532 1566 1599 Dei
1593 1534 1805 1622 gratia
1825 1556 2072 1600 summo
2099 1534 2399 1603 Pontifici
2441 1538 2520 1607 B.

210 1623 610 1691 Exoniensis
638 1622 923 1687 ecclesioe
956 1620 1239 1685 minister
1262 1618 1535 1697 humilis,
1567 1636 1636 1685 et
1667 1622 1887 1686 devoti
1917 1622 2030 1686 filii
2059 1624 2157 1688 sui
2187 1624 2272 1689 de
2301 1624 2526 1710 Burgo

212 1724 284 1777 et
351 1710 777 1778 Eboraceusis
830 1714 989 1790 [ita]
1048 1708 1357 1785 Abbates‚
1410 1708 1708 1787 salutern,
1741 1724 1810 1773 et
1840 1708 2080 1775 debitae
2109 1712 2524 1796 subjectionis

210 1798 681 1866 obedientiam.
777 1796 883 1861 Ad
944 1794 1377 1860 ventilandam
1434 1816 1712 1873 causam,
1768 1818 1917 1882 quae
1975 1796 2146 1861 inter
2197 1800 2526 1863 Abbatem

210 1886 429 1950 sancti
478 1884 713 1950 Albani
747 1896 813 1947 et
846 1882 1139 1948 Priorem
1166 1880 1670 1947 Dunelmensem
1701 1905 1896 1971 snper
1925 1884 2196 1949 ecclesia
2215 1885 2298 1951 de
2331 1885 2528 1952 Tine-

212 1972 447 2037 muthe
478 1984 861 2048 verteretur,
882 1971 1077 2056 juxta
1104 1968 1463 2034 sanctitatis
1494 1983 1720 2033 vestrae
1751 1970 2148 2049 mandatum,
2195 1973 2304 2037 die
2331 1973 2528 2057 parti-

216 2060 347 2124 bus
379 2063 655 2144 praefixo
683 2058 749 2121 in
779 2080 977 2121 unum
1008 2057 1247 2142 pariter
1276 2056 1711 2121 convenimus.
1797 2056 1920 2121 Illo
1948 2056 2058 2123 die
2085 2058 2148 2121 in
2177 2060 2522 2143 praesentia

214 2162 445 2211 nostra
494 2146 857 2231 comparuit
908 2144 1098 2209 Prior
1137 2142 1630 2221 Dunelmensis3
1682 2142 1990 2231 lectisque
2039 2147 2262 2211 vestris
2298 2169 2518 2212 coram

214 2234 703 2299 multitudinem
762 2232 1209 2317 religiosorum
1257 2230 1540 2294 virorum
1589 2245 1656 2295 et
1705 2231 2100 2311 clericorum,
2157 2246 2231 2298 ut
2289 2236 2358 2298 in
2411 2236 2520 2299 illa

219 2320 747 2407 procederemus,
812 2318 1123 2384 instanter
1192 2316 1584 2403 postulabat,
1651 2340 1937 2383 asserem
2008 2320 2518 2386 Dunelmensem

215 2408 559 2473 ecclesiam
584 2406 983 2491 temporibus
1009 2403 1285 2487 plurium
1316 2404 1774 2471 advocatorum
1801 2406 2246 2492 episcoporum
2272 2421 2340 2473 et
2369 2431 2522 2473 auc-

218 2496 509 2573 toritate,
558 2493 692 2571 din,
745 2493 1013 2578 pacifice
1059 2505 1126 2557 et
1156 2491 1376 2579 quiete
1402 2492 1732 2557 ecclesiam
1763 2492 1845 2557 de
1876 2493 2272 2559 Tinemuthe
2300 2518 2522 2582 posse-

211 2582 410 2661 disse,
460 2580 579 2645 sed
626 2582 908 2656 demum,
964 2599 1082 2664 per
1125 2579 1475 2644 secularem
1508 2592 1916 2665 potestatem,
1949 2593 2017 2645 et
2045 2580 2354 2647 laicorum
2385 2584 2520 2648 vio-

212 2670 438 2748 lentia,
472 2667 821 2733 monachos
849 2666 1314 2733 Dunelmenses
1346 2665 1657 2731 violenter
1685 2669 1922 2753 ejectos
1951 2668 2166 2747 fuisse,
2193 2685 2259 2734 et
2283 2692 2518 2735 eorun-

212 2758 361 2823 dem
392 2754 705 2820 laicorum
735 2754 1041 2820 violentia
1067 2752 1203 2818 sine
1233 2752 1582 2839 episcopali
1611 2757 1991 2819 auctoritate
2027 2757 2246 2821 Sancti
2279 2758 2516 2823 Albani

212 2843 569 2909 monachos
617 2842 809 2907 fuisse
860 2840 1159 2908 intrusos.
1278 2842 1429 2905 Suoe
1476 2855 1696 2905 autem
1741 2841 2078 2927 ejectionis
2131 2860 2200 2907 et
2240 2844 2516 2909 aliorum

212 2929 585 2996 intrusionis
634 2944 923 2994 autorem
974 2926 1167 2992 fuisse
1211 2927 1563 3013 praedictus
1617 2927 1803 2991 Prior
1846 2928 2102 2995 dicebat
2151 2930 2513 2996 Robertum

214 3018 299 3083 de
354 3016 648 3094 Mubrai,
704 3015 1005 3081 comitem
1050 3012 1658 3092 Norbanhumbriae,
1689 3015 1802 3099 qui
1829 3033 2218 3081 successerat
2253 3018 2515 3105 quibus-

212 3106 363 3171 dam
412 3103 555 3169 aliis
596 3102 979 3185 Comitibus,
1013 3122 1283 3189 quorum
1316 3101 1724 3188 largitionem
1754 3102 2079 3167 asserabat
2111 3103 2514 3169 Dunelmen-

208 3214 346 3257 sem
370 3190 713 3256 ecclesiam
736 3189 1067 3274 praefatam
1087 3188 1419 3253 ecclesiam
1444 3190 1529 3252 de
1553 3187 1946 3253 Tinemuthe
1969 3190 2272 3275 adeptam
2292 3191 2507 3262 fuisse.

213 3279 322 3346 Ad
370 3278 566 3366 hujus
617 3276 709 3341 rei
756 3277 1171 3341 assertionem
1220 3274 1558 3360 proposuit
1601 3274 1735 3339 duo
1779 3275 2104 3340 autentica
2145 3278 2402 3363 scripta,
2447 3281 2510 3344 in

208 3386 491 3453 quorum
538 3364 747 3428 altero
782 3362 1123 3427 Waldevus
1168 3362 1495 3460 quondam
1548 3362 1788 3426 Comes
1823 3361 2512 3445 Norhanhimbrorum,

207 3452 318 3541 qui
364 3453 609 3518 tercius
644 3448 769 3514 fuit
797 3465 951 3514 ante
997 3448 1381 3533 praedlctum
1418 3448 1782 3513 Robertum
1825 3449 1908 3515 de
1944 3449 2228 3529 Mubrai,
2261 3470 2514 3539 protes-

208 3554 383 3606 tatus
429 3552 535 3603 est
580 3560 653 3603 se
696 3536 949 3601 dedisse
1000 3552 1067 3601 et
1108 3534 1325 3620 scripti
1369 3536 1466 3599 sui
1489 3535 1842 3602 munimine
1871 3538 2292 3604 confirmasse
2314 3542 2512 3607 beato

211 3626 591 3693 Cuthberto
636 3638 702 3689 et
732 3622 1061 3687 monachis
1092 3621 1403 3687 Dunelmi
1432 3622 1766 3687 ecclesiam
1797 3625 1880 3689 de
1910 3624 2328 3705 Tinemuthe,
2363 3652 2510 3693 cnm

207 3712 513 3779 omnibus
542 3732 693 3798 quae
723 3724 1013 3793 tempore
1044 3710 1231 3773 factae
1250 3708 1758 3774 confirmacionis
1781 3710 2062 3778 habebat
2083 3730 2150 3779 et
2171 3718 2515 3799 postmodo

208 3813 351 3865 crat
396 3797 723 3865 habitura.
820 3796 987 3861 Haec
1032 3809 1255 3860 autem
1297 3794 1573 3860 donacio
1615 3810 1684 3863 et
1727 3799 2161 3878 confirmacio,
2205 3802 2372 3865 utin
2403 3804 2514 3869 illa

212 3888 547 3952 autentica
592 3896 774 3949 carta
800 3882 1274 3960 continebatur,
1306 3882 1481 3947 facta
1510 3882 1633 3946 fuit
1662 3882 1728 3948 in
1759 3885 2030 3951 ecclesia
2062 3886 2505 3967 Dunelmensi,

216 3972 562 4039 Walchero
620 3970 907 4059 ejusdem
966 3970 1254 4035 eeclesiae
1312 3968 1618 4056 episcopo
1680 3970 2166 4059 g[e]n[eru1em]
2215 3972 2516 4041 sinodum

212 4061 598 4137 celebrante,
652 4073 719 4123 et
766 4079 877 4121 eos
928 4070 1250 4143 perpetuo
1294 4070 1654 4121 anetemate
1685 4056 2224 4141 condempnante‚
2256 4060 2366 4144 qui
2397 4084 2518 4126 un.

212 4170 403 4249 quarn
436 4146 575 4209 ullo
605 4158 899 4229 tempore
930 4143 1305 4229 praedictam
1336 4142 1664 4207 ecclesiam
1695 4143 1780 4207 de
1814 4142 2168 4207 Tiuemuth
2197 4145 2280 4209 ab
2311 4148 2526 4213 eccle-v

212 4256 299 4298 sna
356 4230 787 4298 Dunelmensi
846 4231 1123 4295 alienare
1171 4243 1580 4315 praesument.
1673 4229 1996 4317 Alt[erum
2040 4228 2158 4317 au]
2203 4234 2512 4301 tenticnm

214 4321 518 4407 scriptum
566 4318 693 4383 fuit
728 4316 1047 4382 Willielmi
1081 4316 1404 4403 quondam
1444 4314 1894 4381 Dunelmensis
1925 4312 2230 4403 episcopi,
2263 4342 2510 4385 succes-

212 4430 365 4473 soris
394 4404 849 4495 praeuotniuati
882 4404 1237 4483 walcheri,
1273 4403 1338 4468 in
1365 4425 1496 4489 quo
1526 4401 2058 4488 comprehensum
2091 4405 2210 4471 suit
2236 4406 2511 4473 eundem

1366 4510 1413 4553 n
1440 4496 1483 4553 3
