3000 5117
419 459 712 534 ccccxvi
939 479 1137 530 ms‘r.
1175 473 1529 531 nunaLu.
1562 477 2017 532 solur-ronna
2053 479 2258 530 rans.

420 656 566 708 atur
611 641 794 706 Deus
841 639 1130 706 Deorum
1170 641 1234 704 in
1271 638 1319 704 S
1363 661 1469 704 on.
1570 637 1750 705 Sicut
1780 639 1847 703 in
1884 640 2076 706 sacris
2106 639 2472 706 continetur
2520 639 2727 706 literis

425 727 706 794 Romani
778 726 1096 813 principes
1164 727 1314 791 nobi
1343 726 1497 791 itate
1567 726 1921 790 animorum
1982 750 2369 813 quamquam
2443 727 2726 827 gentiles

417 837 645 901 pacem
692 813 1176 900 amiciciamque
1237 813 1323 876 ad
1390 824 1767 898 perpetuam
1829 813 2203 878 memoriam
2266 814 2502 878 tabulis
2554 811 2725 878 ereis

419 923 540 986 pro
570 900 896 986 republica
923 900 1480 964 consideraverunt
1524 921 1673 963 cum
1708 899 2080 964 Machebeis
2105 922 2125 976 ς
2170 921 2323 986 ymo
2353 914 2425 964 nt
2456 900 2724 964 dilectio

424 987 555 1052 Dei
587 985 988 1074 proximique
1019 987 1204 1051 firma
1245 999 1314 1050 et
1343 999 1643 1050 constans
1676 985 1843 1050 inter
1879 986 2193 1064 Hebreos,
2233 987 2359 1050 Dei
2390 986 2723 1073 quondam

422 1073 659 1139 electos
689 1073 981 1158 populos,
1007 1071 1272 1156 vigeret,
1306 1071 1539 1136 tabulis
1568 1071 1775 1137 saxeis
1800 1071 1969 1137 idem
1997 1073 2179 1138 Deus
2208 1073 2418 1160 legem
2452 1072 2725 1137 tradidit

425 1159 685 1246 Moysi3
729 1159 1038 1246 quinymo
1086 1173 1152 1224 et
1211 1157 1563 1222 novissimis
1607 1158 1833 1224 diebus
1886 1159 2043 1237 istm,
2094 1173 2165 1224 ut
2212 1159 2424 1224 verior
2468 1158 2722 1223 cercior

421 1246 758 1333 cariorque
788 1245 977 1311 fieret
1022 1243 1328 1322 amicicia,
1377 1245 1743 1324 concordia,
1775 1245 2077 1332 pacisque
2108 1245 2556 1310 confederacio
2592 1244 2723 1310 Dei

421 1347 490 1399 et
535 1334 814 1418 proximi
861 1354 992 1397 non
1043 1331 1208 1396 ereis
1255 1331 1543 1396 saxeisve
1588 1331 1843 1409 tabulis,
1897 1349 2009 1396 aut
2059 1333 2279 1410 literis,
2312 1333 2429 1397 sed
2484 1330 2724 1396 tabulis

423 1420 636 1486 cordis
681 1419 886 1483 nostri
935 1419 1254 1484 Dominus
1297 1419 1508 1494 Jesus‚
1559 1418 1691 1483 Dei
1734 1421 1937 1503 patris
1968 1418 2353 1503 unigenitae,
2401 1417 2724 1482 conscribi

421 1505 648 1583 voluit,
682 1519 754 1570 ut
783 1505 1012 1570 soliciti
1043 1527 1130 1570 ex
1159 1505 1498 1569 vivacitate
1545 1505 1875 1569 affectuosi
1906 1505 2119 1570 cordis
2148 1527 2545 1569 servaremus
2580 1504 2727 1569 uni-

421 1605 617 1658 tatem
641 1591 897 1676 spiritus
928 1592 992 1656 in
1014 1590 1269 1657 vinculo
1291 1591 1484 1676 pacis,
1507 1592 1682 1678 quin,
1710 1605 1781 1656 ut
1810 1591 1900 1656 ait
1922 1594 2255 1678 scriptura,
2280 1590 2454 1656 beati
2480 1591 2725 1656 erimus

421 1679 476 1742 si
515 1678 805 1743 amicicia
833 1678 1118 1744 decorati
1147 1679 1380 1754 simus3
1423 1699 1543 1763 per
1572 1699 1857 1743 amorem
1890 1679 2061 1744 enim
2093 1678 2334 1743 sociata
2363 1691 2461 1742 est
2490 1677 2725 1742 factori

421 1788 543 1830 suo
583 1780 883 1830 creatura
926 1765 1280 1842 racionalis,
1311 1764 1649 1851 solumque
1679 1783 1776 1829 est
1806 1765 2165 1830 dilectionis
2189 1765 2513 1830 vinculum
2540 1765 2727 1851 quod

421 1852 582 1936 ligat
609 1867 914 1939 utrosque
944 1854 1006 1915 in
1040 1852 1108 1916 id
1137 1851 1382 1936 ipsnm3
1413 1867 1483 1915 et
1514 1851 1800 1937 quamvis
1824 1875 2018 1916 nemo
2040 1851 2119 1916 sit
2146 1851 2209 1914 in
2232 1873 2471 1936 genere
2496 1853 2727 1916 huma-

421 1960 531 2015 no,
593 1938 696 2002 cui
753 1960 885 2002 non
937 1937 1228 2015 dilecci0,
1283 1939 1408 2002 etsi
1451 1959 1582 2002 non
1636 1959 1757 2023 pro
1804 1952 2031 2003 mutua
2074 1939 2361 2016 caritate,
2413 1961 2530 2024 pro
2580 1937 2727 2023 ipsa

425 2037 644 2090 tamen
673 2025 1030 2088 communis
1061 2040 1311 2088 naturae
1341 2023 1649 2089 societate
1680 2024 2015 2104 debeatur,
2049 2025 2138 2089 hii
2172 2039 2387 2090 tamen
2410 2047 2525 2090 nos
2560 2025 2727 2088 mul-

425 2126 563 2175 tum
598 2110 902 2197 justeque
925 2110 1250 2174 delectant
1279 2131 1320 2174 a
1349 2109 1580 2197 quibus
1626 2110 1895 2176 vicissim
1930 2125 2147 2176 sancte
2178 2128 2479 2199 casteque
2508 2109 2728 2194 diligi·

419 2218 584 2260 mur.
685 2197 880 2262 Unde
922 2196 1254 2280 pristinam
1293 2210 1534 2262 nostroe
1565 2197 1873 2262 amiciciae
1904 2198 2497 2264 confederacionem
2530 2219 2727 2262 reno-

421 2306 598 2360 vare,
647 2294 864 2370 atque,
901 2285 1095 2369 juxta
1138 2281 1474 2368 privilegia
1518 2306 1633 2368 per
1677 2297 2147 2350 sacrosanctam
2196 2285 2411 2350 sedem
2460 2297 2726 2369 aposto-

422 2370 614 2434 licam
689 2369 872 2434 nobis
946 2383 1012 2434 et
1085 2369 1295 2434 ordini
1369 2385 1594 2434 nostro
1670 2371 1941 2450 indulta,
1998 2386 2369 2436 renovatam
2414 2371 2725 2456 ampliare

423 2456 774 2542 cupientes,
822 2456 936 2520 has
981 2477 1198 2534 novas,
1232 2455 1382 2521 licet
1413 2457 1704 2536 incultas,
1740 2479 1935 2544 super
1966 2471 2215 2523 veteres
2245 2457 2459 2522 literas
2490 2457 2574 2522 ad
2606 2478 2725 2521 vos

421 2543 744 2608 destinare
772 2543 1154 2608 curavimuS.
1249 2544 1407 2621 Nos,
1431 2566 1608 2629 ergo,
1632 2545 2111 2610 considerantes
2140 2544 2411 2610 liberum
2434 2545 2727 2609 animum

425 2643 706 2695 vestrum
752 2653 896 2694 cum
942 2629 1228 2696 unanimi
1273 2643 1507 2696 vestrae
1551 2631 2095 2696 confraternitatis
2140 2653 2451 2696 consensu
2486 2631 2551 2694 in
2582 2652 2724 2708 nos,

423 2717 944 2804 singularemque
993 2715 1277 2781 caritatis
1323 2718 1627 2783 affectum
1672 2739 1803 2804 quo
1846 2739 1965 2781 nos
2011 2732 2075 2782 et
2108 2718 2399 2783 ordinem
2430 2731 2722 2782 nostrum

425 2803 880 2868 venerabiliter
905 2803 1189 2888 diligitis,
1237 2824 1486 2869 necnon
1520 2805 1785 2869 sinceroe
1818 2803 2187 2870 devocionis
2218 2805 2558 2882 fervorem,
2592 2826 2729 2890 quo

423 2903 664 2954 nostrae
723 2889 1246 2978 congregacionis
1292 2889 1398 2976 pie
1457 2890 1834 2956 desideratis
1886 2891 2333 2975 suffragiorum
2384 2890 2727 2991 participes

421 2977 584 3055 fieri,
627 2977 988 3060 gratissimo
1015 2977 1230 3042 animo
1287 2991 1653 3062 pensantes,
1714 2977 2097 3043 auctoritate
2146 2978 2497 3063 apostolica
2540 2977 2729 3042 nobis

425 3063 696 3141 indulta,
729 3063 813 3128 ad
845 3063 1138 3129 universa
1167 3076 1230 3128 et
1262 3063 1516 3151 singula
1560 3064 1761 3129 nostri
1794 3065 2161 3130 monasterii
2192 3064 2548 3152 spiritualia
2576 3065 2731 3129 sub-

425 3150 590 3215 sidia
617 3151 682 3214 in
714 3152 868 3228 vita,
915 3173 1029 3215 vos
1065 3171 1288 3216 omnes
1325 3165 1390 3214 et
1432 3152 1740 3236 singulos,
1772 3166 2123 3236 praesentes
2176 3167 2244 3216 et
2289 3152 2558 3229 futuros,
2593 3165 2728 3216 tam

424 3236 494 3301 in
525 3237 701 3301 dicto
731 3237 878 3304 loco
921 3260 1114 3324 quam
1144 3239 1210 3301 in
1242 3236 1536 3322 ejusdem
1580 3236 1702 3302 loci
1758 3237 2181 3302 exterioribus
2234 3237 2431 3303 Cellis
2474 3239 2731 3302 confra-

425 3337 556 3389 tres
586 3324 924 3409 professos,
939 3337 1189 3409 *sponte
1247 3337 1442 3409 atque
1499 3337 1831 3408 gratanter
1891 3323 2229 3409 recipimus
2275 3327 2517 3408 pariter
2546 3341 2615 3390 et
2659 3325 2729 3388 in

425 3425 655 3488 morte,
681 3411 934 3494 plenam
963 3409 1142 3474 vobis
1166 3409 1728 3495 participacionem
1754 3410 2108 3489 missarum,
2132 3411 2527 3491 oracionum,
2553 3433 2727 3497 prae-

425 3495 848 3572 dicacionum,
917 3495 1474 3573 abstinenciarum,
1514 3495 1931 3582 jejuniorum,
2002 3497 2381 3582 vigiliarum,
2430 3497 2728 3564 elemosi-

425 3602 678 3658 narum,
725 3580 1299 3667 indulgenciarum,
1346 3594 1835 3670 ceterorumque
1867 3586 2183 3649 bonorum
2216 3583 2728 3650 excerciciorum

425 3689 995 3754 quorumcumque,
1059 3689 1204 3754 quae
1262 3690 1378 3753 per
1427 3690 1543 3732 nos
1592 3683 1657 3734 et
1719 3693 2109 3736 successores
2168 3685 2440 3750 nostrOS,
2486 3693 2563 3736 ac
2609 3693 2729 3756 per

427 3776 678 3820 sorores
708 3767 775 3820 et
799 3754 1026 3820 fratres
1051 3754 1246 3818 nostri
1273 3754 1533 3832 ordiniS,
1560 3755 1623 3820 in
1651 3772 1792 3822 toto
1819 3771 2127 3822 terrarum
2153 3757 2310 3824 orbe
2338 3757 2730 3844 temporibus

423 3841 752 3929 perpetuis
797 3841 1047 3927 operari
1093 3841 1462 3926 dignabitur
1510 3842 1861 3910 clemencia
1888 3843 2091 3908 sancti
2126 3844 2495 3924 Salvatoris,
2527 3867 2735 3932 quan-

427 3945 566 3994 tum
597 3952 742 3995 cum
775 3931 911 4018 ejus
941 3929 1342 4015 beneplacito
1372 3951 1733 4016 possumus,
1769 3930 2051 3995 unanimi
2083 3933 2366 3994 omnium
2401 3933 2733 3998 voluntate

425 4032 493 4082 et
543 4016 936 4102 singulorum
985 4016 1186 4082 libere
1247 4017 1690 4084 concedende.
1821 4018 2152 4083 Addentes
2226 4034 2567 4103 praeterea,
2646 4021 2734 4086 de

425 4103 916 4168 mansuetudine
963 4103 1290 4188 singulari,
1343 4103 1518 4192 quod
1578 4127 1725 4170 cnm
1780 4106 1991 4169 obitus
2044 4118 2275 4182 vester,
2337 4128 2527 4193 quem
2587 4107 2735 4194 pius

426 4189 612 4254 Deus
640 4190 874 4275 dirigat
903 4191 1022 4256 sibi
1051 4205 1329 4276 gratum,
1361 4204 1474 4256 aut
1496 4191 1761 4276 alicujus
1792 4191 2125 4257 confratris
2151 4195 2341 4256 vestri
2374 4210 2735 4260 conventus

425 4275 612 4340 nobis
659 4277 760 4340 vel
809 4277 1276 4344 successoribus
1319 4280 1553 4343 nostris
1595 4277 1788 4344 fuerit
1819 4279 2165 4357 intimatuS,
2202 4302 2277 4344 ea
2306 4303 2427 4365 pro
2456 4281 2637 4345 vobis
2668 4299 2738 4350 et

429 4361 694 4448 singulis
744 4377 1023 4430 vestrum
1079 4367 1144 4429 in
1199 4364 1376 4430 dicto
1407 4381 1628 4429 nostro
1660 4365 2046 4430 monasterio
2078 4367 2239 4430 fient
2268 4366 2479 4432 officia
2506 4367 2737 4432 suffra-

428 4449 701 4532 giorum,
735 4472 881 4537 quae
911 4471 1028 4535 pro
1059 4450 1294 4516 nostris
1325 4451 1747 4518 dilectissimis
1778 4452 2241 4540 carissimisqne
2272 4455 2490 4520 amicis
2522 4454 2735 4520 fratri-
