3000 5117
635 523 642 528 .
687 471 1114 530 APPssme.
1151 476 1338 531 Ans.
1377 479 1823 534 mcnxxxut.
2314 449 2409 539 lix

177 661 252 714 est
271 641 582 718 indultum,
615 639 720 704 vel
760 661 802 703 a
830 637 1052 704 vestris
1087 639 1509 707 Pontificibus
1538 643 2008 721 confirmatum,
2042 643 2175 710 siv‘e
2202 665 2247 709 a
2278 645 2413 712 Re·-

76 797 78 804 ,
177 737 324 821 gibus
380 729 724 814 Anglorum
792 741 862 793 et
921 727 1062 792 aliis
1121 727 1517 815 principibus
1573 729 2043 796 rationabiliter
2097 744 2199 796 est
2258 754 2413 800 con-

177 843 375 888 cessum
413 831 479 882 et
517 815 826 898 hactenus
857 815 1288 894 observatum,
1321 817 1691 884 firmitatem
1714 831 2097 918 perpetuam
2126 818 2416 886 decerni-

177 932 286 973 mus
310 908 602 992 optinere.
697 901 853 968 Paci
881 924 1140 989 quoque
1185 916 1254 968 et
1285 904 1733 990 tranquillitati
1788 919 2019 972 vestrae
2048 920 2319 990 paterna
2346 906 2416 972 in

177 1009 448 1082 posterum
473 990 908 1056 sollicitudine
939 989 1278 1074 providere
1310 991 1617 1068 volentes,
1648 994 2032 1058 auctoritate
2060 993 2417 1079 apostoliea

76 1155 78 1158 y
175 1081 528 1170 prohibemus
561 1101 644 1142 ne
673 1078 838 1178 quis,
870 1076 1038 1142 infra
1059 1076 1224 1142 fines
1253 1077 1597 1143 domorum
1630 1091 2009 1158 vestrarum,
2040 1081 2285 1146 furtum
2316 1103 2419 1146 ra-

175 1171 422 1256 pinamve
470 1180 899 1242 committere,
965 1164 1182 1253 ignem
1237 1188 1588 1251 apponere,
1652 1167 1981 1232 hominem
2026 1190 2257 1253 capere
2311 1168 2415 1234 vel

175 1257 498 1332 interficere,
543 1276 662 1318 seu
713 1253 992 1340 aliquam
1055 1251 1439 1317 violenciam
1506 1269 1751 1320 temere
1801 1253 2038 1321 audeat
2084 1277 2411 1324 exercere.

76 1379 78 1410 i
177 1342 542 1408 Decemimus
605 1363 766 1428 ergo
818 1355 892 1404 ut
937 1339 1096 1404 nulli
1149 1339 1410 1404 omnino
1459 1340 1793 1407 hominum
1848 1341 2040 1408 liceat
2084 1341 2421 1428 praefatam

76 1421 79 1510 Ξ
175 1430 450 1495 eeclesiam
495 1444 742 1495 temere
785 1427 1188 1527 perturbare,
1237 1441 1352 1491 aut
1393 1428 1533 1512 ejus
1576 1428 2003 1513 possessiones
2032 1429 2286 1495 auferre
2318 1430 2423 1496 vel

76 1527 78 1532 '
175 1519 372 1584 ablatas
397 1518 702 1592 retinere,
727 1535 1040 1593 minuere,
1059 1536 1176 1580 seu
1197 1515 1591 1601 quibuslibet
1628 1516 2075 1581 vexationibus
2109 1517 2381 1602 fatigare
2400 1541 2421 1581 ι

177 1605 262 1670 sed
275 1606 470 1670 onmia
484 1604 740 1688 integra
761 1615 1238 1680 conserventur,
1249 1623 1496 1680 eorum,
1521 1625 1641 1688 pro
1658 1626 1929 1690 quorum
1952 1605 2421 1704 gubernatione

76 1739 79 1744 -
175 1715 232 1757 ac
270 1690 722 1758 sustentacione
779 1709 1080 1754 concessa
1137 1703 1312 1767 sunt,
1343 1689 1563 1755 usibus
1616 1690 2001 1756 omnimodis
2045 1691 2419 1778 profutura:

76 1855 78 1858 y
175 1781 312 1844 salva
355 1778 530 1844 Sedis
577 1775 982 1863 Apostolicoe
1025 1774 1410 1842 auctoritate
1447 1791 1517 1842 et
1542 1777 2033 1842 diocesanorum
2071 1778 2424 1866 Episcopo-

173 1888 282 1931 rum
323 1866 624 1931 canonioe
663 1862 944 1949 justicia.
1039 1864 1110 1930 Si
1157 1886 1306 1951 quae
1355 1863 1553 1949 igitur
1578 1865 1649 1929 in
1675 1865 1967 1930 futurum
1995 1865 2425 1932 ecclesiastica

76 2027 78 2030 y
171 1953 500 2019 secularisve
542 1973 846 2038 persona,
891 1951 1056 2016 hanc
1094 1964 1334 2017 nostroe
1361 1952 1837 2018 constitutionis
1866 1953 2167 2038 paginam
2192 1952 2421 2032 sciens,

76 2055 78 2086 ²
172 2055 356 2106 contra
377 2063 516 2104 eam
547 2053 792 2104 temere
817 2040 1036 2102 venire
1067 2043 1500 2123 temptaverit,
1526 2039 1813 2104 secundo
1835 2039 2119 2106 terciove
2136 2063 2429 2106 commo·

76 2171 78 2192 ς
170 2129 294 2206 nita,
336 2127 448 2192 nisi
488 2140 738 2192 reatum
767 2148 952 2190 suum
983 2125 1182 2210 digna
1207 2121 1651 2192 satisfaccione
1680 2127 2057 2206 correxerit,
2090 2129 2426 2214 potestatis

76 2219 78 2302 ζ
171 2215 514 2302 honorisque
566 2213 667 2278 sui
697 2227 912 2278 careat
935 2213 1270 2296 dignitate,
1305 2235 1613 2302 reamque
1640 2238 1711 2280 se
1742 2215 1962 2280 divino
1982 2215 2230 2302 judicio
2258 2217 2427 2280 exis-

76 2307 78 2326 '
169 2316 278 2367 tere
315 2303 394 2367 de
443 2314 817 2388 perpetrata
861 2300 1200 2386 iniquitate
1247 2315 1619 2389 cognoscat,
1668 2316 1736 2367 et
1764 2325 1807 2366 a
1832 2303 2258 2368 sacratissimo
2286 2325 2430 2368 cor-

171 2411 297 2472 pore
347 2413 420 2454 ac
477 2391 794 2474 sanguine
853 2387 1002 2464 Dei,
1057 2400 1126 2452 et
1203 2388 1472 2452 Domini
1522 2390 1949 2475 redemptoris
2006 2390 2207 2456 nostri
2267 2391 2429 2456 Jesu

175 2477 398 2553 Christi,
449 2477 666 2542 aliena
713 2476 834 2540 fiat
880 2487 1074 2562 atque
1114 2474 1182 2538 in
1211 2487 1511 2541 extremo
1540 2479 1833 2542 examine
1862 2478 2171 2542 districtae
2200 2476 2431 2544 ultioni

76 2599 79 2642 3
171 2565 474 2648 subjaceat.
573 2562 838 2630 Cunctis
884 2577 1100 2626 autem
1151 2562 1362 2627 eidem
1413 2563 1562 2628 loco
1590 2587 1709 2628 sua
1740 2565 1893 2650 jura
1916 2565 2317 2630 servantibus
2346 2565 2431 2632 sit

76 2651 78 2716 1
171 2671 276 2734 pax
315 2650 578 2716 Domini
619 2649 821 2714 nostri
864 2649 1018 2714 Jesu
1069 2649 1333 2727 Christi,
1367 2652 1669 2737 quatinus
1700 2664 1765 2716 et
1796 2653 1903 2718 hic
1926 2653 2205 2718 fructum
2236 2653 2428 2718 bonoe

76 2727 78 2786 [
173 2738 398 2802 actionis
437 2737 818 2822 percipiant,
865 2750 935 2802 et
963 2736 1140 2822 apud
1167 2737 1529 2803 districtum
1550 2738 1841 2829 judicem
1869 2739 2138 2828 praemia
2165 2752 2430 2805 aeternae

173 2825 312 2909 pacis
338 2825 686 2894 inveniant.
784 2825 1016 2890 Amen.

312 3137 421 3183 xx„
499 3137 728 3182 cAa‘rA
783 3115 990 3180 neers
1053 3135 1340 3180 almam
1401 3133 1607 3180 raum
1685 3137 1902 3180 rac-rs
1976 3137 2257 3182 nucem

313 3225 650 3280 nmscoro
683 3223 772 3270 m:
808 3222 894 3290 ιφ
924 3221 1353 3266 warennae
1387 3224 1492 3267 ΦΕ
1541 3223 1852 3268 εΑυΒιι-ηγ
1888 3223 1963 3267 m
1995 3223 2261 3268 echM-

315 3312 431 3357 mo
465 3311 620 3358 cun
661 3311 887 3358 rnono
921 3309 1234 3356 131>1scor1
1268 3309 1760 3355 nnnnmsnms
1794 3311 2257 3357 mmrnconn-

317 3399 544 3446 simus.

927 3480 1098 3550 [Orig.
1123 3487 1180 3533 et
1201 3480 1346 3532 Cart.
1371 3481 1417 3532 1.
1440 3479 1476 3532 f.
1501 3485 1647 3550 248]

244 3597 549 3666 Ricardus
601 3596 730 3664 Dei
775 3596 998 3688 gracia
1047 3596 1198 3661 Rex
1245 3596 1506 3682 Angliae
1540 3597 1701 3663 Dux
1734 3597 2179 3680 Normanniae‚
2228 3601 2436 3690 Aqui-

177 3685 352 3762 taniae‚
388 3687 627 3752 Comes
677 3683 1078 3769 Andegaviae
1117 3683 1637 3769 Archiepiscopis
1666 3699 1732 3750 et
1766 3685 2123 3773 Episcopis,
2162 3689 2439 3754 Comiti-

175 3767 282 3851 bus,
313 3772 698 3849 Batonibus,
738 3771 1260 3849 vicecomitibus,
1322 3785 1390 3835 et
1435 3771 1729 3836 omnibus
1760 3774 2011 3840 ballivis
2040 3788 2109 3840 et
2138 3775 2436 3840 ministris

177 3858 278 3920 suis
318 3863 520 3924 tocius
560 3857 836 3943 Angues,
869 3859 1168 3924 salutem.
1267 3857 1496 3924 Sciatis
1526 3882 1647 3926 nos
1674 3859 1926 3926 dedisse
1956 3875 2023 3926 et
2050 3861 2437 3926 concessisse

178 3957 230 4008 et
253 3947 540 4029 praesenti
562 3959 745 4014 carta
765 3947 1176 4012 confirmasse
1199 3943 1350 4010 Deo
1371 3958 1439 4011 et
1456 3946 1655 4012 beato
1680 3947 2045 4012 Cuthberto
2062 3959 2130 4012 et
2153 3947 2439 4012 eeclesiae

179 4029 590 4111 Dunelmensi‚
609 4045 679 4098 et
704 4031 968 4118 Hugoni
993 4032 1416 4098 Dunelmensi
1435 4033 1761 4118 episcope,
1786 4055 1941 4098 caro
1962 4033 2441 4118 consanguineo

180 4131 396 4199 nostro,
449 4135 521 4185 et
573 4120 1040 4186 successoribus
1098 4121 1256 4204 ejus,
1291 4119 1356 4184 in
1386 4143 1613 4207 puram
1647 4133 1714 4184 et
1742 4132 2121 4205 perpetuam
2150 4119 2443 4188 elemosi-

180 4223 324 4282 nam,
351 4230 474 4292 pro
505 4206 721 4272 anima
747 4205 944 4292 patris
975 4207 1176 4271 nostri
1205 4220 1270 4272 et
1299 4221 1773 4272 antecessorum
1804 4221 2190 4284 nostrorum,
2223 4221 2292 4272 et
2320 4231 2443 4294 pro

183 4290 356 4358 salute
411 4307 640 4361 nostra
698 4308 766 4361 et
821 4292 1138 4358 heredum
1210 4306 1601 4370 nostrorum,
1656 4305 1724 4355 et
1779 4314 1899 4377 pro
1957 4291 2306 4360 stabilitate
2374 4309 2443 4360 et

183 4373 550 4446 incremento
600 4402 670 4445 re
718 4380 784 4445 ni
829 4378 1058 4459 nostri,
1106 4379 1462 4444 manerium
1507 4391 1797 4442 nostrum
1844 4377 1927 4442 de
1972 4380 2268 4466 Sadberg
2297 4405 2445 4447 cum

185 4468 558 4558 wapentagio
615 4403 716 4535 aa}
757 4466 932 4536 idem
993 4466 1344 4536 manerium
1397 4464 1779 4552 pertinente,
1834 4479 1902 4531 et
1948 4487 2095 4542 cum
2148 4470 2445 4535 omnibus
