3000 5117
780 494 1281 551 maxumus
1336 500 1437 551 nn
1493 496 1894 551 mmmmm.
2343 484 2486 563 1929

254 660 595 725 Praeterea
638 660 947 746 praefatus
990 659 1291 726 dominus
1344 660 1678 739 Ricardus,
1713 662 1776 725 in
1824 660 2086 726 floribus
2131 662 2282 727 vitoe
2311 684 2474 737 suae,

150 747 445 813 contulit
494 748 629 813 duo
674 748 1055 813 vestimenta
1104 748 1417 826 ecclesiae,
1470 771 1666 815 unum
1715 750 2006 827 rubeum,
2059 750 2146 813 de
2193 748 2468 827 velveto,

152 856 311 897 cum
344 833 555 900 tribus
582 834 757 921 capis
786 835 1075 920 ejusdem
1106 849 1324 914 sectoe,
1354 836 1672 901 subtiliter
1699 835 2054 913 broudatis,
2083 849 2152 901 et
2180 836 2356 901 alind
2385 836 2472 901 de

153 920 354 1005 nigra
380 919 651 1001 cantica,
682 942 829 987 cum
860 922 1065 989 tribus
1094 924 1269 1009 capis
1290 922 1574 1008 ejusdem
1603 938 1821 1000 sectae,
1852 944 1997 988 cum
2030 922 2222 1010 largis
2245 922 2470 988 orariis

152 1006 477 1075 decenter
524 1012 811 1075 ornatis:
857 1009 1047 1096 plura
1096 1032 1459 1095 proponens
1505 1010 1792 1075 ecclesioe
1843 1009 2189 1097 reliquisse,
2242 1010 2470 1075 videli-

154 1110 267 1159 cet
318 1118 523 1163 unum
572 1098 659 1161 de
696 1096 903 1163 rubeo
948 1096 1223 1173 velveto,
1254 1096 1431 1184 quod
1468 1096 1566 1161 sui
1611 1111 1996 1163 executores
2040 1097 2472 1163 vendiderunt

150 1182 429 1247 domino
478 1184 831 1271 Radulpho
874 1182 959 1248 de
1008 1182 1287 1262 Neville‚
1336 1184 1449 1272 qui
1488 1198 1738 1270 postea,
1786 1183 2182 1249 couscientia
2231 1198 2464 1261 motus,

148 1267 313 1335 iilud
354 1270 640 1335 reddidit
668 1270 997 1347 ecclesiae3
1040 1271 1215 1335 aliud
1261 1272 1455 1337 etiam
1502 1270 1708 1350 dedit,
1733 1270 1818 1335 de
1847 1271 1996 1336 alba
2023 1270 2286 1347 camica,
2317 1292 2466 1337 cum

149 1356 364 1420 tribus
395 1358 571 1442 capis
600 1357 891 1442 ejusdem
920 1371 1135 1435 sectae,
1216 1358 1346 1422 uod
1376 1357 1531 1422 fecit
1555 1358 1619 1421 in
1653 1358 1900 1425 honore
1928 1376 2170 1423 sanctae
2204 1358 2470 1441 Maria»,

148 1442 463 1509 nobiliter
504 1444 917 1523 broudatum,
949 1445 1123 1531 quod
1262 1444 1475 1523 crista,
1511 1458 1655 1530 post
1685 1448 1824 1529 ejus
1854 1458 2150 1524 mortem,
2183 1443 2269 1509 de
2298 1444 2460 1529 ejus·

148 1528 301 1595 dem
332 1531 792 1596 executoribus
822 1552 967 1595 cum
1000 1530 1201 1596 multa
1242 1530 1592 1597 difficulate
1637 1529 2084 1619 conquisivit?
2175 1532 2362 1608 Item,
2398 1532 2460 1597 in

148 1616 447 1703 exequiis
488 1622 649 1706 ejuS,
696 1616 861 1683 sicut
906 1632 1082 1703 patet
1114 1640 1235 1703 per
1264 1617 1758 1683 instrumentum
1787 1618 2118 1704 publicum
2147 1617 2300 1684 inde
2331 1618 2462 1683 suc-

148 1718 317 1781 tum,
353 1704 585 1769 habuit
620 1704 899 1770 Sacrista
939 1703 1103 1770 duos
1146 1728 1349 1793 equos
1396 1726 1666 1793 magnos
1696 1717 2028 1791 portantes
2055 1726 2290 1791 corpus
2319 1709 2458 1789 ejus

148 1790 215 1853 in
258 1790 518 1870 lectica,
562 1806 625 1857 et
660 1813 855 1857 unum
892 1814 1127 1877 equum
1160 1792 1401 1857 mulum
1450 1806 1816 1877 portantem
1858 1790 2232 1879 capellam.†
2323 1791 2464 1859 Ha·

146 1878 297 1941 buit
324 1877 521 1943 etiam
568 1878 737 1943 idem
776 1879 1053 1944 Sacrista
1094 1878 1255 1943 duas
1302 1878 1582 1955 cistulas,
1615 1894 1812 1943 unum
1842 1878 2138 1943 baculum
2169 1892 2460 1966 pastora-

144 1964 301 2041 lem,
336 1986 530 2030 unam
564 1966 843 2043 mitram,
876 1968 1183 2031 annulum
1212 1981 1283 2031 et
1308 1966 1617 2040 sandalia,
1649 1966 1784 2030 duo
1811 1966 2200 2032 candelabra
2225 1987 2458 2051 argen-

146 2066 275 2127 tea,
300 2074 499 2117 unum
514 2052 909 2117 thuribulum
920 2068 1293 2138 argenteum
1314 2066 1381 2118 et
1398 2054 1798 2131 deauratum,
1819 2074 1964 2117 cum
1993 2074 2118 2118 una
2141 2051 2460 2131 navicula,

143 2136 303 2202 item
334 2159 409 2202 tx
430 2140 785 2225 bawdkyns
814 2140 899 2204 de
928 2162 1139 2225 panno
1166 2140 1373 2205 serico
1404 2142 1605 2203 rubeo
1633 2162 1780 2203 cum
1813 2139 2044 2204 vitibus
2095 2147 2194 2221 [et
2225 2139 2458 2221 literis]

142 2224 435 2304 intextis,
467 2226 623 2291 item
660 2248 731 2289 ix
760 2249 1011 2311 pannos
1040 2228 1275 2293 sericos
1306 2250 1453 2292 cum
1502 2226 2024 2313 quadrupedibus
2067 2227 2456 2291 habentibus

144 2312 345 2395 pedes
404 2326 475 2379 et
519 2314 735 2399 capita
776 2314 1135 2392 deauratoS,
1194 2314 1349 2379 item
1407 2336 1602 2377 unum
1657 2335 1940 2398 pannum
1991 2313 2258 2378 viridem
2305 2336 2452 2378 cum

142 2399 333 2483 galiis
380 2401 545 2464 albis
588 2416 657 2466 et
698 2400 912 2466 rubeis
940 2400 1277 2465 intextum.
1374 2400 1479 2467 Ex
1511 2400 1740 2487 quibus
1781 2399 2078 2465 omnibus
2107 2400 2276 2466 fucta
2305 2418 2456 2465 sunt

146 2486 537 2551 vestimenta
584 2486 669 2552 ad
716 2509 1019 2574 magnum
1064 2488 1269 2553 altare
1298 2502 1365 2553 et
1396 2488 1522 2552 alia
1551 2486 1776 2552 altaria
1806 2486 1870 2551 in
1901 2485 2188 2555 ecclesia.
2288 2488 2450 2553 Item

146 2596 231 2637 ex
260 2588 545 2660 quatuor
589 2573 811 2658 sigillis
854 2574 1139 2659 ejusdem
1188 2575 1391 2639 factus
1434 2588 1534 2641 est
1563 2596 1724 2639 unus
1754 2574 1924 2640 calix
1951 2574 2338 2651 deauratum
2385 2590 2456 2639 ut

146 2673 328 2744 patet
357 2683 483 2746 per
512 2660 635 2727 hos
666 2682 879 2726 versus
906 2661 1027 2725 sub
1056 2661 1223 2748 pede
1252 2662 1453 2748 ipsius
1482 2661 1838 2747 inscriptos,

328 2902 427 2951 m.
458 2904 973 2964 DUNssLmnnsls,
1008 2906 1295 2964 mutu-1,
1332 2904 1516 2951 NA'ru
1551 2903 1944 2951 BunmNSm.

318 2989 446 3034 mc
480 2992 735 3037 omnus
767 2992 1071 3038 mstGle
1103 2995 1216 3040 51⁹1·
1246 2992 1598 3039 Pan-:sums
1629 2992 1722 3037 EX
1750 2992 1977 3035 TETRA
2006 2970 2362 3049 flammat

230 3198 432 3275 Item,
455 3196 637 3272 dum,
663 3194 944 3284 quadam
964 3188 1093 3275 die,
1114 3190 1367 3263 sederet
1394 3191 1476 3261 ad
1497 3216 1806 3271 mensam,
1839 3186 2016 3281 apud
2059 3192 2446 3271 Eboracum,

142 3306 285 3348 cum
314 3305 413 3349 vu
446 3287 809 3362 comitibus,
839 3286 1057 3349 subito
1084 3282 1542 3370 superveniens
1560 3284 1857 3348 dominus
1879 3280 2210 3349 ,Iohannes
2249 3278 2450 3343 Waw-

142 3370 315 3449 ham,
366 3371 702 3437 nunciavit
752 3372 876 3436 sibi
922 3372 1257 3437 dominum
1314 3370 1670 3436 Robertum
1725 3370 1809 3434 de
1863 3370 2262 3455 Graystanes
2309 3367 2448 3432 fore

144 3457 525 3523 defunctum
550 3481 569 3533 ς
614 3459 725 3545 qui
772 3472 1021 3523 tantum
1053 3459 1136 3524 de
1166 3460 1304 3545 ejus
1335 3472 1545 3524 morte
1574 3457 1926 3534 condoluit,
1957 3454 2136 3542 quod
2167 3476 2448 3539 proesen-

144 3544 301 3609 tiam
344 3545 707 3610 nunciantis
751 3542 921 3611 ferre
962 3566 1093 3613 non
1124 3546 1355 3631 potuit.
1456 3546 1672 3619 Quem
1701 3565 1849 3609 cum
1879 3544 2142 3607 comites
2177 3542 2448 3607 interro·-

143 3645 393 3715 garent,
438 3654 645 3719 quare
692 3644 939 3698 tantum
983 3632 1239 3697 doleret
1282 3632 1367 3697 de
1412 3647 1624 3696 morte
1654 3632 1810 3716 ejus,
1846 3630 2178 3706 “Certe,”
2211 3628 2438 3715 inquit,

148 3727 189 3759 ‘⁶
218 3718 273 3783 si
330 3732 463 3782 tam
517 3720 683 3784 bene
731 3717 1065 3785 novissetis
1110 3718 1485 3783 industriam
1541 3718 1698 3801 ejus,
1749 3730 2060 3803 quantum
2092 3736 2218 3799 ego
2267 3716 2442 3793 novi,

144 3804 339 3869 credo
388 3806 565 3891 quod
619 3819 871 3871 tantum
923 3828 1115 3894 quam
1163 3827 1289 3889 ego
1334 3804 1528 3869 doleo
1578 3802 1942 3868 doleretis.’'
2039 3802 2126 3865 Et
2169 3802 2444 3878 addidit,

148 3891 371 3955 “Fuit
422 3892 597 3957 enim
648 3892 925 3959 habilior
972 3891 1058 3957 ad
1110 3896 1443 3977 Papatum,
1498 3910 1692 3977 quam
1739 3911 1864 4039 efge
1913 3889 2020 3954 vel
2061 3908 2288 3953 omnes
2320 3886 2446 3985 mei

148 3978 507 4043 consimiles
565 3979 650 4044 ad
708 3980 1091 4061 dignitatem
1152 3978 1479 4043 minimam
1539 3980 1604 4040 in
1659 3998 1768 4041 ecc
1795 3976 1926 4041 esia
1976 3987 2200 4038 sancta
2253 3970 2445 4037 Det?

153 4062 433 4130 Multum
481 4064 675 4131 etiam
721 4066 1069 4132 affectabat
1110 4067 1391 4131 retinere
1435 4086 1654 4129 secum
1686 4064 1748 4126 in
1780 4063 2022 4141 familia
2051 4056 2216 4125 filios
2245 4080 2446 4143 gene-

151 4172 429 4218 rosorum
486 4152 908 4239 Episcopatus
939 4152 1057 4222 sui.
1156 4152 1355 4227 Quod
1392 4149 1637 4217 sactum
1669 4149 1934 4214 nutrivit
1963 4168 2258 4237 magnam
2289 4144 2447 4212 ami-

942 4354 970 4381 ·
1006 4354 1327 4419 Arma-nix.
1356 4350 1464 4401 ‘No-
1496 4364 1650 4401 cxiv.

950 4425 982 4483 †
1022 4420 1345 4471 Arvtnmx.
1382 4418 1482 4469 No.
1516 4432 1652 4468 exn.

640 4489 673 4547 ζ
714 4482 977 4541 Domum
1004 4486 1206 4541 Wums
1232 4486 1333 4539 and
1358 4486 1769 4547 vasxromns,
1793 4498 1843 4549 p.
1874 4488 1956 4534 25.
