3000 5117
637 453 734 522 48
1075 467 1276 518 msr.
1337 465 1694 516 DUNELM.
1756 463 2215 516 semprours
2270 464 2483 516 rans,

535 640 578 733 [
630 634 843 698 facere
905 627 1496 716 prudentissimum,
1568 638 1655 704 et,
1722 651 1759 691 e
1828 649 2158 704 conver50,
2238 628 2320 692 de
2440 627 2950 712 prudentissimo

629 720 840 786 minus
899 718 1205 792 sciolum3
1286 738 1482 780 unum
1532 715 1775 779 scilicet
1828 714 2229 799 praeferendo
2278 727 2347 778 et
2408 717 2805 795 honorando,
2872 733 2949 782 et

627 809 903 873 alterum
951 805 1472 888 contempnendo
1522 817 1587 866 et
1632 801 2013 887 dejiciendo·
2113 805 2303 868 Anno
2334 815 2457 872 etc.
2496 824 2823 882 Mccnxvi,
2872 805 2945 867 in

634 895 938 980 Capitulo
981 891 1266 977 generali
1311 889 1485 976 apud
1530 889 1914 966 Eboracum,
1949 889 2217 974 petitum
2250 889 2372 954 fuit
2400 913 2516 976 per
2546 909 2945 958 conventum

627 983 738 1048 Du
749 982 1160 1057 nolmensem,
1193 977 1370 1065 quod
1397 999 1542 1042 cum
1568 978 1644 1042 B.
1672 977 1993 1064 quondam
2020 977 2225 1055 Prior,
2254 1000 2383 1042 non
2400 979 2539 1043 sine
2562 981 2949 1066 symoniaca

625 1070 942 1154 pravitate
990 1083 1054 1131 et
1107 1066 1271 1130 vicio
1320 1064 1751 1150 proprietatiS,
1784 1079 1939 1130 ante
1971 1066 2323 1130 cessionem
2354 1087 2557 1141 suam,
2590 1089 2707 1153 per
2734 1091 2941 1154 quos-

625 1159 776 1222 dam
822 1155 1160 1222 familiares
1205 1175 1352 1216 suos
1400 1154 1484 1216 de
1532 1167 1850 1216 conventu
1897 1152 2258 1239 consignari
2288 1152 2407 1216 sibi
2440 1154 2589 1220 fecit
2622 1155 2949 1240 provisio-

622 1267 772 1310 nem
803 1244 1211 1328 superfluam,
1247 1241 1765 1325 monasterioque
1797 1241 2253 1323 dampnosam3
2288 1255 2423 1306 tum
2441 1241 2593 1328 quia
2614 1243 2940 1321 ecclesiae,

623 1354 782 1422 quas
827 1333 1041 1410 habet,
1103 1329 1187 1394 ad
1240 1328 1397 1392 alios
1458 1349 1609 1392 usus
1668 1327 2209 1403 conserebantur3
2257 1341 2345 1406 et,
2400 1329 2451 1392 si
2500 1332 2635 1415 ipse
2682 1353 2789 1396 eas
2844 1333 2943 1396 ad

625 1421 967 1486 terminum
1015 1417 1165 1480 vitae
1213 1429 1487 1492 teneret,
1534 1416 1675 1499 ipso
1720 1415 2097 1492 decedente,
2146 1415 2359 1500 potuit
2398 1439 2592 1502 super
2622 1416 2742 1482 hiis
2774 1441 2943 1482 con·

623 1506 846 1572 ventui
919 1503 1361 1590 praejudicium
1435 1503 1750 1586 generari,
1828 1518 1969 1566 tum
2045 1504 2197 1588 quia
2270 1505 2743 1572 circumventus
2805 1506 2943 1569 suit

623 1606 998 1672 conventuS,
1049 1592 1226 1678 quod
1285 1589 1629 1656 aestimatio
1690 1612 1839 1654 vera
1916 1589 2232 1655 bonorum
2286 1589 2405 1656 sibi
2458 1593 2939 1678 assignatorum

621 1681 884 1746 minime
929 1680 1280 1757 dicebatur,
1313 1699 1430 1744 nec
1474 1677 1693 1742 literas
1740 1677 2231 1742 transcurrendo
2256 1678 2419 1744 lecta
2448 1701 2665 1746 coram
2696 1680 2811 1758 eis,
2846 1682 2945 1745 ad

621 1769 882 1854 pienum
935 1767 1290 1851 intelligere
1343 1777 1733 1850 potuerunt;
1802 1764 1975 1830 unde
2024 1763 2350 1850 petierunt
2400 1789 2594 1852 super
2644 1767 2767 1832 hiis
2812 1789 2943 1852 per

625 1856 999 1944 Capitulum
1033 1854 1357 1920 Generale
1404 1852 1492 1916 eis
1538 1852 1889 1924 remedium
1924 1852 2262 1936 provideri,
2296 1865 2365 1921 et
2394 1855 2453 1918 ei
2483 1855 2943 1939 poenitentiam

621 1943 963 2008 salutarem
998 1940 1263 2026 injungi.
1320 1939 1587 2023 Scripsit
1610 1939 1801 2022 igitur
1822 1938 2175 2024 capitulum
2200 1939 2471 2025 Hugoni
2502 1941 2708 2012 Priori
2724 1943 2937 2026 juxta

622 2032 1056 2118 sugestionem
1104 2031 1290 2093 istam
1321 2028 1384 2090 in
1419 2027 1653 2090 virtute
1686 2026 2092 2102 obedientiae,
2143 2041 2210 2090 et
2242 2027 2677 2094 obtestatione
2722 2029 2938 2093 divini

621 2117 894 2183 nominis
947 2118 1065 2180 sub
1119 2117 1340 2180 debito
1387 2113 1741 2198 disciplinae
1786 2113 2112 2199 regularia,
2160 2113 2443 2194 honoris,
2490 2131 2559 2180 et
2598 2115 2937 2201 dignitatis

621 2205 997 2290 privatione,
1053 2226 1186 2268 non
1247 2203 1543 2267 obstante
1592 2201 2078 2265 confirmatione
2135 2203 2366 2266 summi
2430 2203 2788 2281 pontificis,
2856 2220 2933 2269 et

621 2293 1008 2380 privilegi0,2
1037 2292 1216 2378 quod
1273 2290 1356 2355 de
1417 2289 1599 2354 bonis
1660 2289 1945 2353 ecclesiae
1998 2289 2197 2374 possit
2248 2285 2451 2355 libere
2500 2303 2753 2370 testare,
2812 2315 2936 2378 per

621 2382 756 2444 veri
805 2378 1335 2465 suppressionem,
1399 2391 1466 2440 et
1518 2376 1660 2440 falsi
1722 2377 2192 2460 suggestionem
2223 2378 2492 2442 subdole
2546 2379 2931 2464 impetratiS,

620 2489 916 2534 excessus
949 2481 1076 2530 tam
1112 2487 1401 2530 enormes
1433 2464 1818 2552 corrigeret3
1868 2464 2179 2529 senectuti
2214 2480 2430 2530 tamen
2461 2466 2597 2550 ejus
2627 2479 2691 2530 et
2721 2467 2935 2554 quieti

613 2555 1023 2641 prospiciens,
1057 2553 1585 2617 sustentationem
1633 2573 1980 2638 congruam
2013 2574 2131 2638 pro
2160 2575 2229 2616 se
2261 2573 2325 2618 et
2354 2552 2605 2618 duobus
2634 2555 2821 2619 sociis
2856 2571 2931 2620 et

617 2643 887 2707 honesta
933 2640 1190 2717 familia,
1221 2662 1346 2728 qua
1378 2660 1459 2703 cc
1495 2661 1741 2703 marcos
1788 2662 1914 2702 non
1948 2639 2315 2720 excederet,
2349 2639 2718 2726 assignaret.
2812 2643 2933 2708 De

620 2753 748 2818 qua
776 2744 992 2793 tamen
1023 2727 1338 2813 portione,
1373 2740 1445 2791 ut
1475 2726 1919 2792 obedientiarii
1942 2726 2024 2792 de
2056 2729 2187 2794 suis
2218 2727 2459 2808 officiis,
2492 2729 2673 2794 annis
2702 2728 2931 2814 singu·-

617 2817 690 2880 iis
743 2816 1044 2882 redderet
1097 2816 1434 2882 rationem.
1537 2815 1966 2880 Instrumenta
2016 2815 2209 2880 etiam
2242 2838 2435 2901 super
2462 2817 2673 2902 priore
2704 2819 2932 2902 provi-

617 2904 817 2982 sione,
873 2903 1082 2990 papali
1128 2903 1638 2979 confirmatione,
1692 2903 2056 2968 testamenti
2108 2904 2539 2982 confectione,
2570 2917 2639 2972 et
2684 2903 2738 2968 si
2770 2927 2928 2992 quae

616 2991 741 3057 alia
771 2994 1197 3078 impetrasset,
1232 2990 1294 3054 in
1329 3013 1553 3053 manus
1584 3012 1728 3054 suas
1754 2989 1993 3054 faceret
2016 2989 2321 3074 resignari
2350 3015 2365 3054 :
2412 2990 2590 3080 quod
2620 2989 2673 3054 si
2707 2991 2929 3060 facere

613 3094 1120 3166 contempneret,
1171 3092 1397 3142 contra
1443 3101 1591 3141 eum
1639 3077 2041 3163 procederet,
2078 3093 2383 3165 tanquam
2428 3091 2653 3143 contra
2697 3077 2920 3146 inobe-

613 3167 919 3245 dientem,
968 3180 1032 3231 et
1065 3166 1303 3251 regulae
1336 3167 1897 3252 contemptorem]

707 3255 995 3332 Interim,
1028 3252 1315 3318 senciens
1351 3253 1445 3320 H.
1501 3253 1686 3318 Prior
1732 3275 1815 3318 ex
1850 3252 2218 3316 infirmitate
2279 3265 2345 3316 et
2390 3253 2612 3318 labore
2659 3253 2928 3322 diutino

613 3343 778 3406 vires
809 3364 952 3406 suas
985 3342 1047 3404 in
1082 3365 1149 3406 se
1180 3341 1452 3404 deficere
1485 3340 1868 3426 corporaleS,
1904 3339 2275 3425 frequenter
2332 3343 2584 3426 rogavit
2646 3341 2928 3428 Episco-

614 3451 788 3514 pum,
822 3443 892 3493 ut
924 3451 1098 3492 suam
1133 3427 1502 3491 admitteret
1534 3427 1955 3492 cessionem.*
2052 3429 2138 3492 Et
2168 3427 2485 3512 Episcopo
2516 3427 2753 3494 diutius
2786 3429 2927 3496 hoc

615 3517 827 3582 facere
887 3516 1244 3592 differente,
1321 3515 1578 3578 tandem
1650 3537 1820 3578 anno
1880 3531 2002 3591 etc,
2068 3535 2433 3593 Meclmxu,
2496 3517 2603 3580 die
2662 3517 2927 3584 sabbati

613 3619 760 3688 post
803 3603 1036 3668 festum
1096 3603 1299 3666 sancti
1361 3602 1679 3680 Nicbolai‚
1743 3603 1913 3668 misit
1959 3602 2149 3666 Prior
2210 3602 2292 3668 ad
2358 3603 2751 3690 Episcopum
2824 3605 2921 3676 H.

613 3691 697 3755 de
747 3690 1145 3756 Horncastre
1191 3689 1515 3754 sacristam
1581 3689 2085 3755 Dunelmensem
2145 3702 2213 3754 et
2272 3693 2648 3776 magistrum
2693 3695 2777 3757 A.
2830 3693 2924 3760 de

611 3779 1040 3864 Derlingtone
1095 3799 1238 3842 cum
1300 3777 1505 3843 literis
1564 3779 1645 3842 de
1692 3778 2046 3855 credentia,
2102 3777 2213 3864 qui
2288 3777 2531 3844 obnixe
2606 3797 2924 3868 rogarent

615 3868 1030 3954 Episcopum,
1081 3880 1152 3929 ut
1205 3867 1398 3954 [opus
1475 3866 1644 3929 inter
1706 3867 1907 3950 ipsum
1970 3878 2035 3929 et
2084 3864 2375 3932 Priorem
2444 3866 2678 3953 saepins
2742 3890 2925 3953 prae-

608 3954 894 4020 locutum
971 3953 1186 4034 citius]
1264 3953 1523 4018 effectui
1595 3952 2045 4039 manciparet3
2124 3953 2343 4039 [quale
2423 3970 2635 4019 tamen
2710 3976 2923 4040 nego-

609 4044 772 4108 tium
854 4043 1011 4107 illud
1085 4055 1250 4106 esset
1319 4043 1571 4126 penitus
1647 4041 2051 4128 ignorabant.
2193 4041 2447 4118 Quibus
2528 4041 2918 4127 EpiscopuS,

603 4143 675 4194 et
719 4131 770 4193 si
819 4131 951 4215 ipse
997 4141 1062 4194 et
1103 4131 1478 4194 Conventus
1516 4130 1861 4213 jurassent,
1908 4127 2091 4192 aliter
2130 4129 2531 4196 ordinabitur
2560 4123 2921 4216 antequam

607 4217 739 4294 fiat,
770 4241 914 4282 cum
965 4231 1179 4282 tamen
1223 4218 1561 4295 vacaverit,
1611 4216 1855 4280 veniam
1904 4216 1986 4280 ad
2028 4239 2177 4280 eum
2224 4239 2413 4306 super
2456 4218 2641 4304 hujus
2674 4232 2919 4284 tracta-

607 4319 805 4370 turuS.
905 4305 1342 4368 Revertuntur
1388 4305 1625 4379 nuncii,
1690 4321 1755 4367 et
1811 4305 2170 4393 inquirente
2230 4307 2493 4373 sacrista
2552 4303 2705 4392 quid
2756 4329 2916 4372 nam

1399 4487 1422 4512 ⁸
1457 4480 1780 4540 Arresmx,
1818 4496 1864 4531 Ρ.
1905 4495 2115 4533 vaut.
