3000 5117
751 500 1166 562 Arrssumx.
1205 507 1386 560 Anu.
1426 507 1845 559 mcccxcw.
1984 520 1993 529 -
2250 483 2454 557 clxxv

188 670 578 759 assignandos
598 694 618 747 ;
729 688 1002 757 quorum
1089 668 1551 735 monachorum
1642 692 1803 734 unns
1892 667 2179 734 divinum
2269 664 2465 729 servi-

190 760 348 825 cium
419 759 607 836 dicet,
682 771 748 822 et
823 755 984 822 alius
1055 759 1414 824 custodiam
1491 757 1683 822 dictae
1734 756 1939 823 Cellae
1981 754 2237 833 habeat,
2290 753 2473 819 sicud

187 935 456 1021 ejusdem
525 933 744 1010 Cellae,
815 946 884 999 et
948 932 1034 997 de
1100 932 1398 999 omnibus
1464 932 1741 1017 receptis
1807 946 1873 999 et
1938 932 2265 1018 expensis,
2326 945 2461 997 tam

185 1022 258 1085 de
313 1022 532 1087 eadem
589 1020 776 1087 Cella
831 1042 1024 1107 quam
1076 1020 1162 1086 de
1218 1020 1480 1086 decimis
1532 1020 1825 1085 villarum
1876 1019 2355 1105 praedictarum,
2390 1034 2459 1085 et

183 1108 312 1173 aliis
357 1108 646 1195 superius
695 1100 1098 1193 expressatis,
1147 1130 1362 1173 coram
1409 1107 1593 1172 nobis
1650 1106 1757 1172 vel
1812 1108 2281 1173 successoribus
2312 1129 2461 1173 nos-

187 1198 288 1260 tris
325 1198 388 1260 in
427 1195 776 1282 praesencia
814 1194 1205 1260 confratrum
1241 1207 1606 1259 nostrorum
1642 1196 1897 1259 fidelem
1940 1196 2265 1260 racionem
2308 1196 2459 1259 red-

187 1283 324 1347 det:
389 1300 455 1349 et
498 1283 718 1349 omnia
767 1282 894 1349 alia
938 1304 1140 1348 onera
1183 1296 1488 1348 consueta
1516 1282 1709 1348 dictae
1766 1282 1967 1348 cellae
2018 1281 2462 1349 incumbencia

184 1370 386 1435 debite
431 1371 726 1456 perficiet
769 1384 837 1435 et
885 1382 1267 1455 supportem
1313 1383 1591 1455 excepto
1642 1369 1819 1458 quod
1868 1368 2078 1433 nullos
2108 1370 2460 1435 monachos

185 1458 412 1523 lusores
459 1458 780 1536 admittet,
829 1457 950 1523 nisi
981 1456 1066 1523 de
1117 1457 1274 1523 dieti
1321 1456 1567 1522 domini
1624 1456 1891 1523 Roberti
1940 1454 2347 1542 beneplacito
2394 1470 2463 1522 et

186 1568 466 1622 assensu3
513 1545 776 1631 proviso
825 1544 1274 1612 nichilominus
1316 1546 1493 1633 quod
1536 1567 1675 1623 nos,
1710 1544 1809 1610 vel
1840 1566 2235 1610 successores
2264 1543 2468 1609 nostri

191 1632 448 1717 prefati,
481 1632 694 1698 dictos
722 1632 1071 1698 monachos
1103 1632 1210 1699 vel
1237 1656 1460 1697 eorum
1493 1633 1787 1710 alterum,
1820 1654 1939 1717 pro
1972 1630 2244 1698 utilitate
2274 1630 2468 1717 ipsius

191 1721 413 1786 domini
451 1720 748 1799 Roberti,
781 1743 892 1785 seu
945 1735 1184 1797 nostra,
1214 1720 1571 1807 poterimus
1624 1719 1727 1786 vel
1756 1720 2041 1804 poterint
2064 1719 2147 1784 ad
2176 1734 2469 1785 nostrum

191 1808 648 1894 beneplacitum
681 1830 1034 1873 removere.
1129 1808 1198 1875 Si
1245 1830 1400 1873 vero
1427 1807 1777 1895 praedictus
1806 1806 2101 1872 dominus
2138 1808 2468 1873 Robertns

195 1894 248 1959 in
277 1896 444 1961 dicta
467 1895 660 1961 Cella
685 1909 950 1982 propter
972 1895 1232 1961 hostiles
1262 1894 1549 1961 incursus
1580 1895 1678 1959 vel
1708 1916 2115 1960 communem
2144 1916 2469 1980 guerram,

193 1984 352 2069 quod
399 1984 596 2055 absit.
629 2005 758 2047 non
787 1985 1026 2068 poterit
1053 2006 1469 2062 commorare,
1501 1981 1769 2049 habebit
1804 2004 2125 2048 cameram
2156 1982 2239 2047 de
2274 1980 2476 2047 cold-

193 2070 456 2158 yngham
487 2070 664 2135 infra
691 2070 1142 2136 monasterium
1176 2086 1462 2137 nostrum
1510 2070 1915 2155 praedictum,
1958 2092 2035 2135 ac
2064 2091 2473 2135 communem

193 2158 716 2223 sustentacionem
745 2180 865 2244 pro
889 2180 955 2223 se
978 2174 1044 2223 et
1063 2159 1464 2225 serventibus
1493 2157 1621 2223 suis
1643 2157 2013 2224 necessariis
2034 2179 2154 2242 pro
2184 2171 2475 2242 tempore

191 2266 372 2310 morae
421 2268 560 2311 suoe
607 2246 690 2312 de
741 2245 1052 2333 proedicta
1095 2247 1283 2313 Cella
1326 2247 1411 2312 de
1453 2245 1693 2325 Jarow‚
1724 2268 1801 2311 ac
1830 2246 1914 2311 de
1945 2244 2209 2310 decimis
2240 2258 2306 2310 et
2336 2244 2475 2310 aliis

195 2334 580 2417 supradictis,
677 2333 755 2398 In
803 2335 984 2419 cujus
1031 2333 1124 2399 rei
1157 2334 1589 2401 testimonium
1621 2332 1899 2419 sigillum
1929 2354 2268 2399 commune
2300 2331 2475 2418 capi-

195 2420 300 2485 tuli
343 2422 544 2486 nostri
603 2422 1022 2507 praesentibus
1075 2436 1176 2487 est
1224 2443 1606 2508 appensum.
1704 2421 1883 2485 Data
1932 2420 1997 2484 in
2028 2419 2225 2485 domo
2253 2432 2477 2485 nostra

199 2508 544 2594 capitulari
593 2530 662 2574 vx
703 2509 906 2588 Junii,
937 2531 1111 2576 anno
1162 2507 1429 2575 Domini
1460 2508 1799 2575 millesimo
1832 2516 2029 2573 ccc¹¹⁵²⁰
2061 2504 2479 2597 nonagesimo

197 2610 432 2682 quarto-

531 2964 712 3011 cnvr.
763 2963 1091 3007 mentina
1123 2960 1212 3005 An
1247 2958 1775 3005 cannnnanntm
1808 2960 2123 3009 NUPCIAS.

1186 3078 1300 3144 [Ex
1321 3078 1498 3148 orig-1

279 3200 620 3267 Walterus
669 3242 756 3254 —
809 3197 1166 3283 Episcopus
1218 3193 1681 3262 Dunelmensis
1732 3193 1971 3259 dilecto
2014 3194 2150 3259 filio
2199 3194 2485 3261 Johanni

201 3289 397 3353 Priori
447 3286 744 3353 ecclesiae
801 3298 1042 3350 nostrae
1100 3282 1559 3351 Dunelmensis
1603 3324 1691 3337 -
1746 3282 1829 3347 ad
1890 3281 2484 3368 solempnizandum

201 3376 670 3441 matrimonium
729 3374 862 3437 sive
913 3370 1236 3457 sponsalia
1285 3371 1457 3435 inter
1506 3369 1803 3457 praeclari
1831 3368 2086 3454 generis
2114 3370 2483 3436 Johannem

203 3464 390 3529 filium
421 3461 660 3528 nobilis
689 3474 758 3527 et
788 3458 1114 3545 magnifici
1146 3458 1264 3522 viri
1304 3456 1576 3524 Domini
1606 3456 1690 3521 de
1724 3456 1962 3543 Nevyll
1991 3472 2057 3523 et
2084 3457 2279 3523 filiam
2305 3480 2485 3545 mag-

201 3550 362 3615 nifici
393 3564 459 3617 et
491 3548 756 3614 illustris
789 3546 906 3611 viri
936 3546 1180 3613 domini
1205 3544 1478 3611 Comitis
1511 3544 1593 3608 de
1631 3543 1875 3610 Cancia
1902 3545 1970 3609 in
1998 3544 2269 3611 ecclesia
2290 3567 2483 3630 paro-

202 3638 375 3703 chiali
406 3638 493 3703 de
530 3634 984 3721 Brauncepath
1017 3648 1254 3699 nostrae
1283 3632 1635 3710 dioceseos,
1668 3632 1935 3697 absente
1966 3630 2165 3719 ipsius
2196 3632 2483 3699 ecclesiae

204 3739 460 3805 rectore,
477 3724 599 3789 tibi
629 3736 940 3810 quantum
973 3720 1055 3786 de
1071 3721 1220 3806 jure
1237 3742 1575 3806 possumus
1594 3733 1820 3785 tenore
1839 3720 2261 3805 praesencium
2292 3720 2491 3787 licen-

203 3813 350 3878 ciam
381 3811 796 3877 concedimus
825 3809 1191 3895 specialem.
1288 3808 1365 3873 In
1397 3808 1581 3892 cujus
1608 3850 1695 3861 -—
1723 3807 1903 3873 Data
1931 3806 1995 3870 in
2026 3807 2311 3873 manerio
2342 3830 2493 3873 nos-

205 3912 296 3963 tro
341 3900 422 3965 de
477 3898 795 3976 Houden,
851 3896 1053 3965 Ebor.
1113 3895 1302 3961 Dioc.
1334 3896 1442 3961 die
1495 3916 1669 3959 xxxx
1714 3893 1949 3959 mensis
1990 3893 2281 3978 Augusti,
2316 3915 2487 3959 anno

208 3985 464 4053 Domini
511 3985 852 4051 millesimo
899 3982 1352 4051 trecentesimo
1397 3981 1815 4071 nonagesimo
1844 3994 2101 4068 quarto,
2139 3992 2206 4046 et
2243 3993 2484 4047 nostrae

204 4074 622 4143 translationis
649 4072 944 4161 septimo.
