3000 5117
529 421 682 495 CClV
971 440 1176 492 ms'r.
1208 440 1569 491 DUNELM.
1613 442 2077 493 SCRIPTORES
2114 440 2327 492 TRES.

798 913 1128 963 chxvnI.
1180 914 1628 959 PERDONACIO
1663 915 1973 960 nonnam
2004 916 2329 962 MASSHAM
2364 917 2552 961 APUD

1417 1002 1921 1047 LANCASTRIAM.

1048 1116 1222 1182 [cart.
1243 1116 1357 1169 111.
1377 1116 1466 1169 fol.
1487 1120 1605 1169 230.
1628 1124 1685 1170 et
1708 1118 1856 1188 orig.
1884 1120 1926 1169 Ι.
1948 1121 1981 1169 4
2006 1118 2189 1187 Regal.
2216 1116 2279 1169 L.
2310 1120 2376 1187 1.]

616 1234 946 1303 Henricus
1001 1234 1130 1300 Dei
1180 1233 1398 1319 gracia
1445 1256 1565 1299 rex
1620 1235 1877 1319 Angliae
1928 1249 1997 1301 et
2050 1236 2345 1301 Franciae
2390 1249 2457 1301 et
2508 1237 2820 1303 Dominus

529 1324 873 1390 Hiberniae
925 1322 1220 1388 omnibus
1264 1321 1514 1387 ballivis
1558 1337 1627 1387 et
1672 1321 1969 1387 fidelibus
2013 1324 2141 1387 suis
2172 1323 2256 1388 ad
2330 1346 2447 1387 uos
2476 1341 2820 1409 praesentes

522 1412 757 1477 litterae
801 1406 1210 1495 pervenerint
1254 1409 1545 1474 salutem.
1640 1408 1867 1475 Sciatis
1898 1410 2073 1497 quod
2104 1432 2252 1476 cum
2350 1412 2623 1477 obertus
2653 1412 2818 1477 Mas-

523 1520 659 1563 sam
704 1496 1199 1561 commonachus
1251 1494 1487 1560 Prioris
1520 1494 1602 1560 de
1634 1494 1989 1575 Dunelm0,
2024 1520 2144 1582 pro
2173 1520 2253 1563 eo
2282 1499 2459 1584 quod
2490 1520 2625 1563 non
2652 1499 2819 1563 venit

515 1606 735 1649 coram
783 1604 988 1668 nuper
1036 1582 1080 1648 J
1083 1581 1409 1647 usticiariis
1461 1582 1709 1647 domini
1759 1583 2026 1649 Henrici
2068 1606 2275 1668 nuper
2323 1585 2523 1684 Regis
2569 1586 2821 1669 Angliae

519 1670 721 1759 patris
765 1669 991 1748 nostri,
1039 1667 1213 1755 apud
1245 1670 1708 1748 Lancastriam,
1742 1670 1824 1734 ad
1855 1670 2374 1756 respondendum
2407 1672 2627 1736 eidem
2661 1674 2823 1757 patri

519 1769 745 1822 nostro
781 1779 974 1843 super
1021 1754 1288 1820 diversis
1315 1754 1599 1821 articulis
1628 1777 1817 1839 super
1855 1756 2062 1841 ipsum
2092 1760 2495 1841 praesentatis
2528 1760 2707 1824 unde
2736 1760 2822 1823 in·

521 1844 802 1909 dictatus
847 1856 944 1909 est
989 1856 1057 1908 et
1107 1842 1172 1905 in
1219 1842 1556 1926 exigendis
1607 1843 1850 1926 positus
1900 1843 2122 1909 fuisset
2172 1843 2236 1905 in
2292 1844 2603 1909 comitatu
2656 1846 2821 1909 Lan-

521 1930 773 1995 castriae
820 1930 904 1994 ad
944 1928 1386 2017 utlagandum,
1437 1942 1505 1993 et
1551 1951 1629 1994 ea
1664 1928 1997 1993 occasione
2028 1930 2440 2014 postmodum
2477 1932 2819 2015 utlagatus,

517 2017 683 2082 sicut
711 2039 826 2103 per
855 2029 1145 2081 tenorem
1167 2015 1416 2081 recordi
1440 2032 1509 2079 et
1532 2037 1867 2101 processus
1894 2015 2227 2100 utlagariae
2250 2017 2607 2102 praedictae,
2634 2040 2821 2104 quem

515 2125 733 2168 coram
777 2103 958 2167 nobis
1005 2102 1074 2166 in
1130 2101 1531 2168 cancellaria
1560 2116 1773 2167 nostra
1801 2102 2025 2167 venire
2053 2102 2341 2179 fecimuS,
2376 2103 2568 2187 plene
2599 2105 2818 2191 liquet,

507 2190 772 2290 jamque
819 2189 990 2254 idem
1027 2189 1350 2255 Robertus
1380 2190 1655 2274 prisonae
1686 2202 1925 2253 nostrae
1960 2189 2355 2253 Lancastriae
2379 2212 2599 2254 coram
2624 2192 2665 2257 J
2675 2196 2822 2256 usti-

517 2276 722 2341 ciariis
746 2275 976 2341 nostris
997 2276 1235 2341 ibidem
1255 2275 1591 2341 occasione
1610 2276 1925 2361 praedicta
1942 2298 2010 2339 se.
2028 2275 2403 2352 reddiderit,
2416 2290 2483 2340 et
2505 2278 2571 2340 in
2592 2279 2819 2343 eadem

517 2377 827 2442 moratur,
875 2364 1040 2428 sicut
1085 2364 1357 2427 dilectus
1389 2376 1455 2428 et
1483 2362 1691 2427 fidelis
1723 2376 1938 2426 noster
1971 2362 2285 2427 Ricardus
2312 2363 2570 2427 Norton
2606 2388 2727 2429 nos
2758 2367 2819 2429 in

513 2450 752 2515 dictam
788 2450 1249 2516 cancellariam
1274 2464 1557 2513 nostram
1580 2448 1663 2513 ad
1684 2449 2059 2513 mandatum
2084 2462 2372 2513 nostrum
2396 2450 2817 2529 certificavit3

520 2536 682 2615 Nos,
737 2536 974 2621 pietate
1034 2538 1214 2614 moti,
1277 2535 1770 2619 perdonavimus
1822 2535 2032 2599 eidem
2091 2536 2381 2601 Roberto
2432 2537 2817 2625 utlagariam

515 2623 890 2708 praedictam
937 2634 1002 2686 et
1046 2623 1298 2686 firmam
1335 2644 1564 2707 pacem
1594 2636 1877 2687 nostram
1908 2622 1971 2685 ei
2002 2620 2155 2686 inde
2186 2622 2621 2688 concedimus·
2721 2626 2817 2690 Ita

511 2722 727 2773 tamen
778 2708 954 2794 quod
995 2720 1120 2773 stet
1171 2722 1350 2772 recto
1397 2710 1462 2772 in
1504 2710 1682 2773 curia
1708 2722 1947 2785 nostra,
1980 2708 2033 2771 si
2063 2730 2178 2773 nos
2209 2731 2427 2774 versus
2459 2732 2607 2775 eum
2641 2711 2815 2799 loqui

513 2793 902 2859 voluerimus
933 2795 1015 2858 de
1045 2795 1387 2879 praemissis
1411 2819 1430 2871 3
1463 2808 1530 2860 et
1558 2795 1743 2860 nobis
1773 2794 2119 2860 satisfaciat
2146 2795 2229 2860 de
2261 2819 2343 2860 eo
2372 2798 2550 2883 quod
2583 2798 2670 2862 ad
2702 2822 2813 2863 nos

509 2882 725 2948 debite
755 2882 1034 2965 pertinet
1063 2880 1128 2944 in
1151 2881 1272 2945 hac
1295 2894 1497 2967 parte.
1578 2881 1651 2946 In
1677 2881 1855 2966 cujus
1878 2882 1972 2945 rei
1996 2883 2430 2947 testimonium
2456 2884 2575 2949 has
2598 2885 2813 2951 literas

507 2982 760 3033 nostras
808 2967 946 3033 fieri
995 2968 1257 3034 fecimus
1303 2980 1625 3055 patentes
1720 2970 1922 3033 Teste
1972 2990 2073 3033 me
2119 2969 2259 3054 ipso
2306 2972 2483 3055 apud
2533 2972 2815 3037 Lancas-

505 3056 714 3136 triam,
761 3055 1062 3121 vicesimo
1091 3056 1318 3144 quinto
1347 3056 1456 3120 die
1489 3053 1749 3133 Marcii,
1784 3078 1953 3120 anno
1980 3058 2163 3145 regni
2194 3058 2394 3121 nostri
2418 3059 2729 3124 secundo.

683 3492 962 3541 chxnt.
1057 3492 1146 3535 nn
1217 3492 1630 3537 mnnn‘rnm
1700 3490 1839 3535 meo
1902 3490 2133 3537 orant.
2203 3476 2330 3535 1v‘0
2386 3492 2635 3539 PAR-ris

1466 3576 1827 3625 cLAus'rm.

1372 3696 1517 3761 [Lib.
1541 3696 1779 3747 Sauriam
1800 3692 1837 3745 f.
1864 3695 1935 3759 ι.]

597 3816 828 3882 Pateat
857 3810 1163 3878 universis
1191 3832 1308 3895 per
1351 3822 1702 3894 praesentes
1746 3809 1925 3896 quod
1954 3832 2073 3873 nos
2104 3809 2391 3875 Thomas
2424 3810 2501 3875 H
2548 3813 2807 3900 ndeley,

504 3904 947 3979 cementarius,
1005 3897 1402 3964 Willielmus
1449 3896 1533 3959 de
1586 3896 2087 3980 Thorneburgh,
2142 3896 2430 3975 clericus»,
2517 3900 2809 3965 ohannes

510 3991 877 4075 Percebrig,
939 3987 1141 4064 faber,
1209 3986 1509 4068 Rogerus
1572 3982 1737 4069 Elge
1797 3998 1867 4047 et
1926 3983 2319 4048 VVillielmus
2380 3985 2666 4051 Litester
2725 3988 2810 4051 de

505 4078 818 4145 Dunelm.
868 4088 1162 4139 tenemur
1214 4083 1283 4135 et
1327 4070 1460 4135 fide
1506 4068 1719 4133 media
1766 4069 2031 4153 obligati
2084 4092 2303 4134 sumus
2345 4073 2713 4137 reverendo
2745 4072 2808 4135 in

509 4164 771 4229 Christo
831 4161 997 4247 patri
1055 4174 1124 4225 et
1197 4156 1464 4222 domino
1541 4155 1819 4221 Tlmmae
1897 4156 2024 4219 Dei
2083 4156 2299 4243 gracia
2379 4156 2807 4223 Dunelmensi

507 4249 858 4334 Episcopo,
908 4270 1012 4312 ma
1060 4246 1214 4310 istro
1266 4242 1550 4309 Ricardo
1606 4242 1835 4319 Holm,
1886 4241 2150 4307 domino
2200 4243 2493 4308 Roberto
2529 4244 2818 4329 Wycliff

504 4353 572 4401 et
625 4337 824 4401 Petro
855 4335 937 4399 de
964 4334 1006 4397 l’
1085 4356 1184 4420 ay,
1235 4335 1299 4396 in
1353 4330 1651 4397 ducentis
1704 4329 1877 4394 libris
1927 4328 2150 4415 legalis
2203 4345 2483 4395 monetae
2514 4331 2799 4415 Angliae,

502 4423 825 4488 solvendis
879 4420 1120 4487 eisdem
1171 4418 1527 4485 reverendo
1586 4417 1773 4502 patri,
1822 4418 2128 4504 magistro
2181 4416 2484 4495 lucardo,
2534 4417 2801 4483 domino
