3000 5117
801 413 1204 479 nonninus
1261 427 1362 478 m:
1421 415 1940 478 GRAYSTANES.
2430 395 2532 470 65·

378 892 541 954 eni.
593 907 740 952 xrx.
833 909 924 951 »Β
979 907 1474 952 murem-mun
1526 907 1802 952 Pmoms
1853 907 1999 952 cunt
2050 895 2343 953 Ancum·

911 996 1192 1039 riscoro
1232 995 1402 1039 suna
1448 979 1820 1039 vamum!

965 1135 1105 1202 [MS.
1129 1137 1254 1204 Cap.
1277 1153 1414 1189 cm.
1439 1135 1527 1188 sul.
1559 1139 1669 1188 toa.
1696 1136 1779 1198 b.}

281 1275 596 1342 Vacante
645 1277 839 1360 igitur
884 1275 1156 1341 ecclesia
1187 1277 1613 1340 Dunelmensi
1662 1298 1777 1362 per
1822 1289 2094 1340 mortem
2134 1275 2401 1341 Roberti
2434 1279 2523 1344 de·

191 1353 450 1440 Insula,
487 1385 584 1428 ru
611 1365 756 1429 idus
785 1363 988 1440 Junii,
1015 1385 1188 1426 anno
1213 1361 1478 1427 Domini
1510 1383 1949 1440 mccnxxxm,
1974 1367 2187 1426 statim
2223 1365 2402 1427 Prior
2448 1381 2515 1429 et

181 1453 560 1532 capitulum
592 1451 1156 1537 apprehenderunt
1191 1449 1731 1535 jurisdictionem,
1767 1449 2067 1514 officiales
2091 1466 2157 1514 et
2190 1453 2517 1534 ministros·

183 1536 356 1600 alios
389 1540 866 1622 prael'ecerunt3
910 1533 1238 1624 [officiales
1269 1559 1384 1621 per
1413 1537 1977 1622 Archiepiscopum
2008 1539 2367 1621 praefectos,
2402 1541 2512 1638 qui

183 1623 476 1688 eandem
491 1627 1006 1708 jurisdictionem
1028 1645 1342 1707 occupare
1365 1623 1751 1700 nitebantur,
1769 1623 2223 1710 expulerunt3]
2250 1625 2513 1689 Archie-

185 1711 546 1797 piscopum
577 1713 952 1778 visitationis
981 1734 1172 1776 causa
1195 1711 1712 1788 descendentem,
1738 1711 1928 1775 tertio
1960 1711 2063 1774 die
2092 1712 2129 1776 J
2138 1711 2269 1789 ulii,
2305 1713 2510 1777 nulla-⁶

187 1811 394 1862 tenus
457 1801 790 1864 ecclesiam
861 1798 1110 1881 ingredi
1185 1797 1627 1882 permiserunt.
1758 1799 1971 1882 Ipsum
2032 1798 2113 1862 ad
2176 1799 2511 1864 eeclesiam·

185 1887 408 1948 sancti
445 1885 742 1950 Nicholai
775 1887 840 1949 in
867 1885 1194 1949 Dunelmo
1225 1885 1675 1962 divertentem,
1703 1899 1793 1961 et,
1820 1905 2113 1948 sermone
2144 1885 2229 1949 ibi
2262 1885 2505 1964 habite,

191 1971 501 2034 Priorem
549 1986 612 2037 et
659 1975 928 2056 majores
961 1972 1230 2057 capituli
1275 1973 1829 2036 excommunicare
1868 1971 2221 2048 volentem,
2246 1973 2505 2058 quidam

173 2061 466 2142 juvenes
513 2059 594 2123 de
643 2060 794 2124 villa
834 2060 926 2124 sic
972 2075 1359 2138 terruerunt,-
1407 2061 1579 2145 quod
1628 2080 1746 2143 per
1788 2059 2021 2144 gradus
2057 2076 2273 2122 versus
2300 2059 2505 2126 scolas

187 2145 480 2209 latenter
511 2147 924 2223 descendere,
960 2161 1024 2210 et
1055 2147 1146 2210 sic
1191 2149 1372 2210 'uxta
1400 2157 1631 2232 aquam
1666 2169 1865 2232 nsque
1908 2145 2132 2231 Kipier
2162 2145 2501 2224 divertere,

185 2231 386 2295 laetus
435 2231 578 2296 fuit.
674 2233 1046 2298 Auriculam
1095 2173 1386 2318 pallel'ridi
1435 2233 1597 2314 [sui]
1648 2233 2098 2307 absci‹lerunt;
2146 2247 2214 2296 et
2275 2234 2501 2318 ipsum,

185 2320 242 2382 si
303 2319 689 2403 VVycardus
733 2323 816 2386 de
869 2321 1196 2386 Charrons
1257 2335 1324 2384 et
1391 2321 1617 2386 Petrus
1665 2319 2077 2402 defl'horsbi
2126 2343 2253 2383 non
2300 2323 2505 2406 impe-

183 2405 464 2482 dissent,
545 2423 617 2470 ut
662 2408 960 2484 creditur,
1027 2407 1430 2472 occidissent.
1550 2407 1875 2472 Vicarium
1927 2407 2139 2472 Sancti
2196 2407 2505 2486 Oswaldi',

187 2492 714 2579 Archiepiscopo
771 2495 1234 2572 adhaerentem,
1279 2495 1363 2558 de
1418 2494 1681 2558 diversis
1726 2493 2093 2558 criminibus
2140 2494 2503 2578 impetitum
2540 2561 2545 2566 ,

187 2595 260 2642 et
292 2579 690 2658 convictum,
725 2581 962 2646 virtute
974 2581 1438 2665 jurisdictionis
1469 2582 1911 2666 apprehensae,
1936 2580 2219 2645 officialis
2256 2581 2501 2648 Prioris

187 2683 262 2728 et
291 2666 560 2750 capituli
595 2667 988 2752 judicialiter
1019 2667 1288 2752 privavit
1315 2692 1332 2744 ;
1395 2683 1459 2733 et
1495 2669 1680 2734 Prior
1709 2684 1775 2732 et
1806 2668 2155 2754 capitulum
2190 2669 2374 2733 alteri
2412 2663 2511 2734 vi«

188 2751 432 2816 cariam
465 2755 898 2832 contulerunt,
919 2757 1050 2842 qui,
1083 2777 1248 2832 eam,
1281 2757 1584 2843 quamdiu
1613 2755 1872 2833 viveret,
1908 2755 2267 2842 occupavit,
2295 2758 2501 2823 altero

191 2861 532 2924 nunquam
565 2840 887 2910 restituto.
953 2845 1320 2930 Antequam
1349 2866 1500 2908 vero
1535 2843 2068 2927 Archiepiscopus
2100 2843 2501 2909 Dunelmum

192 2927 470 3003 veniret,
506 2929 628 2992 snit
657 2943 996 3012 exceptum
1043 2945 1271 2995 contra
1313 2953 1505 3006 eum;
1551 2933 1723 3016 quod
1761 2929 2123 3015 jurisdictio
2158 2929 2243 2994 ad
2286 2931 2498 3016 ipsum

194 3026 353 3076 tunc
401 3015 664 3079 devolvi
704 3016 966 3080 minime
1023 3031 1302 3101 poterat,
1351 3039 1432 3081 eo
1475 3017 1653 3103 quod
1702 3015 1833 3100 ipse
1880 3031 2017 3080 erat
2060 3013 2507 3080 excommunic

189 3115 398 3178 catus,
448 3114 606 3166 tunc
651 3113 716 3166 et
763 3103 873 3166 diu
920 3123 1093 3180 ante,
1144 3125 1258 3188 per
1309 3105 1629 3168 Abbatem
1675 3102 1759 3166 de
1800 3102 2141 3178 Waltham,
2207 3103 2498 3180 [Radul-

189 3187 392 3271 phum
443 3187 528 3252 de
577 3189 872 3267 Merlaw,
922 3205 988 3255 et
1039 3189 1126 3254 Η.
1172 3191 1255 3256 de
1302 3189 1655 3276 Layseth,]‘
1681 3204 1751 3252 ut
1780 3211 1975 3274 supra
2004 3201 2203 3272 patet,
2230 3210 2351 3274 pro
2382 3211 2499 3256 sua

187 3275 618 3339 contumacia.
734 3275 888 3426 <{Ex
919 3277 1144 3341 eadem
1177 3299 1364 3342 causa
1391 3279 1513 3341 fuit
1544 3289 1886 3363 exceptum
1912 3275 2125 3362 quod}
2154 3297 2279 3340 non
2316 3289 2495 3342 tene-

187 3361 428 3425 bantur
488 3383 634 3427 eum
694 3387 734 3429 a
781 3365 1034 3428 mittere
1109 3365 1191 3428 ad
1269 3365 1697 3428 visitationem
1760 3363 1824 3427 in
1887 3365 1975 3428 eis
2042 3361 2495 3428 exercendam,

195 3447 328 3512 Sed
391 3448 526 3512 istis
589 3473 722 3515 non
779 3451 1200 3528 obstantibuS,
1249 3450 1633 3516 sententiam
1686 3450 2363 3516 excommunicationis
2424 3466 2493 3517 et

188 3534 520 3600 interdicti
595 3537 1027 3624 promulgavit
1085 3535 1149 3600 in
1195 3539 1468 3622 majores
1529 3539 1614 3600 de
1670 3537 1953 3622 capitulo
1998 3551 2065 3602 et
2125 3537 2455 3604 ecclesiam
2470 3562 2488 3615 3

188 3637 614 3706 provocatum
663 3637 874 3688 tamen
927 3639 1065 3696 erat
1115 3624 1292 3709 prius
1339 3639 1406 3690 et
1449 3624 1864 3708 appellatum.
1962 3624 2075 3688 Isti
2118 3623 2493 3709 exceptioni

187 3707 310 3772 fuit
371 3709 794 3794 rescriptum3
875 3711 1084 3798 [puta,
1154 3712 1306 3796 quia
1359 3711 1893 3796 Archiepiscopus
1941 3727 2273 3796 suspectus
2326 3727 2488 3790 erat,

186 3810 462 3880 propter
504 3797 638 3860 litis
682 3797 1174 3882 dependentiam
1204 3797 1595 3876 inchoatam,
1623 3798 1777 3862 sede
1810 3795 2231 3861 Dunelmeusi
2276 3798 2488 3882 plena,

188 3884 358 3946 inter
409 3881 622 3966 ipsum
682 3881 1272 3968 Archiepiscopum,
1325 3885 1743 3970 Episcopum,
1786 3896 1853 3948 et
1904 3883 2190 3948 Priorem
2238 3881 2491 3947 Dunel—

189 3991 502 4033 mensem.
549 3971 740 4046 Item,
771 3971 948 4055 quod
983 3970 1539 4056 ArchiepiscopuS,
1572 3971 1773 4058 prius,
1807 3971 1961 4035 sede
1993 3971 2204 4056 plena,
2238 3969 2491 4054 rejectis

191 4075 412 4118 eorum
443 4057 989 4142 appellationibus
1035 4057 1358 4141 legitimis,
1407 4059 1560 4146 quia
1605 4059 1793 4124 aliter·
1830 4058 1920 4122 eis
1967 4056 2263 4121 dominus
2314 4056 2495 4141 Papa

193 4163 320 4206 non
367 4145 822 4229 rescripsisset,
859 4145 920 4206 in
961 4143 1250 4208 Priorem
1282 4157 1349 4209 et
1381 4145 1660 4230 majores
1684 4144 1941 4244 capituli
1975 4143 2495 4209 excommunica-

194 4227 381 4295 tionis
439 4231 830 4297 sententiam
888 4231 1337 4315 promulgavit.
1432 4233 1622 4308 Item,
1671 4255 1817 4318 quia
1867 4232 1939 4295 lis
1985 4230 2303 4312 inchoata,
2340 4232 2493 4298 sede

859 4411 884 4437 ⁸
925 4405 1245 4456 Arrssxmx.
1281 4404 1383 4456 No.
1411 4421 1593 4456 Lxxu.
1616 4421 1826 4458 xxxm-

1321 4517 1363 4561 F.
