3000 5117
804 558 1305 617 mmmm
1338 560 1445 615 m:
1480 556 1890 615 cunutus.
2355 544 2500 615 156

186 730 682 799 inserviebatur.
776 728 1147 794 Liberalem
1175 739 1245 794 et
1272 728 1534 813 eopiose
1563 725 1942 793 instructam
1989 746 2276 795 mensam
2305 726 2506 795 habe-

186 824 325 890 bat.
430 816 629 907 Apud
662 816 993 904 Bearpark
1014 817 1245 882 domos
1272 816 1508 882 multas
1536 827 1858 881 vetustate
1887 828 2298 903 consumptas
2321 836 2508 903 repa-

188 908 381 975 ravit.
476 906 863 973 construxit
883 904 1077 971 etiam
1093 926 1329 969 novam
1359 904 1572 969 aulam
1595 904 1771 990 apud
1806 902 2192 989 Pittington,
2213 916 2507 971 vocatam

188 1001 291 1064 the
322 1000 561 1063 Priora
588 994 809 1073 Helle,
852 1014 1003 1059 eum
1032 991 1169 1058 aliis
1200 992 1491 1058 aedificiis
1522 992 1588 1056 in
1617 1004 1966 1079 utrumqne
1995 992 2191 1059 finem
2221 993 2512 1079 ejusdem

191 1086 368 1153 aulae
396 1085 686 1151 annexis.
778 1082 859 1148 In
886 1080 1277 1169 elemosynis
1328 1091 1470 1145 erat
1505 1080 1862 1159 abundans,
1913 1080 1976 1143 in
2027 1081 2308 1167 puritate
2359 1082 2512 1147 vitae

190 1173 562 1240 laudabili&
652 1170 953 1237 Tandem
982 1180 1198 1237 tamen
1228 1188 1358 1235 una
1384 1188 1536 1233 cum
1564 1168 1870 1255 episcopo
1903 1167 2246 1235 'I'unstallo
2277 1182 2345 1235 et
2371 1171 2510 1257 ejus

194 1260 589 1328 cancellario
644 1258 1041 1347 Hyndmers,
1096 1278 1217 1345 per
1291 1256 1640 1323 Rinianum
1697 1256 1978 1322 Mennill
2023 1270 2378 1339 accusatus,
2429 1258 2516 1323 ad

196 1349 581 1417 Londinum
608 1346 735 1413 iter
762 1370 950 1413 suum
978 1346 1301 1433 suscipere
1365 1350 1495 1425 est]
1529 1343 1995 1423 summonitus3
2043 1345 2158 1409 ubi
2203 1343 2518 1413 inusitatis

196 1436 513 1503 molestiis
545 1435 849 1524 agitatus,
880 1456 967 1501 ex
996 1434 1119 1501 hac
1151 1434 1285 1500 vita
1358 1433 1608 1513 ecessit‚
1641 1456 1812 1499 anno
1840 1433 2114 1499 Domini
2167 1454 2516 1500 noxiam.

194 1527 625 1613 sepultusque
684 1524 865 1609 jacet
916 1522 981 1587 in
1039 1520 1307 1589 eeclesia
1357 1520 1810 1601 Mineriorum,
1861 1544 2064 1607 prope
2125 1520 2386 1587 Turrim
2432 1523 2518 1589 de

200 1614 514 1680 London.
614 1612 747 1681 Iste
778 1612 989 1699 Hugo
1015 1611 1141 1676 fuit
1168 1609 1546 1677 novissimus
1581 1609 1772 1675 Prior
1797 1608 2084 1681 ecelesiae
2115 1609 2520 1681 Dunelmen-

194 1702 281 1767 sis
312 1716 385 1769 et
408 1700 707 1788 ejusdem
735 1699 979 1789 primus
1011 1698 1335 1767 Decanus.

520 2150 676 2203 ΟΩ.
708 2150 852 2199 ¹71·
898 2150 991 2197 D·
1020 2146 1451 2198 CWEBBBTO
1480 2144 1844 2195 wltawam.
1875 2146 2208 2202 znonoro

1204 2234 1528 2283 nummu.

346 2378 745 2447 cuthbertus
802 2377 1107 2451 Tunstall
1168 2378 1510 2445 translatus
1553 2377 1680 2447 fuit
1715 2380 1800 2446 ab
1833 2380 2224 2469 Episcopatu
2255 2385 2526 2455 Londo-

202 2468 427 2537 niensi
456 2468 541 2535 ad
590 2465 1101 2537 Duuelmeusem
1146 2488 1319 2537 anuo
1351 2466 1620 2533 Domini
1651 2488 1919 2549 mlxxx,
1965 2492 2102 2535 xxv
2129 2472 2239 2540 die
2275 2473 2525 2559 Martii,

204 2556 459 2627 virtute
493 2556 706 2627 Bulloe
732 2554 1003 2622 directae
1046 2578 1089 2622 a
1122 2554 1305 2642 Papa
1336 2554 1680 2622 Clemente
1712 2576 1832 2627 vu.
1865 2558 1952 2623 ad
1979 2558 2342 2629 Heurncum
2373 2586 2522 2638 vm.

204 2644 571 2799 3132&
602 2642 1107 2801 ἓὲῖζῗηῗὲῑῗὶῗ
1132 2644 1345 2799 ἓξὲξ
1386 2642 2016 2819 {ffiffiffl
2041 2661 2112 2715 ‘³‘
2131 2648 2528 2811 ffipmnt

2267 2764 2374 2809 um

208 2820 529 2908 capellam
574 2820 633 2887 ei
679 2841 997 2890 annexam
1042 2842 1237 2905 opere
1258 2820 1695 2899 caementario‚
1729 2820 1796 2885 in
1825 2758 2521 2905 castromssunelmengi.

212 2908 609 2977 construxit
650 2908 846 2977 etiam
876 2921 1099 2994 portas
1137 2908 1379 2975 ferreas
1430 2908 1714 2995 ejusdem
1745 2910 1936 2975 castri
1965 2932 2114 2977 cum
2145 2937 2339 3001 opere
2369 2919 2530 3007 lapi..

210 2998 343 3066 deo
386 2998 475 3063 ab
525 3010 797 3151 utreque
848 3008 1053 3080 parte.
1144 2998 1211 3063 A
1256 3018 1359 3063 uoe
1398 2998 1599 3063 etiam
1629 2998 1939 3076 canalem,
1973 3000 2212 3067 scilicet
2241 3026 2288 3069 a
2327 3008 2532 3075 Ναΐα·

214 3088 508 3163 manat,
554 3085 644 3151 ad
758 3084 1063 3163 vandum,
1110 3020 1425 3163 funtdavit,
1472 3108 1513 3151 a
1541 3084 1794 3185 sinistra
1821 3100 2004 3171 parte
2032 3088 2334 3159 introitus
2363 3095 2530 3181 ejus-

214 3173 361 3242 dem
394 3174 612 3239 castri.
704 3172 1091 3240 construxit
1136 3194 1395 3261 quoque
1426 3186 1746 3259 porticum
1775 3175 1952 3261 apud
1983 3176 2325 3245 Auckland
2349 3204 2368 3258 3
2414 3187 2529 3251 ubi

216 3261 417 3328 etiam
446 3260 751 3340 cubiculi,
785 3261 849 3327 in
896 3283 1031 3349 quo
1071 3262 1445 3345 prandetur,
1476 3261 1912 3329 summitatem
1945 3286 2198 3350 magnae
2227 3268 2530 3339 fenestroe

220 3348 517 3435 perfecit,
574 3370 689 3434 per
742 3348 1067 3421 Thomam
1125 3348 1395 3415 Ruthall
1444 3350 1774 3436 quondam
1825 3351 2198 3438 episcopum
2225 3356 2404 3445 prius
2431 3361 2531 3429 in.

219 3450 559 3523 coeptum3
606 3436 887 3525 aliasque
928 3436 1370 3523 reparationes
1413 3436 1585 3503 circa
1631 3438 1896 3503 domum
1944 3443 2324 3527 praedictam
2355 3449 2530 3518 feeit.

224 3526 529 3591 Castrum
558 3525 750 3591 etiam
782 3526 955 3613 apud
992 3524 1285 3593 Norbam
1314 3524 1582 3591 diversis
1613 3526 1678 3590 in
1709 3526 1868 3593 locis
1897 3534 2238 3615 reparavit.
2331 3536 2534 3607 Telo-

220 3612 423 3691 nium,
494 3613 785 3699 Anglice,
844 3616 945 3681 the
1008 3616 1217 3683 Tosale
1268 3614 1491 3691 Bonos,
1537 3612 1610 3679 in
1657 3614 1800 3681 foro
1863 3616 2282 3687 Dunelmensi
2334 3649 2532 3715 opere

220 3702 661 3779 caementario,
692 3724 839 3769 cum
884 3700 1023 3769 aliis
1054 3700 1352 3767 domibus
1382 3701 1762 3769 officialibus
1791 3704 1855 3768 in
1883 3710 2230 3792 posteriori
2259 3732 2442 3798 parte
2471 3719 2532 3784 ei

219 3790 527 3867 annexis3
572 3810 737 3877 quas
788 3792 985 3859 etiam
1032 3790 1277 3859 civibus
1306 3790 1854 3858 Duuelmensibus
1884 3808 2114 3880 postea
2157 3799 2533 3873 donaverat.

222 3876 517 3946 Tertiam
546 3892 813 3964 partem,
846 3901 1063 3949 versus
1090 3890 1403 3957 austrum,
1436 3880 1658 3965 pontis
1685 3880 1772 3945 de
1807 3880 2002 3947 Novo
2031 3884 2288 3967 Castro,
2325 3896 2535 3959 vocati

232 3967 405 4049 Q
434 3968 703 4051 Bn‘doe,
734 3989 933 4053 opere
976 3966 1237 4053 lapideo
1277 3980 1347 4033 et
1376 3966 1615 4053 ligneo,
1651 3968 1814 4033 binis
1859 3970 2195 4055 sejunctim
2227 3984 2534 4067 tempori..

220 4054 358 4133 bus,
411 4056 678 4140 proprio
724 4066 985 4140 sumptu
1038 4054 1403 4140 repat-avite
1468 4055 1584 4121 sed
1633 4072 1966 4126 accusatus
2017 4082 2138 4145 per
2187 4062 2535 4137 Rinianum

224 4140 531 4220 Mennill,
565 4142 631 4206 in
656 4142 788 4207 fine
818 4142 1005 4226 regni
1038 4140 1341 4207 Edwardi
1366 4164 1456 4219 vl,
1490 4144 1651 4207 turri
1669 4158 1808 4210 erat
1837 4146 2121 4214 intrusus
2149 4154 2324 4236 apud
2357 4156 2534 4224 Lon-

222 4230 510 4307 doniam,
546 4242 613 4294 et
658 4230 1117 4315 deprivabatur
1148 4230 1514 4315 Episcopali
1562 4235 1739 4295 omni
1769 4236 2153 4314 autoritate3
2201 4242 2284 4305 ad
2315 4266 2530 4331 quam,

221 4339 366 4381 cum
413 4316 691 4402 primum
740 4319 822 4382 ad
870 4319 1155 4403 regalem
1200 4318 1464 4383 accessit
1498 4318 1754 4404 Regina
1783 4320 2018 4401 Maria,
2052 4324 2119 4389 in
2151 4327 2528 4414 dignitatem

222 4427 473 4470 summo
525 4428 673 4470 cum
718 4405 965 4472 honore
1012 4406 1245 4473 iterum
1289 4407 1791 4473 restaurabatur.
1891 4410 1967 4474 In
2011 4415 2187 4479 omni
2219 4440 2338 4484 suo
2370 4435 2533 4489 tem-

220 4515 375 4579 pore
405 4495 549 4581 pati
571 4494 783 4559 noluit
814 4518 896 4561 ne
921 4494 1204 4582 lapidem
1227 4494 1377 4576 [ab]
1400 4493 1690 4559 aedificiis
1718 4498 1846 4561 suis
1868 4498 2147 4588 antiquis
2177 4503 2246 4568 in
2275 4508 2528 4576 ruinam

221 4582 481 4668 dilapsis
527 4581 781 4649 auferri.
876 4582 1212 4649 Familiam
1273 4582 1696 4648 honorificam
1747 4608 2002 4673 semper
2048 4610 2264 4657 secum
2301 4598 2526 4677 tenuit,

221 4666 705 4758 honorificeque
756 4669 1217 4738 attendebatur
1264 4692 1305 4736 a
1358 4672 1684 4755 generosis
1727 4684 1798 4738 et
1826 4674 2191 4743 hominibus
2218 4678 2528 4765 plebeiis3
