3000 5117
483 501 583 574 54·
960 529 1160 582 msr.
1217 529 1567 580 nunnus.
1611 528 2066 581 semproims
2098 529 2309 581 rues.

491 693 572 759 ad
621 693 850 774 aulam,
890 695 1083 779 jussit
1127 691 1344 758 venire
1377 689 1716 776 janitores,
1768 689 2235 756 maresscallum
2280 704 2351 756 et
2392 689 2551 755 alios
2594 713 2803 756 saecu-

491 780 680 857 lares,
715 803 932 846 curam
964 781 1192 846 domus
1223 779 1556 857 habentes,
1577 778 1833 844 dicens:
1872 779 2183 843 “Domus
2212 778 2335 843 ista
2350 791 2453 843 est
2483 779 2549 840 in
2576 793 2797 843 custo—

493 868 602 933 dia
646 868 890 932 domini
935 870 1104 944 mei;
1145 879 1213 931 et
1263 865 1414 930 ideo*
1462 866 1613 930 volo
1660 865 1883 930 videre
1924 863 2033 951 qui
2082 887 2303 929 curam
2342 864 2511 928 illius
2540 867 2793 930 debent

496 977 712 1042 agere,
747 969 812 1020 et
832 956 1262 1040 juramentum
1294 951 1626 1019 fidelitatis
1654 953 1738 1017 ab
1784 951 1935 1038 ipsis
1986 951 2271 1037 exigere,
2315 973 2681 1017 ammovere
2728 965 2799 1017 et

496 1043 900 1119 substituere,
948 1055 1138 1126 prout
1167 1039 1388 1104 videro
1417 1040 1788 1125 expedire.’'
1886 1039 2286 1125 Responsum
2318 1053 2459 1104 erat
2485 1039 2567 1117 ei,
2620 1039 2802 1127 quod

497 1129 790 1194 inaudita
817 1142 1119 1214 peteret3
1165 1149 1332 1193 nune
1380 1149 1527 1192 uam
1576 1129 1745 1192 enim
1808 1125 2149 1190 intromisit
2206 1149 2274 1190 se
2327 1126 2683 1210 Episcopus
2712 1127 2803 1190 de

503 1215 744 1281 familia
766 1217 1014 1292 domuS,
1043 1228 1310 1279 vacante
1335 1150 1659 1292 {riorum
1687 1213 1887 1298 magis
1916 1236 2106 1300 quam
2126 1213 2342 1300 pleno,
2366 1234 2483 1276 nec
2515 1213 2809 1280 deberet.

503 1302 719 1368 Debet
749 1302 918 1368 enim
953 1303 1160 1366 solum
1195 1302 1433 1366 habere
1479 1302 1803 1389 quendam
1827 1301 2149 1377 clericum,
2184 1299 2517 1364 custodem
2548 1299 2803 1378 domus,

503 1391 749 1456 ratione
781 1389 1086 1466 tuitionis,
1135 1388 1338 1472 magis
1381 1411 1577 1475 quam
1635 1387 2069 1473 proprietatis·
2163 1386 2645 1473 Inhibitumque
2680 1386 2807 1450 fuit

503 1476 783 1554 familiae,
809 1477 1061 1540 occulte
1084 1491 1322 1551 tamen,
1348 1499 1428 1540 ue
1449 1498 1665 1540 coram
1691 1498 1771 1540 eo
1797 1487 2265 1558 comparerent.
2330 1474 2626 1538 Tandem
2654 1495 2805 1537 cum

505 1563 881 1628 difficultate
919 1566 1230 1630 concessit
1260 1563 1350 1625 eis
1367 1562 1659 1627 inducias
1686 1585 1885 1650 usque
1916 1561 1981 1625 iu
2010 1561 2397 1636 crastinum3
2443 1576 2516 1625 ut
2546 1561 2807 1625 interim

502 1662 766 1734 possent
793 1650 1128 1716 consulere
1157 1650 1568 1735 Episcopum.
1638 1650 1886 1714 Eodem
1912 1647 2043 1726 die,
2066 1671 2275 1726 mane,
2312 1647 2479 1711 missi
2502 1663 2651 1712 sunt
2672 1647 2811 1711 duo

506 1735 740 1801 fratres
786 1737 868 1801 ad
924 1736 1329 1821 Episcopum,
1369 1738 1459 1800 ab
1489 1760 1570 1801 eo
1615 1735 1890 1824 eligendi
1944 1735 2264 1800 licentiam
2317 1735 2597 1819 petituri.
2718 1735 2813 1799 Et.

513 1821 658 1886 visis
688 1846 912 1888 eorum
937 1823 1157 1900 literis,
1179 1823 1587 1908 calumpniati
1608 1843 1758 1888 sunt
1781 1822 2137 1908 Episcopus
2149 1836 2223 1886 et
2246 1823 2366 1900 sui,
2382 1846 2462 1887 eo
2480 1820 2654 1908 quod
2680 1843 2813 1886 non

509 1925 648 1976 erat
675 1910 978 1996 scriptum
1011 1910 1091 1987 ei,
1127 1926 1424 1996 tanquam
1455 1924 1733 1993 patrono
1760 1923 1831 1974 et
1863 1909 2169 1986 Domino,
2202 1909 2323 1974 alle
2370 1924 2547 1973 antes
2575 1931 2691 1993 pro
2714 1905 2809 1986 se',

507 1998 713 2083 quod,
769 1997 888 2066 nisi
931 2012 1244 2085 patronus
1289 2009 1476 2072 esset,
1510 1997 1594 2060 ab
1640 2019 1718 2062 eo
1766 1995 2081 2060 licentiam
2112 1995 2321 2080 eligen
2369 1997 2643 2080 ipetere
2674 2018 2813 2060 non

513 2097 908 2169 opporteret.
999 2085 1088 2151 Et
1126 2105 1276 2150 eum
1325 2082 1619 2147 monachi
1666 2083 2025 2168 allegarunt
2070 2082 2161 2146 sic
2190 2096 2565 2148 consuetum
2598 2081 2817 2160 scribi,

512 2170 684 2236 dixit
721 2171 1098 2257 Episcopus,
1131 2172 1308 2258 quod
1339 2193 1515 2246 nont
1544 2170 1717 2257 quia,
1748 2184 1893 2256 post
1924 2184 2195 2233 mortem
2228 2170 2509 2235 Thomae
2542 2169 2813 2247 Prioris,

515 2258 851 2346 episcopus
915 2257 1272 2327 Nicholaus
1323 2257 1540 2344 literas
1596 2256 1881 2343 Capituli
1939 2257 2183 2341 rejecit,
2232 2273 2493 2343 propter
2536 2256 2817 2322 eandem

517 2366 797 2414 causam.
897 2344 1272 2429 Reacceptis
1316 2366 1473 2430 ergo
1504 2344 1703 2414 literis
1740 2343 1897 2424 suis,
1952 2343 2187 2409 reversi
2222 2361 2373 2410 suut
2402 2343 2640 2421 nuncii,
2672 2343 2821 2412 haee

525 2432 893 2498 Conventui
948 2434 1342 2496 nunciantes.
1435 2432 1641 2497 Erant
1698 2445 1915 2497 autem
1945 2431 2131 2496 multi
2162 2431 2227 2495 in
2261 2432 2604 2497 Conventa
2636 2453 2825 2496 reco-

521 2520 750 2598 lenteS,
785 2520 959 2606 quod
994 2519 1341 2586 Nicholaus
1388 2518 1745 2605 Episcopus
1796 2542 1927 2584 non
1988 2519 2110 2583 hoc
2162 2520 2445 2604 petebat,
2496 2518 2611 2583 sed
2640 2517 2826 2606 quod

518 2607 904 2672 scriberetur
931 2605 988 2670 ei
1021 2606 1184 2674 sicut
1208 2605 1373 2691 patri
1401 2619 1469 2670 et
1500 2620 1775 2690 patrono
1826 2609 1893 2670 in
1940 2607 2369 2691 spiritualibus
2400 2618 2472 2692 et,
2500 2619 2827 2691 tempora-

518 2694 709 2772 libus,
742 2693 855 2758 sed
886 2715 1244 2779 nuncquam
1279 2693 1402 2757 hoc
1429 2693 1733 2770 obtinuit,
1758 2715 1877 2758 nec
1903 2694 2160 2758 remissa
2186 2693 2373 2758 litera
2395 2693 2515 2758 fuit
2538 2694 2623 2758 ob
2654 2694 2827 2758 hanc

523 2804 804 2858 causam,
853 2780 967 2845 sed
1012 2780 1164 2866 quia
1191 2780 1468 2864 sigillum
1515 2780 1637 2844 fuit
1667 2795 2027 2864 separatum
2057 2802 2098 2844 a
2128 2779 2312 2845 litera
2342 2803 2455 2867 per
2486 2781 2825 2858 incuriam,

525 2884 871 2955 autequam
915 2867 1000 2932 ad
1063 2867 1451 2952 Episcopum
1493 2867 1940 2951 pervenirent3
1984 2868 2159 2932 unde
2195 2868 2382 2932 aliam
2428 2870 2547 2934 sub
2590 2869 2825 2933 eodem

531 2969 759 3020 tenore
791 2954 1274 3040 consingnatam
1307 2955 1366 3018 ei
1397 2955 1837 3038 reportabant.
1931 2954 2077 3039 lpse
2109 2967 2321 3020 tamen
2374 2953 2440 3018 in
2475 2978 2591 3020 sua
2619 2956 2828 3034 litera,

527 3045 622 3108 eis
653 3063 974 3121 concessa,
1008 3056 1348 3126 patronum
1383 3041 1446 3104 in
1478 3040 1913 3128 spiritualibus
1928 3055 1997 3107 et
2016 3041 2472 3127 temporalibus
2505 3043 2778 3107 vocabat
2802 3066 2825 3118 ς

529 3152 650 3194 nec
699 3129 780 3193 de
838 3129 964 3194 hoc
1021 3129 1144 3195 fuit
1194 3129 1285 3194 eis
1345 3151 1522 3197 cura.
1646 3129 1976 3194 Dixerunt
2036 3129 2254 3216 aliqui,
2302 3130 2497 3216 quod,
2558 3151 2646 3194 ex
2690 3152 2829 3215 quo

529 3232 838 3303 patronus
895 3216 1036 3295 fuit,
1101 3239 1228 3281 non
1275 3215 1406 3280 fuit
1449 3216 1685 3281 malum
1732 3237 1881 3280 eum
1938 3218 2003 3280 in
2049 3219 2178 3282 suis
2221 3216 2423 3280 literis
2463 3218 2557 3281 sie
2616 3218 2831 3280 nomi-

533 3327 708 3368 nare.
787 3303 948 3369 Ideo
979 3303 1042 3366 in
1075 3303 1418 3368 crastinum
1449 3301 1695 3367 remissi
1724 3317 1873 3368 sunt
1902 3305 2138 3381 nuncii,
2161 3326 2305 3368 cum
2338 3303 2570 3370 talibus
2602 3304 2831 3382 literiS‚

539 3402 584 3440 ‘⁵
615 3389 999 3456 Reverendo
1021 3389 1187 3475 patri
1232 3412 1308 3454 ac
1339 3403 1632 3473 patrone,
1665 3392 1827 3455 etc.'’
1914 3390 2383 3478 [Optentisque
2414 3391 2613 3456 literis
2642 3414 2843 3477 super

538 3478 796 3545 licentia
817 3499 1138 3554 concessa,
1166 3493 1474 3560 rogarunt
1497 3499 1643 3542 eum
1670 3491 1740 3543 ut
1761 3493 2175 3544 conservaret
2190 3501 2305 3544 eos
2329 3478 2394 3542 in
2414 3493 2585 3544 statu
2612 3479 2674 3542 in
2699 3501 2839 3566 quo

535 3577 742 3643 erant,
797 3577 866 3628 et
911 3563 1104 3628 nichil
1153 3563 1446 3649 exigeret
1495 3566 1834 3633 insuetum.
1930 3566 2520 3652 Intimaveruntque
2567 3565 2625 3630 ei
2671 3588 2840 3653 quo·-

539 3653 739 3717 modo
784 3651 1208 3716 seneschallus
1259 3653 1394 3736 ejus
1447 3652 1531 3716 ab
1570 3651 1889 3718 officiariis
1920 3675 2142 3720 eorum
2172 3668 2478 3736 exegerat
2500 3655 2844 3738 juramen-

540 3752 700 3804 tum.
794 3738 1149 3824 Episcopus
1197 3739 1439 3815 “Quid
1479 3753 1707 3804 contra
1751 3763 1886 3816 voS,
1922 3762 2133 3805 nonne
2176 3741 2406 3804 domus
2444 3741 2509 3807 in
2542 3741 2844 3806 custodia

548 3849 695 3891 mea
723 3839 822 3892 est
840 3827 912 3891 ?”
939 3840 1009 3891 et
1037 3826 1179 3912 ipsi,
1213 3835 1262 3870 ‘⁶
1295 3826 1379 3890 Et
1403 3827 1454 3889 si
1490 3849 1619 3904 νοε,
1645 3827 1923 3904 domine,
1949 3849 2077 3892 non
2108 3827 2405 3910 cogitetis
2438 3828 2695 3905 malum,
2723 3850 2851 3913 po·-

542 3914 698 3980 terit
727 3927 942 3978 tamen
965 3914 1122 3979 alias
1146 3935 1283 3977 esse
1311 3914 1579 3978 materia
1606 3913 1809 4001 brigae
1838 3929 1906 3978 et
1936 3915 2370 3984 contencionis
2402 3916 2567 3980 inter
2589 3937 2853 3980 succes-

546 4024 721 4067 sores
775 4014 1018 4066 vestros
1063 4014 1133 4065 et
1190 4001 1369 4065 noS.⁰’
1484 4001 1661 4070 Infra
1718 4015 1869 4066 octo
1918 4001 2059 4068 dies
2118 4017 2462 4088 sequentes
2523 4017 2848 4067 venerunt

541 4091 894 4154 servientes
944 4087 1227 4172 episcopi
1279 4088 1362 4152 ad
1400 4087 1684 4152 maneria
1726 4089 1809 4154 de
1846 4088 2239 4176 Merington,
2266 4089 2435 4177 Acly
2464 4104 2532 4155 et
2569 4089 2849 4168 Ketton,

549 4176 861 4260 praedicta
907 4177 1192 4240 maneria
1243 4175 1308 4238 in
1361 4197 1551 4240 manu
1608 4175 1914 4262 Episcopi
1960 4176 2327 4261 saysientes,
2372 4191 2436 4240 et
2482 4178 2547 4241 in
2578 4177 2855 4260 singulis

549 4284 772 4326 eorum
824 4284 1022 4326 unum
1072 4262 1154 4327 de
1201 4261 1330 4326 suis
1359 4261 1691 4327 custodem
1724 4261 2179 4349 relinquentes,
2212 4264 2323 4328 sed
2356 4280 2619 4349 rogatus
2658 4263 2855 4348 Epis·

550 4371 752 4435 copus
805 4349 1132 4412 mandavit
1169 4349 1655 4426 seneschallum,
1690 4361 1759 4414 ut
1793 4373 1903 4414 eos
1934 4363 2261 4415 amoveret
2290 4373 2309 4425 ;
2352 4352 2530 4437 quod
2566 4365 2636 4415 et.
2662 4351 2850 4429 fecit,

550 4450 618 4502 et
647 4448 906 4511 extunc,
941 4434 1212 4501 durante
1245 4436 1354 4502 illa
1383 4433 1738 4515 vacatione,
1772 4459 1898 4501 non
1932 4453 2027 4502 est
2060 4435 2299 4523 aliquid
2328 4437 2535 4504 simile
2567 4453 2855 4523 attemp-

553 4530 810 4603 tatum]
