3000 5117
593 463 752 534 cxvi
1087 483 1285 534 msT.
1323 484 1677 536 nunna.
1708 483 2169 537 scmr‘rouns
2204 482 2412 534 ‘raas-

1085 931 1292 980 xcvn.
1347 931 1603 977 Ll'rERA
1652 931 1939 980 comrrls
1985 929 2455 976 LANcASTmAE.

1560 1046 1729 1118 [orig.
1768 1049 1891 1100 Luc.
1932 1049 2005 1116 1]

710 1164 772 1227 A
802 1174 998 1248 gentz
1028 1162 1402 1228 d'onurable
1431 1162 1707 1250 religion
1736 1177 1960 1250 notre}
1990 1162 2216 1226 cheres
2241 1160 2399 1226 amis
2430 1159 2491 1223 le
2520 1158 2759 1224 Priour
2779 1157 2911 1222 etle

627 1251 887 1316 Covent
917 1252 998 1316 de
1031 1251 1350 1315 Duresme
1382 1250 1669 1314 Thomas
1693 1251 1949 1316 Counte
1974 1250 2057 1314 de
2088 1251 2441 1314 Lancastre
2469 1259 2538 1311 et
2560 1246 2647 1310 de
2672 1247 2911 1310 Leices·

623 1354 725 1402 tre
771 1337 1104 1403 seneschal
1151 1338 1601 1420 d'Engleterre
1631 1337 1835 1401 salutz
1865 1351 1935 1401 et
1962 1337 2136 1402 bone
2165 1356 2411 1400 amour.
2504 1333 2643 1398 Pur
2672 1354 2747 1397 ce
2775 1331 2910 1395 sires

623 1448 707 1512 qe
739 1447 904 1490 nous
933 1447 1142 1490 sumes
1172 1424 1386 1511 requis
1417 1424 1499 1488 de
1532 1437 1718 1488 notre
1747 1423 1959 1489 chiere
1990 1436 2055 1488 et
2078 1423 2226 1487 bien
2250 1444 2433 1486 amec.
2457 1419 2651 1484 dame
2675 1419 2910 1484 Johane

632 1513 993 1577 Countesse
1028 1511 1328 1576 Dasseles
1359 1511 1442 1576 de
1474 1533 1632 1575 vous
1647 1533 1921 1597 requei-e
1943 1533 2070 1596 pur
2086 1509 2260 1574 John
2286 1508 2367 1572 de
2392 1508 2629 1572 Deane
2651 1507 2815 1571 clerc
2841 1527 2909 1589 qe

522 1591 535 1600 ’
623 1620 822 1662 vouse
853 1598 1052 1682 pleise
1079 1611 1384 1681 grauuter
1413 1619 1453 1662 a
1480 1597 1571 1660 lui
1603 1621 1675 1662 sa
1696 1611 2077 1662 sustenance
2120 1619 2201 1660 en
2242 1607 2427 1660 votre
2456 1615 2725 1657 mesoun
2770 1612 2911 1655 vous

625 1687 864 1769 prioms
907 1685 1030 1748 sire
1073 1707 1198 1770 qan
1243 1684 1371 1749 dist
1397 1684 1657 1750 Johane
1688 1684 1954 1749 veulliez
1986 1697 2203 1747 trover
2232 1703 2303 1745 sa
2330 1693 2711 1745 sustenance
2740 1680 2911 1744 dentz

625 1785 810 1835 votre
840 1770 974 1835 dite
1009 1792 1270 1835 mesoun
1303 1783 1492 1835 taunt
1522 1771 1588 1854 qi
1616 1772 1741 1834 soit
1772 1792 1931 1857 gary
1962 1771 2045 1834 de
2076 1793 2207 1834 une
2240 1768 2534 1854 maladye
2609 1766 2656 1829 il
2694 1767 2777 1831 ad
2820 1785 2913 1826 sur

625 1858 716 1920 lui
761 1879 884 1941 pur
935 1857 1208 1922 l’amour
1257 1859 1342 1922 de
1397 1880 1583 1925 nous,
1682 1857 1743 1920 A
1776 1857 1947 1922 Dieu
1978 1857 2133 1942 sires
2165 1857 2227 1943 q'
2258 1877 2415 1919 vous
2446 1876 2561 1940 gar
2612 1905 2631 1922 .
2668 1854 2936 1920 Donea¹

627 1957 816 2010 notre
847 1944 1088 2010 chastel
1117 1946 1200 2010 de
1233 1943 1451 2032 Pount
1483 1944 1671 2008 fraete
1700 1945 1761 2010 le
1790 1965 1857 2008 vl
1880 1944 2035 2030 jour
2064 1943 2399 2008 d’octobr’.

1351 2106 1501 2172 Sea!
1526 2109 1595 2168 in
1622 2107 1825 2185 dorse,
1848 2107 2062 2187 fallen
2086 2105 2195 2188 qffi

1120 2463 1358 2508 xcvnl.
1409 2465 1659 2510 Pensm
1694 2466 1949 2512 DOMINI
1987 2467 2421 2512 CARDINALIS.

1558 2585 1718 2653 [neg.
1745 2585 1825 2636 11.
1850 2585 1887 2635 f.
1913 2591 2021 2653 sa]

723 2699 863 2764 Nos
899 2697 1084 2763 Prior
1114 2712 1179 2765 et
1207 2691 1591 2763 Conventus
1621 2699 1989 2765 monasterii
2020 2699 2482 2764 Dunolmensis
2510 2697 2913 2784 praesencium

631 2799 859 2850 tenore
905 2800 1130 2849 notum
1178 2785 1444 2849 facimus
1489 2786 1816 2864 universiS,
1848 2787 2025 2873 quod
2056 2809 2194 2865 nos,
2228 2788 2637 2852 attendentes
2666 2785 2913 2849 sincerae

631 2873 1003 2936 devocionis
1050 2886 1119 2936 et
1170 2869 1540 2936 dileccionis
1584 2871 1908 2951 affectum,
1950 2896 2144 2960 quem
2188 2873 2609 2938 Reverendus
2641 2887 2823 2958 pater
2858 2882 2914 2933 et

631 2959 930 3023 dominus
976 2959 1276 3022 dominus
1324 2959 1557 3035 Lucas,
1610 2957 1735 3022 Dei
1779 2965 1998 3046 gracia
2044 2961 2213 3024 tituli
2274 2959 2529 3025 Sanctae
2587 2959 2818 3024 Mariae
2858 2955 2913 3018 in

641 3047 767 3109 Via
798 3047 968 3111 Lata
986 3045 1298 3110 diaconus
1323 3044 1681 3122 cardinalis,
1708 3047 1789 3111 ad
1810 3069 1927 3110 nos
1950 3060 2017 3110 et
2040 3046 2283 3112 dictum
2307 3046 2763 3118 monasterium
2790 3066 2914 3108 uos-

634 3145 805 3197 trum
835 3135 1027 3220 gerit,
1061 3145 1130 3197 et
1160 3131 1382 3197 debita
1409 3131 1800 3216 gratitudine
1832 3133 2221 3219 respondere
2238 3134 2573 3220 cupientes
2602 3129 2914 3219 oportunis

634 3219 1167 3284 sollicitudinibus
1197 3231 1264 3283 et
1295 3217 1647 3296 laboribm,
1680 3242 1841 3306 quos
1872 3219 2040 3284 idem
2072 3234 2261 3306 pater.
2278 3243 2397 3305 pro
2427 3220 2662 3284 nostris
2694 3233 2757 3284 et
2779 3215 2913 3281 dicti

634 3306 1001 3370 monasterii
1031 3307 1236 3369 nostri
1268 3303 1548 3389 negociis
1578 3318 1651 3368 et
1676 3305 2198 3391 promocionibus
2218 3307 2355 3392 jam
2382 3306 2723 3391 assumpsit
2753 3319 2817 3368 et
2832 3323 2915 3366 as·

634 3414 892 3454 sumere
925 3391 1098 3456 volet
1129 3414 1204 3454 ac
1236 3391 1472 3476 poterit
1505 3391 1571 3454 in
1602 3391 1909 3471 futurum,
1931 3415 2054 3478 pro,
2068 3394 2304 3479 quibus
2328 3415 2443 3456 nos
2466 3394 2841 3458 confitemur
2858 3399 2915 3451 et

637 3499 854 3540 sumus
885 3498 961 3540 ac
991 3499 1124 3540 esse
1157 3477 1449 3541 volumus
1473 3500 1592 3541 suo
1626 3477 1782 3566 [it'a]
1815 3473 2128 3566 perpetuo
2158 3479 2449 3564 obligati,
2483 3480 2603 3544 hac
2633 3475 2936 3564 praesenti

639 3563 768 3641 die,
791 3562 1145 3627 deliberato
1168 3563 1454 3641 consilio,
1481 3564 1565 3629 de
1583 3565 1755 3629 bona
1783 3567 1987 3631 libera
2008 3579 2075 3631 et
2100 3570 2427 3631 communi
2450 3567 2777 3631 voluntate
2799 3583 2917 3626 om·

641 3648 820 3713 nium
854 3649 1165 3727 nostrum,
1187 3648 1410 3736 'eidem
1455 3650 1721 3715 domino
1754 3653 1955 3718 Lu-cae
1999 3653 2325 3718 offerimus
2352 3666 2423 3716 et
2453 3653 2763 3718 donamus
2792 3668 2918 3712 cen·

645 3749 781 3800 tum
814 3735 1093 3800 florenos
1125 3735 1276 3799 boni
1308 3748 1374 3799 et
1402 3739 1547 3821 puri
1578 3737 1713 3801 auri
1751 3739 1835 3803 de
1872 3739 2225 3816 Floreucia‚
2260 3739 2379 3803 sibi
2412 3739 2509 3803 vel
2541 3731 2918 3824 procuratori

640 3822 840 3908 ipsius
894 3821 1238 3887 Londoni*
1289 3820 1354 3884 in
1408 3821 1574 3886 festo
1626 3825 1977 3889 nativitatis
2011 3825 2402 3903 Dominicae‚
2435 3826 2620 3889 annis
2651 3819 2917 3910 singuliS,

639 3909 945 3997 quamdiu
998 3909 1252 3986 vixerit,
1305 3909 1630 3992 pensionis
1678 3911 1956 3989 nomine,
2010 3934 2129 3997 per
2172 3933 2292 3974 nos
2324 3913 2424 3976 vel
2458 3925 2918 3996 procuratorem

639 4009 930 4060 nostrum
975 3993 1072 4060 de'
1110 3993 1268 4060 dicti
1313 3994 1684 4060 monasterii
1734 3997 1937 4061 nostri
1980 3998 2397 4082 proventibus
2425 3997 2676 4096 integre
2705 3990 2921 4081 persol-

642 4083 928 4159 vendos3
975 4083 1058 4146 ad
1110 4081 1286 4169 quod
1339 4082 1611 4146 firmiter
1658 4095 1725 4148 et
1769 4085 2109 4150 efficaciter
2138 4107 2217 4150 ac
2248 4083 2699 4148 inviolabiliter
2728 4082 2919 4145 obser-

645 4169 948 4246 vandum,
999 4191 1116 4232 nos
1154 4171 1238 4232 'et
1299 4167 1471 4232 idem
1516 4171 1973 4235 monasterium
2020 4185 2330 4248 nostrum,
2362 4169 2541 4234 omui
2587 4170 2777 4234 modo
2804 4184 2913 4250 quo

641 4257 996 4338 possun1u9‚
1056 4254 1441 4338 obligamuS,
1497 4266 1568 4318 et
1612 4277 1699 4319 ex
1743 4279 1912 4321 nunc
1942 4279 2079 4320 esse
2113 4256 2406 4321 volumus
2437 4256 2747 4346 obligati3
2790 4270 2915 4336 pro-

1008 4433 1034 4459 ·
1077 4425 1298 4478 Altered
1333 4427 1385 4478 in
1411 4427 1502 4480 the
1525 4416 1725 4506 mrgin
1751 4437 1806 4481 to
1828 4433 1883 4481 in
1904 4433 2043 4482 curia
2071 4432 2293 4480 Romana
2314 4435 2392 4481 vel
2412 4433 2543 4480 aubi.
