3000 5117
89 4550 96 4709 l

1102 493 1524 549 Arrssmx.
2330 476 2452 551 xiii

188 664 275 731 vel
303 662 387 729 ad
410 660 659 749 synoda
687 659 787 723 vel
818 658 901 723 ad
931 658 1217 747 capitula
1246 662 1359 739 ire,
1393 659 1514 723 nisi
1541 657 1738 724 velint
1755 670 2010 743 sponte,
2041 658 2453 745 compellant.

194 756 293 819 Set
319 753 369 816 si
397 748 537 836 quis
567 769 721 832 erga
741 770 853 813 eos
888 749 986 813 vel
1018 770 1165 813 suos
1195 747 1472 834 aliquam
1498 746 1828 834 querelam
1861 746 2085 811 habuit
2105 746 2189 811 ad
2211 747 2456 813 curiam

192 838 371 905 sancti
432 834 774 901 Cuthberti
836 834 1234 900 Dunelmum
1286 837 1546 909 veniat3
1591 847 1666 899 ut
1721 834 1808 899 ibi
1853 834 2106 919 qualem
2160 832 2460 900 debuerit

191 923 615 991 >rectitudinem
666 922 1000 1008 percipiat.
1102 922 1347 987 Omnes
1396 921 1564 986 enim
1611 921 1938 987 libertates
1981 934 2051 986 et
2089 919 2458 1007 dignitates,

192 1034 329 1101 quas
368 1033 493 1098 ego
542 1023 612 1073 et
658 1008 783 1072 mei
826 1031 1131 1096 sequaces
1170 1008 1235 1072 in
1267 1008 1548 1074 ecclesiis
1581 1009 1852 1094 propriis
1880 1008 1984 1072 vel
2017 1008 2198 1073 terris
2229 1010 2464 1073 nostris

194 1096 637 1185 possiderimus„
668 1095 819 1181 ipsis
868 1113 935 1160 et
976 1110 1197 1161 sancto
1230 1096 1596 1162 Cuthberto
1639 1097 1708 1161 in
1752 1096 2050 1161 omnibus
2091 1095 2374 1161 ecclesiis
2403 1110 2472 1161 et

198 1188 357 1252 terris
384 1184 509 1249 suis
539 1183 739 1248 libere
782 1183 849 1247 in
894 1195 1277 1271 perpetuum
1309 1183 1740 1261 concedimus,
1771 1197 1840 1249 et
1867 1184 2110 1269 absque
2139 1184 2310 1247 omni
2343 1199 2469 1247 ter-

197 1271 613 1362 giversacione
641 1272 775 1334 sive
804 1270 1165 1356 calumpnia
1208 1291 1249 1334 a
1286 1292 1389 1335 me
1420 1270 1708 1358 meisque
1739 1270 2206 1336 successoribus
2237 1270 2468 1335 liberas

200 1375 255 1427 et
282 1359 517 1448 quietas
560 1359 1038 1423 confirmamus.
1128 1358 1584 1423 Testificamur
1625 1356 1992 1423 auctoritati
2029 1370 2096 1421 et
2127 1358 2472 1423 donacioni

201 1446 373 1533 patris
407 1446 715 1533 Gregorii
750 1445 945 1530 Papae
974 1465 1119 1522 vu„
1152 1458 1221 1509 et
1252 1444 1736 1511 confirmacioni
1775 1444 1874 1508 Re
1921 1447 1972 1508 is
2000 1444 2359 1524 Willielmi,
2393 1445 2478 1511 de

201 1534 581 1599 libertatibus
632 1555 791 1620 quas
843 1532 1129 1617 praesatoe
1158 1531 1449 1597 ecclesia·
1499 1532 1706 1597 sancti
1755 1532 1885 1598 Cut
1933 1532 2100 1596 berti
2159 1533 2222 1595 in
2277 1533 2474 1618 pleno

209 1620 471 1687 Concilio
501 1624 679 1705 apud
722 1618 1347 1685 westmonasterium
1370 1632 1844 1697 concesserunt,
1865 1632 1932 1683 et
1962 1640 2120 1706 quas
2147 1620 2478 1685 Prioribus

208 1724 266 1773 et
312 1706 657 1773 Monachis
703 1706 899 1791 ipsius
950 1706 1239 1771 ecclesiae
1296 1707 1726 1775 contulerunt.
1824 1705 1998 1771 Nam
2041 1720 2188 1791 post
2227 1706 2484 1793 privile·

208 1797 361 1881 gium
394 1793 755 1860 Guillielmi
803 1794 1010 1861 fratris
1058 1794 1259 1859 nostri
1304 1792 1760 1860 Dunelmensis
1793 1792 2118 1895 Episcopi,
2169 1808 2300 1861 tam
2332 1818 2482 1884 ego,

209 1906 377 1971 quam
424 1882 829 1948 Lanfrancus
876 1880 1351 1948 Cantuariensis
1398 1880 1959 1982 Archiepiscopus,
2007 1882 2207 1947 literis
2251 1880 2484 1947 nostris

210 1970 677 2055 subscripsimus
712 1982 781 2033 et
812 1968 1031 2053 sigillis
1075 1968 1347 2054 propriis
1376 1990 1804 2034 concessunus
1832 1983 1900 2033 et
1931 1969 2488 2045 confirmavimus;

210 2057 485 2123 videlicet
518 2071 597 2121 ut
627 2056 827 2122 Sedes
860 2056 1259 2142 Episcopalis
1290 2078 1421 2121 una
1443 2076 1589 2121 cum
1614 2056 1790 2121 beati
1819 2056 2220 2122 confessoris
2251 2078 2492 2143 copore

210 2169 342 2210 cum
365 2146 539 2210 omni
566 2144 935 2229 integritate
954 2144 1149 2230 ipsius
1171 2144 1594 2229 Episcopatus
1614 2142 2064 2209 inviolabiliter
2077 2157 2488 2231 permaneat;

214 2233 377 2317 cujus
408 2231 705 2297 Diocesis
752 2230 846 2295 ita
894 2230 1301 2317 protenditur
1350 2245 1419 2296 et
1471 2231 1794 2296 definitur.
1886 2231 2064 2297 Tota
2115 2248 2288 2297 terra
2343 2253 2494 2318 quoe

217 2336 301 2385 est
328 2318 489 2384 inter
536 2318 712 2383 Tese
742 2331 812 2384 et
841 2318 1053 2405 Tyne,
1102 2316 1625 2398 Northum’land,
1669 2316 2158 2398 Thevietedale,
2195 2318 2497 2397 Tindale,

220 2407 593 2483 carleolum,
631 2406 1005 2483 Weredale,
1057 2427 1205 2470 cum
1266 2406 1559 2471 Ecclesia
1604 2406 1688 2471 de
1727 2406 2174 2471 Extildesham
2221 2421 2290 2471 et
2319 2404 2494 2473 omni

220 2493 503 2581 parochia
548 2492 923 2579 pertinenti,
970 2506 1039 2558 et
1090 2492 1380 2559 Ecclesia
1424 2492 1958 2571 Lindissarnensi,
2007 2494 2117 2559 ubi
2147 2496 2282 2560 anti
2329 2495 2501 2559 uitus

226 2581 641 2668 Episcopatus
684 2579 1055 2645 extiterant.
1146 2581 1226 2644 In
1258 2583 1435 2645 omni
1466 2580 1670 2646 eciam
1703 2596 1874 2646 terra
1901 2582 2103 2647 sancti
2137 2582 2312 2649 cuth
2359 2582 2501 2658 erti,

224 2691 397 2757 quam
456 2667 768 2754 Episcopi
818 2668 918 2733 vel
973 2666 1284 2733 Monachi
1327 2671 1504 2755 juste
1554 2668 1894 2756 adquirere
1943 2668 2254 2755 poterint,
2290 2668 2388 2734 vel
2435 2670 2500 2733 in

224 2756 509 2843 praesenti
556 2754 911 2841 possident,
944 2754 1365 2821 rectitudines
1406 2776 1649 2834 omnes,
1681 2757 2176 2823 consuetudines
2221 2772 2288 2823 et
2317 2755 2512 2823 liber-

230 2860 395 2921 tates,
492 2865 600 2907 uoe
645 2842 729 2907 ad
790 2840 983 2927 Regis
1036 2864 1343 2907 coronam
1394 2842 1746 2929 pertinent,
1796 2857 1930 2908 tam
1982 2843 2166 2931 Papa
2199 2842 2506 2932 proei'atus

229 2952 400 3017 quam
500 2952 593 2995 ex
630 2929 1003 2995 Willielmus
1052 2930 1143 2994 eis
1184 2944 1664 3009 concesserunt,
1699 2931 1928 2995 liberas
1980 2946 2047 2995 et
2090 2934 2339 3018 quietas
2369 2952 2508 2997 om-

230 3016 367 3081 niuo
412 3031 481 3083 et
511 3018 755 3105 ubique
786 3018 849 3080 in
885 3018 1123 3102 Regno·
1150 3018 1532 3103 Anglorum,
1566 3018 1648 3082 ab
1679 3017 1851 3082 omni
1883 3020 2153 3083 servicio
2181 3017 2510 3107 perpetuis

233 3106 613 3193 temporibus
670 3105 1234 3170 confirmaverunt.
1370 3105 1794 3171 Gwillieltnus
1844 3127 2000 3169 vero
2061 3104 2516 3172 Dunelmensis

239 3194 581 3280 Episcopus
624 3192 691 3256 in
740 3193 974 3258 eodem
1022 3191 1337 3270 Concili0,
1383 3192 1766 3259 auctoritate
1809 3192 2104 3279 praedicti
2165 3194 2386 3281 Papae,
2449 3205 2518 3257 et

238 3282 423 3367 Regis
452 3282 981 3359 confirmacione,
1013 3279 1097 3343 de
1128 3280 1315 3343 terris
1346 3280 1764 3365 Episcopatus
1795 3278 1890 3345 sui
1921 3278 2260 3346 Monachis
2291 3280 2518 3347 tribuit

241 3382 299 3433 et
341 3369 571 3433 futuris
624 3367 951 3433 Prioribus
1012 3366 1075 3431 in
1114 3366 1401 3432 Ecclesia
1448 3370 1588 3453 ipsa
1629 3367 1829 3434 sedile
1861 3368 2138 3435 Abbatis
2169 3370 2236 3434 in
2265 3370 2519 3434 sinistro

243 3456 423 3522 choro
450 3454 771 3521 concessit
793 3470 859 3520 et
890 3475 1111 3518 omnes
1142 3454 1309 3519 vices
1341 3468 1409 3519 et
1430 3454 1780 3543 dignitates
1806 3455 2074 3521 Abbatis
2096 3456 2188 3525 eis
2219 3456 2517 3524 contulit.

248 3544 563 3630 Quicquid
602 3543 805 3607 eciam
834 3542 1140 3607 Decanus
1174 3542 1601 3609 Eboracensis
1623 3542 1740 3606 sub
1775 3541 2280 3633 Archiepiscopo
2310 3544 2524 3614 obtin-

246 3630 440 3697 nuerit
480 3630 673 3700 Prior
704 3630 1159 3696 Dunelmensis
1210 3631 1331 3695 sub
1382 3629 1706 3717 Episcopo
1735 3628 1938 3695 libere
1967 3633 2340 3718 possidebit.
2432 3631 2523 3697 Et

253 3722 497 3804 Synoda
540 3732 612 3785 et
666 3718 972 3803 Capitula
1021 3717 1287 3781 absente
1342 3716 1664 3803 Episcopo
1711 3718 1997 3796 tenebit3
2044 3736 2112 3785 et
2139 3722 2522 3789 collateralis

258 3806 547 3895 Episcopi
574 3808 868 3872 dexterae
910 3807 977 3869 in
1024 3804 1318 3869 omnibus
1346 3805 1487 3883 erit,
1522 3820 1586 3870 et
1617 3804 1812 3890 ipsius
1849 3804 2162 3872 Ecclesiae
2197 3810 2533 3875 Archidia-

254 3898 415 3961 conis
442 3894 705 3983 praeerit
732 3906 800 3958 et
822 3892 1213 3978 proesidebit,
1246 3905 1310 3957 et
1339 3892 1619 3976 primum
1649 3892 1862 3957 locum
1895 3908 1960 3959 et
1989 3916 2214 3960 vocem
2245 3895 2310 3960 in
2349 3896 2533 3983 Epis-

258 3984 389 4069 copi
430 3982 754 4050 eleccione
802 3994 869 4045 et
920 3982 1147 4045 ceteris
1200 3980 1497 4045 omnibus
1545 3980 1744 4045 libere
1780 3994 1848 4046 et
1889 3981 2108 4067 quiete
2155 3982 2526 4068 possidebit.

262 4070 435 4137 Prior
462 4094 618 4137 vero
648 4069 970 4133 communi
1006 4068 1302 4131 Fratrum
1347 4067 1619 4132 concilio
1663 4068 1960 4155 eligatur,
1995 4082 2062 4133 et
2093 4069 2214 4134 nisi
2243 4070 2531 4138 raciona-

260 4157 361 4223 bili
389 4182 578 4224 causa
608 4156 931 4242 exigente,
964 4169 1031 4220 et
1070 4154 1409 4220 Conventu
1456 4155 1662 4241 ipsum
1697 4154 1939 4219 meritis
1968 4155 2096 4221 suis
2127 4158 2534 4244 exigentibus

262 4244 589 4323 refutante,
646 4242 903 4309 minime
960 4244 1366 4328 deponetur-3
1412 4257 1478 4307 et
1529 4256 1660 4307 tam
1708 4242 1972 4307 interius
2015 4266 2207 4331 quam
2255 4248 2538 4313 exterius

267 4334 455 4398 omnis
501 4356 693 4398 causa
743 4354 887 4396 cum
922 4330 1115 4416 ipsius
1160 4344 1229 4394 et
1275 4330 1542 4396 fratrum
1589 4329 1860 4395 consilio
1906 4332 2104 4398 libere
2135 4334 2534 4420 disponatur.

270 4419 347 4484 Et
388 4420 632 4485 nullum
677 4418 943 4484 omnino
987 4416 1293 4482 auxilium
1341 4418 1423 4483 de
1466 4417 1749 4481 ecclesiis
1794 4441 2018 4485 eorum
2066 4422 2164 4486 vel
2219 4422 2402 4487 terris
2455 4425 2538 4488 ab

270 4506 469 4595 aliquo
508 4508 971 4595 Episcoporum
1002 4506 1315 4591 exigatur.
1412 4505 1585 4573 Haec
1617 4506 1832 4571 onmia
1859 4508 2161 4595 praesenti
2193 4526 2368 4575 carta
2390 4532 2545 4577 con-
