3000 5117
471 396 818 473 cccxxxiv
954 416 1177 473 mar,
1219 410 1579 476 nonnam.
1620 408 2087 483 sentrroass
2126 416 2337 471 rans,

1041 982 1192 1029 cel..
1241 982 1496 1028 Lunna
1543 980 1825 1027 Pmoms
1880 976 2200 1029 minium.

1209 1126 1370 1197 [aeg.
1393 1126 1510 1180 111.
1534 1126 1691 1179 rm.
1712 1124 1805 1179 rot.
1832 1128 1916 1187 ⁷⁷·
1941 1129 2023 1196 a]

552 1265 1120 1335 Reverendissimo
1169 1267 1238 1332 in
1277 1265 1541 1333 Christo
1568 1267 1737 1353 patri
1768 1278 1835 1331 et
1864 1265 2129 1331 domino
2160 1265 2424 1332 domino
2460 1268 2774 1334 Roberto

457 1356 586 1423 Dei
613 1354 832 1441 gracia
859 1352 1098 1440 Episco
1215 1352 1660 1432 Dunelmensi,
1690 1350 1789 1417 sui
1819 1352 1934 1418 filii
1956 1352 2351 1419 devotissimi
2378 1354 2777 1435 willielmus,

473 1442 661 1509 Prior
685 1438 974 1507 eeclesioe
1001 1454 1106 1505 cat
1153 1438 1382 1505 edralis
1413 1438 1875 1505 Dunelmensis
1910 1454 1979 1505 et
2023 1439 2318 1527 ejusdem
2345 1440 2470 1507 loci
2504 1442 2783 1529 Capitu-
2836 1454 2851 1465 ‘

467 1528 600 1597 lum
633 1528 1076 1595 obedienciam
1104 1526 1361 1593 filialem
1391 1548 1541 1593 cum
1570 1525 1835 1592 honoris
1864 1538 1932 1593 et
1974 1529 2359 1594 reverenciae
2388 1528 2783 1615 promptitu-

459 1616 612 1682 dine
659 1616 1028 1703 subjectiva.
1119 1613 1309 1679 Licet
1356 1626 1589 1680 vestroe
1628 1612 2032 1700 paternitatis
2072 1614 2517 1680 sollicitudinis
2544 1616 2783 1705 benig-

460 1705 628 1768 nitas
656 1704 929 1767 circums
1051 1714 1120 1767 ta
1145 1700 1431 1766 omnium
1460 1700 1739 1786 compati
1783 1711 1855 1765 et
1896 1700 2264 1787 prospicere
2291 1701 2649 1768 dinoscitur
2683 1704 2780 1769 in·—

461 1790 760 1855 fortuniis
788 1723 1214 1867 subdiigrum,
1270 1802 1344 1852 ut
1393 1786 1717 1853 validioris
1760 1787 2033 1851 remedii
2084 1786 2271 1853 citius
2318 1802 2467 1874 post
2518 1790 2780 1855 ruinam

463 1876 800 1941 obtineant
838 1874 1222 1953 relevamen,
1265 1873 1406 1961 ipsa
1432 1888 1648 1940 tamen
1678 1872 2037 1939 fiducialius
2066 1889 2360 1960 speratur
2387 1888 2455 1940 et
2484 1876 2781 1941 creditur

459 1965 836 2028 inconcusse
866 1960 1032 2027 velle
1057 1983 1395 2027 occurrere
1428 1959 1787 2026 visceralius
1812 1960 2231 2026 incommodis
2264 1976 2623 2027 vestrorum
2658 1988 2781 2050 pe·

459 2048 793 2115 culiarium
815 2048 1134 2125 filiorum3
1183 2062 1252 2113 ut
1281 2048 1364 2113 ab
1393 2045 1735 2113 extrinseci
1766 2046 2011 2112 timoris
2039 2048 2483 2136 inquietudine
2514 2050 2777 2117 liberati

459 2135 768 2202 altissimo
794 2136 954 2201 Jesu
1001 2133 1260 2201 Christo
1308 2146 1374 2200 et
1405 2146 1412 2151 '
1425 2134 1713 2219 glorioso
1740 2132 2086 2201 confessori
2116 2150 2341 2201 sancto
2374 2137 2779 2218 Cuthberto,

429 2282 436 2289 .
548 2236 736 2289 trono
779 2234 1000 2287 nostro
1043 2220 1462 2300 sanctissimo,
1494 2219 1809 2306 possimus
1846 2221 2240 2307 acceptabile
2284 2221 2533 2289 solvere
2562 2224 2779 2290 famu-

459 2244 684 2379 mum.
780 2308 1084 2375 Profecto
1122 2330 1254 2373 non
1295 2307 1430 2373 sine
1459 2328 1697 2395 magna
1726 2306 1955 2373 mentis
1984 2308 2431 2388 amaritudine,
2464 2311 2642 2397 quod
2678 2312 2782 2377 in-

460 2398 770 2483 cepimus,
816 2411 1048 2461 vestrae
1078 2394 1626 2462 reverendissime
1656 2392 2086 2460 dominacioni
2118 2396 2138 2459 l
2230 2398 2457 2475 uimur,
2506 2412 2571 2462 et
2604 2420 2779 2484 prae-

459 2485 747 2549 sentibus
777 2482 978 2549 literis
1009 2481 1392 2548 intimamus.
1485 2482 1654 2548 Sane
1692 2480 2050 2567 campanile
2080 2418 2367 2548 ecz‘iesiae
2398 2498 2628 2549 vestrae
2662 2511 2775 2552 ca-

461 2570 768 2637 thedralis
790 2569 1244 2636 Dunelmensis
1265 2570 1332 2633 in
1353 2590 1551 2654 opere
1580 2567 1839 2653 lapideo
1868 2582 1938 2634 et
1965 2568 2203 2655 ligneo,
2230 2592 2437 2670 nuper
2466 2570 2775 2639 irruenti-

459 2658 634 2723 tibus
661 2677 1040 2744 ayerearum
1087 2654 1597 2741 malignitatibus
1640 2666 2059 2741 potestatum,
2108 2656 2373 2721 insolitis
2422 2674 2773 2726 ventorum

459 2744 742 2823 flatibus,
773 2742 940 2809 adeo
971 2742 1328 2808 conteritur
1357 2758 1420 2808 et
1449 2755 1808 2830 quassatur,
1828 2743 2005 2827 quod
2036 2742 2120 2808 de
2151 2744 2319 2809 illius
2349 2743 2597 2811 diutina
2620 2768 2775 2832 per-

457 2832 797 2898 manencia
823 2830 1102 2897 maxime
1141 2829 1495 2895 dubitatur.
1588 2828 1982 2895 Convocatis
2024 2829 2221 2915 igitur
2250 2829 2579 2920 utriusque
2608 2834 2773 2899 artis

455 2918 817 3005 opificibus,
849 2916 1141 2985 defectus
1170 2916 1306 3004 ejus
1335 2930 1406 2982 et
1448 2916 1667 2981 ruinas
1718 2937 1836 3001 per
1880 2916 2054 3001 ipsos
2082 2916 2565 3003 diligentissime
2612 2920 2773 2985 feci-

460 3028 604 3071 mus
631 3004 1036 3091 perscrutari,
1093 3004 1228 3092 qui,
1283 3017 1349 3070 et
1385 3002 1655 3088 singulis
1706 3002 1994 3088 ejusdem
2042 3002 2287 3069 rimatis
2326 3005 2769 3087 amfractibus,

457 3092 666 3177 ipsum
695 3092 762 3157 in
798 3106 1008 3179 ‘opere
1054 3090 1310 3177 lapideo
1359 3090 1428 3155 in
1481 3090 1685 3155 tribus
1736 3090 1865 3155 suis
1916 3089 2227 3157 lateribus
2278 3113 2321 3157 a
2371 3092 2771 3161 rectitudine

450 3178 854 3245 fundamenti
882 3191 1174 3244 asserunt
1201 3178 1581 3256 declinasse,
1632 3191 1703 3242 et
1728 3176 2229 3263 quamplurimos
2276 3177 2668 3245 in.fenestris
2698 3200 2770 3247 et

452 3266 594 3331 aliis
625 3266 784 3331 locis
813 3265 1056 3351 lapides
1085 3286 1328 3329 cuneos
1375 3276 1443 3329 et
1493 3262 1837 3353 angulares
1888 3266 2217 3350 reperiunt
2246 3266 2585 3346 decidisse,
2618 3270 2765 3334 aliis

453 3352 716 3440 quidem
769 3351 973 3417 scissis
1021 3363 1090 3417 et
1135 3372 1252 3437 per
1301 3350 1583 3417 medium
1636 3350 1967 3429 laceratis;
2014 3352 2515 3442 meremiumque
2559 3354 2766 3442 pluri·

452 3461 628 3505 mum
659 3437 1010 3513 defecisse3
1053 3437 1226 3502 unde
1268 3437 1518 3503 ruinam
1565 3440 2005 3523 permaximan
2058 3439 2351 3506 sensiunt
2404 3444 2761 3521 imminere,

453 3526 574 3590 nisi
604 3524 759 3591 felix
789 3523 1144 3591 remedium
1191 3524 1450 3589 uberius
1495 3524 1577 3589 sit
1626 3525 1971 3611 provisum.
2070 3525 2353 3601 Quidam
2402 3552 2556 3595 vero
2602 3552 2766 3595 con-

451 3612 670 3679 sulunt
696 3610 913 3677 stilum
941 3610 1320 3698 campanilis
1363 3610 1710 3697 deponere,
1762 3612 1915 3701 quia
1958 3612 2071 3678 diu
2119 3627 2291 3679 stare
2342 3638 2474 3681 non
2524 3631 2759 3702 potest.

452 3699 624 3768 Aliie
647 3700 969 3764 contrario
993 3700 1200 3799 ipsum
1224 3698 1487 3762 omnino
1508 3699 1773 3784 cupiunt
1796 3701 2103 3787 reparari,
2124 3702 2301 3788 quod
2320 3718 2569 3769 nostras
2593 3705 2760 3771 vires

449 3786 770 3854 excedere
821 3784 1213 3886 conjicimus,
1267 3785 1390 3850 nisi
1441 3784 1701 3851 aliunde
1744 3786 2027 3853 uberiori
2066 3790 2283 3872 gracia
2326 3791 2758 3858 sublevemur.

453 3876 636 3942 Hinc
664 3874 817 3941 inde
849 3873 914 3939 in
945 3887 1263 3939 incertum
1285 3870 1462 3937 dubii
1493 3873 1902 3953 fluctuantes,
1924 3874 2081 3961 quid
2112 3875 2342 3942 melius
2370 3880 2609 3965 quidve
2638 3902 2761 3945 ex·-

449 3962 738 4050 pedicius
765 3961 1282 4051 prosequendum
1313 3961 1396 4026 sit
1423 3960 1757 4027 deficimus
1778 3961 2098 4027 meditari.
2171 3963 2477 4029 Profecto
2506 3966 2591 4031 ad
2620 3989 2761 4033 ves-

447 4066 613 4117 tram
664 4050 1216 4117 clementissimam
1264 4046 1799 4129 dominacionem,
1851 4061 1923 4114 ut
1964 4050 2257 4116 membra
2282 4052 2492 4117 solent
2520 4053 2757 4140 capita,

447 4138 856 4223 confugimus
885 4136 1294 4223 suspirantes,
1325 4134 1412 4199 nil
1445 4135 1576 4201 tale
1608 4134 1699 4201 nil
1730 4149 1861 4202 tam
1908 4137 2154 4221 grande
2199 4152 2269 4203 et
2314 4160 2477 4224 opus
2530 4162 2761 4227 quam-

448 4223 830 4310 stupendum
865 4223 929 4289 in
959 4222 1234 4290 ecclesia
1261 4236 1474 4289 vestra
1500 4221 1854 4289 cathedrali
1883 4222 2023 4289 sine
2068 4238 2288 4291 vestro
2314 4226 2586 4292 consilio
2615 4250 2762 4313 pre-

447 4325 706 4379 maturo
735 4310 976 4376 noticia
991 4311 1233 4397 pariter
1253 4323 1318 4376 et
1339 4332 1595 4376 assensu
1618 4311 1901 4397 arripere
1921 4324 2385 4397 presumentes,
2472 4314 2542 4378 Si
2560 4315 2756 4395 enim,

445 4398 620 4486 quod
649 4396 836 4478 absit,
867 4418 1164 4465 occasum
1197 4396 1475 4465 subitum
1501 4410 1856 4484 pateretur,
1888 4398 2287 4485 solempnem
2320 4400 2523 4467 nostri
2555 4402 2757 4468 Chori
