3000 5117
497 519 596 586 58
973 531 1174 582 msr.
1213 529 1567 583 DUNELM.
1608 527 2060 584 sempronss
2096 527 2303 580 raas,

496 693 726 782 quibus
755 697 949 777 [ego]
967 691 1278 778 originem
1304 691 1486 770 duxi,
1521 703 1587 756 et
1609 713 1729 757 nec
1747 712 1829 756 ex
1860 679 2191 776 parentela
2209 711 2329 754 nec
2352 689 2561 772 patria
2580 687 2801 756 habeo

495 783 717 846 vinum
762 781 1050 866 diligere,
1083 779 1198 846 sed
1247 799 1334 844 ex
1373 777 1839 844 consuetudine
1868 777 2027 842 sola.
2117 777 2295 857 [Jam
2327 776 2545 862 itaque
2580 799 2803 842 assue-

496 869 702 934 factus
733 890 898 946 sum,
929 866 1125 955 quod,
1157 865 1506 944 cervisiam,
1541 865 1892 930 naturalem
1918 877 2141 950 potum
2174 861 2356 942 mihi,
2381 877 2639 952 gustare
2661 884 2801 928 non

496 978 779 1042 possum,
813 969 910 1019 est
940 954 1110 1020 enim
1139 953 1345 1020 altera
1372 951 1771 1018 consuetudo
1802 951 2094 1017 natura.”
2221 949 2560 1024 Quendam
2594 950 2799 1016 fores-

498 1043 750 1121 tarium,
781 1042 1146 1107 Johannem
1183 1040 1425 1106 Madur
1453 1041 1736 1118 nomine,
1768 1039 1887 1104 sibi
1911 1039 2065 1102 dum
2102 1035 2289 1102 Prior
2318 1051 2485 1102 esset
2514 1037 2598 1101 de
2624 1037 2801 1124 Fyn-

495 1130 667 1208 kale,
717 1130 804 1193 ob
851 1150 1072 1194 carnes
1119 1127 1372 1206 ferinas,
1405 1149 1563 1228 quas
1598 1126 1718 1204 sibi
1750 1127 2115 1214 frequenter
2142 1123 2397 1202 detulit,
2432 1123 2799 1210 specialem,

497 1217 702 1282 factus
753 1215 1110 1302 Episcopus
1163 1217 1246 1281 ab
1295 1215 1507 1280 officio
1553 1213 1823 1300 expulit,
1856 1213 2224 1282 credentem
2256 1233 2325 1275 se
2353 1212 2439 1276 ab
2474 1209 2805 1296 Episcopo

497 1303 856 1368 mercedem
899 1302 1128 1388 prioris
1175 1302 1462 1390 obsequii
1491 1315 1946 1387 recepturum3
1992 1298 2159 1365 dixit
2188 1300 2358 1362 enim
2397 1297 2801 1383 Episcopus3

501 1400 548 1432 ‘⁶
589 1390 770 1454 Sicut
820 1389 1272 1475 praedecessori
1327 1411 1493 1467 mee,
1543 1388 1635 1452 ita
1685 1387 1841 1452 mihi
1888 1385 2159 1474 pessime
2204 1384 2553 1451 daeerviret
2570 1407 2591 1462 3
2654 1407 2805 1450 cras

496 1490 803 1565 poterunt
833 1475 971 1542 fieri
1005 1477 1238 1563 turpia,
1263 1477 1428 1542 sicut
1459 1474 1698 1558 heri.”]

677 2000 827 2044 CAP.
873 1997 1042 2043 xvn.
1136 1991 1422 2038 INICIUM
1482 1990 1873 2036 DlscoRmAE
1944 1989 2159 2033 INTER
2218 1987 2625 2033 Aacnlm‘ls-

937 2082 1176 2128 COPUM
1227 2081 1439 2124 BBOR.
1487 2079 1575 2122 ET
1624 2077 2007 2123 ECCLESIAM
2054 2077 2375 2121 DUNELM.

1291 2223 1436 2289 [MS.
1465 2221 1593 2290 Cap.
1618 2235 1706 2272 ct..
1732 2219 1891 2272 1:190
1914 2219 1991 2282 b.]

587 2379 784 2444 Anno
807 2369 1078 2438 Domini
1097 2383 1456 2442 Mccnxxx,
1479 2370 1907 2446 praesentatus
1926 2355 2045 2421 fuit
2067 2355 2279 2421 Adam
2306 2355 2388 2420 de
2414 2353 2693 2420 Barnebi
2716 2353 2809 2418 ad

501 2463 832 2535 ecclesiam
863 2460 946 2524 de
983 2456 1394 2538 Rungetone,
1430 2461 1783 2523 vacantem,
1818 2449 1947 2526 [et]
1992 2443 2411 2508 Eboracensis
2439 2442 2805 2518 dioceseoS,

499 2578 618 2644 per
669 2549 957 2617 Priorem
986 2559 1054 2609 et
1087 2543 1494 2607 Conventum
1528 2534 2073 2606 Dunelmensem3
2112 2545 2178 2594 et
2208 2530 2359 2616 quia
2382 2529 2447 2592 iu
2478 2528 2805 2614 praedicta

497 2635 994 2729 praesentatione
1041 2627 1224 2716 [sibi]
1268 2627 1669 2691 obedientiam
1714 2641 1845 2684 non
1880 2618 2293 2703 scripserunt,
2328 2627 2799 2702 praesentatum

501 2747 724 2796 eorum
756 2721 1096 2788 admittere
1121 2711 1474 2786 recusavit3
1506 2725 1572 2775 et
1599 2708 1717 2794 ipsi
1748 2707 1833 2772 ad
1852 2706 2089 2771 curiam
2124 2705 2477 2769 Romanam
2508 2702 2803 2787 appella-

499 2829 685 2890 runt3
721 2812 1014 2895 factaque
1043 2818 1144 2870 est
1171 2797 1518 2888 appellatio
1547 2811 1616 2861 et
1644 2791 2017 2882 provocatio
2040 2791 2145 2858 die
2174 2789 2473 2856 mercurii
2497 2789 2806 2874 proxima

499 2917 647 2992 post
671 2894 1054 2964 dominicam
1077 2891 1455 2976 palmarum,
1481 2905 1654 2949 anno
1678 2904 1809 2970 quo
1824 2901 2038 2966 supra,
2064 2877 2239 2964 apud
2264 2877 2705 2942 Loncastriam
2732 2877 2805 2938 in

503 2990 832 3057 Prioratus
875 3001 1148 3056 camera,
1193 2978 1261 3040 in
1301 2995 1434 3061 qua
1459 2970 1757 3036 dominus
1792 2967 2333 3053 Archiepiscopus
2362 2961 2799 3050 pernoctavit.

501 3072 956 3164 Impetratique
1001 3081 1153 3131 suut
1191 3063 1466 3152 judices,
1528 3057 1675 3148 [sed
1726 3055 2021 3121 dominus
2072 3051 2633 3137 Archiepiscopus,
2664 3049 2802 3116 alio

500 3166 733 3230 ductus
777 3155 1063 3233 consilio,
1097 3151 1304 3239 primo
1327 3147 1643 3235 praedicto
1678 3145 1843 3209 Adae
1876 3143 2073 3227 ipsam
2106 3139 2439 3204 ecclesiam
2470 3159 2803 3202 commen-

499 3251 696 3329 davit,
741 3267 945 3333 usque
988 3242 1073 3308 ad
1105 3240 1334 3304 festum
1363 3233 1567 3300 sancti
1600 3231 1948 3299 Cuthberti
1980 3229 2047 3292 in
2082 3225 2473 3312 Septembri,
2507 3239 2573 3290 et
2604 3225 2802 3290 intel-

499 3343 671 3408 lecta
711 3329 1168 3420 impeti-acione
1195 3326 1370 3389 facta
1398 3323 1463 3385 in
1494 3318 1727 3406 Curia]
1762 3317 1967 3404 ipsum
1996 3328 2457 3402 praesentatum
2488 3312 2554 3376 in
2588 3312 2801 3378 forma

497 3428 726 3515 primae
763 3413 1273 3508 praesentationis
1302 3408 1579 3486 admisit,
1612 3422 1677 3471 et
1708 3410 1771 3470 in
1804 3407 2031 3471 eadem
2064 3402 2310 3470 institui
2341 3399 2797 3466 demandavit:

499 3531 564 3580 et
613 3513 736 3578 fuit
788 3509 899 3572 illa
937 3499 1268 3570 contentio
1317 3496 1409 3560 sic
1445 3495 1672 3581 sopita.
1766 3493 2015 3581 Eodem
2056 3513 2252 3568 anne,
2285 3489 2348 3552 in
2394 3489 2561 3552 festo
2588 3486 2801 3553 sancti

505 3595 850 3669 Cuthberti
887 3595 984 3682 [in
1017 3583 1317 3672 Martio]‚
1355 3581 1564 3649 Priori
1598 3581 1857 3660 [induto
1888 3579 2081 3646 sacris
2100 3578 2183 3642 ad
2205 3577 2511 3662 majorem
2538 3576 2795 3640 missam

500 3683 981 3763 celebrandam]
1009 3689 1324 3764 porrectae
1353 3686 1498 3734 sunt
1531 3691 1615 3735 ex
1638 3681 1821 3755 parte
1849 3664 2329 3750 Archiepiscopi
2354 3663 2560 3727 literae
2580 3661 2803 3727 visita-

503 3774 721 3852 tioniS‚
763 3773 830 3835 in
859 3768 1135 3834 crastino
1177 3759 1377 3827 sancti
1406 3757 1718 3824 Johannis
1756 3754 2089 3841 Baptistae,
2126 3753 2193 3816 in
2224 3751 2494 3815 ecclesia
2522 3764 2589 3814 et
2620 3749 2797 3834 capi-

500 3865 642 3932 tulo
697 3851 1122 3926 Dunelmensi
1167 3847 1504 3924 faciendae,
1558 3866 1705 3909 cum
1736 3843 1846 3908 illa
1891 3839 2197 3916 clausula,
2235 3849 2279 3880 ‘⁶
2313 3837 2509 3910 Quod
2540 3837 2602 3900 in
2628 3858 2799 3921 prae-

499 3949 700 4019 missis
744 3943 1127 4022 duxeritffis]
1169 3935 1552 4012 faciendum,
1599 3947 1667 3996 et
1712 3932 1795 3997 de
1825 3930 1932 3994 die
1963 3925 2349 4013 receptionis
2378 3925 2797 4010 proeseutium

500 4063 618 4105 nos
668 4037 842 4102 circa
888 4032 1124 4097 festum
1179 4021 1705 4089 Annuntiationis
1756 4017 2121 4104 proximum
2174 4014 2296 4078 sub
2342 4011 2599 4076 vinculo
2628 4024 2696 4074 et
2726 4009 2798 4074 in

503 4127 742 4191 virtute
798 4114 1189 4185 obedientiae
1234 4106 1653 4175 rescribatis.'’
1745 4103 2321 4191 [Rescriptumque
2380 4098 2506 4164 fuit
2556 4097 2795 4175 eidem,

502 4211 700 4303 quod,
747 4207 898 4296 quia
949 4201 1301 4288 Episcopus
1344 4195 1797 4261 Dunelmensis
1829 4193 1897 4255 in
1927 4188 2144 4254 vicinis
2178 4189 2423 4254 Scociae
2457 4201 2613 4251 tunc
2642 4207 2799 4269 age-

502 4305 640 4378 bat,
689 4309 756 4361 et
785 4295 1056 4378 majores
1093 4283 1377 4372 Capituli
1409 4298 1560 4346 tunc
1590 4294 1946 4368 praesentes
1978 4298 2107 4341 non
2138 4287 2344 4350 erant,
2376 4295 2536 4360 quos
2566 4294 2797 4336 omnes

503 4385 813 4486 tangebat
863 4377 1035 4443 istud
1075 4395 1262 4460 opu8‚
1309 4370 1477 4435 infra
1524 4385 1651 4434 tam
1682 4367 1879 4432 breve
1924 4381 2177 4448 tempus
2208 4361 2415 4446 ipsum
2445 4359 2798 4424 certiorare

503 4475 764 4542 mimme
813 4476 1190 4553 potuerunt.
1286 4457 1829 4546 Rogaveruntque
1882 4474 2050 4529 eum,
2104 4449 2281 4536 quod
2333 4447 2457 4512 hoc
2505 4447 2589 4511 ad
2640 4469 2802 4510 con·-

504 4573 814 4646 temptum
845 4555 936 4619 eis
966 4571 1097 4614 non
1126 4549 1492 4632 imputaret,
1521 4542 1690 4631 quia,
1723 4562 1913 4628 quam
1946 4539 2076 4604 cito
2098 4541 2285 4622 plene
2310 4533 2795 4612 deliberassent,
