3000 5117
767 555 1175 608 nonanus
1211 557 1314 606 nn
1353 554 1871 608 cananum.
2386 539 2485 618 59

83 719 122 813 [
165 715 290 782 sibi
337 715 702 782 rescribere
756 738 886 781 non
938 715 1322 804 deferrent]
1417 715 1711 795 Interim,
1756 737 1950 804 super
1980 715 2099 782 hiis
2130 717 2489 784 consulitur

83 811 90 817 ’
183 805 428 891 Episco
479 828 556 869 ns
607 803 1086 882 Dunelmensis,
1133 811 1322 886 [tunc
1351 803 1417 867 in
1448 803 1737 889 partibus
1770 803 2062 870 Norbam
2092 807 2344 891 agensJ,
2374 807 2487 895 qui

167 915 412 978 respon
467 893 517 956 it
547 891 724 980 qnod
753 891 836 956 ad
869 891 1115 956 literam
1149 890 1398 956 missam
1427 889 1819 976 respondere
1849 913 1981 957 non
2014 906 2313 980 oportet3
2346 907 2485 958 tum

175 979 332 1067 quia
365 979 636 1044 mittens
667 979 912 1044 nullam
933 977 1446 1065 jurisdictionem
1477 977 1673 1043 habet
1702 977 1769 1041 in
1806 977 2095 1046 Priorem
2118 992 2186 1045 et
2218 980 2486 1067 Capitu-

175 1069 332 1144 lum,
357 1070 620 1131 ratione
641 1066 1010 1132 monasterii
1033 1065 1483 1130 Dunelmensis
1508 1087 1630 1129 nec
1648 1067 1899 1130 ratione
1922 1067 2190 1152 alicujus
2211 1069 2491 1134 existen.

179 1156 262 1219 tis
283 1157 352 1218 in
373 1154 624 1218 diocesi
655 1152 1099 1232 Dunelmensi,
1122 1167 1256 1216 tum
1269 1150 1421 1239 quia
1438 1152 1717 1234 in'ungit
1739 1152 1804 1214 in
1823 1153 2059 1219 virtute
2077 1155 2487 1235 obedientiae,

179 1242 264 1306 ad
295 1263 498 1328 quam
523 1241 652 1324 [ei]
675 1263 792 1305 nec
815 1253 1076 1306 tenetur
1103 1239 1288 1304 Prior
1307 1261 1426 1304 nec
1514 1237 1850 1324 apitulum,
1876 1261 2024 1306 cum
2048 1242 2491 1328 metropolita-

181 1351 306 1393 nus
351 1331 418 1391 in
465 1329 757 1392 subditos
785 1327 1166 1411 suffraganei
1187 1325 1720 1410 jurisdictionem,
1752 1324 1873 1389 nisi
1903 1329 1971 1392 in
2000 1329 2188 1394 certis
2216 1327 2491 1408 casibus,

183 1438 318 1480 non
365 1415 634 1492 habeat,
681 1415 854 1479 inter
882 1435 1044 1501 quos
1079 1413 1202 1478 iste
1230 1412 1442 1477 nullus
1467 1435 1486 1489 3
1538 1413 1707 1501 [tum
1738 1412 1909 1500 quia,
1940 1413 1993 1476 si
2032 1413 2223 1479 Prior
2248 1415 2335 1481 ad
2364 1416 2495 1482 tale

185 1503 571 1568 mandatu-m
591 1523 760 1566 nunc
779 1502 900 1565 sibi
919 1500 1320 1578 rescriberet,
1341 1499 1590 1564 diceret
1612 1521 1680 1563 se
1711 1500 2240 1588 Archiepiscopus
2258 1503 2324 1566 in
2348 1525 2497 1588 pos·

185 1589 500 1666 sessione,
535 1588 638 1654 vel
667 1588 870 1677 quasi,
901 1587 1312 1674 subjectionis
1335 1609 1492 1665 suae,
1521 1600 1587 1650 et
1610 1585 1765 1650 alias
1790 1587 2153 1672 injungeret
2173 1589 2493 1673 graviora.

193 1676 504 1742 Consulit
556 1697 736 1761 ergo,
785 1676 960 1763 quod
1005 1697 1126 1760 per
1159 1674 1426 1738 nuncios
1455 1672 1923 1759 respondeatur
1952 1673 2095 1754 sibi,
2120 1691 2188 1741 et
2218 1698 2347 1741 non
2380 1697 2497 1762 per

191 1763 580 1849 scripturam
605 1785 626 1838 3
671 1776 761 1840 et,
811 1763 862 1825 si
911 1783 1176 1846 gravare
1224 1759 1522 1838 voluerit,
1619 1760 1748 1825 uod
1794 1760 2152 1828 habeantur
2182 1785 2495 1849 provoca-

188 1851 400 1914 tiones
431 1867 500 1915 et
531 1849 992 1934 appellationes
1021 1859 1286 1934 paratae,
1318 1867 1402 1925 et,
1435 1869 1517 1912 ne
1548 1781 1787 1934 atliquid
1818 1849 1931 1913 fiat
1960 1849 2024 1912 in
2048 1851 2493 1936 praejudicium

197 1937 658 2002 Dunelmensis
688 1937 997 2014 ecclesiae,
1027 1949 1348 2003 caveatur.
1431 1935 1509 2000 ln
1540 1933 1707 1999 l'esto
1730 1957 1885 2000 vero
1909 1936 2173 2002 Paschoe
2194 1939 2499 2024 proximo

197 2025 374 2092 venit
435 2024 796 2110 Episcopus
849 2021 1322 2100 DunelmensiS,
1369 2035 1455 2100 et,
1505 2036 1737 2087 vocato
1774 2037 1916 2088 toto
1945 2023 2143 2100 clero,
2176 2025 2495 2091 consuluit

187 2113 351 2201 quid
401 2125 576 2176 esset
605 2111 924 2197 agendum
953 2131 1144 2195 super
1171 2107 1486 2194 petitione
1518 2109 2023 2196 Archiepiscopi.
2117 2112 2499 2200 Responde-

195 2218 347 2265 runt
393 2221 644 2276 omnes,
690 2199 866 2299 quod
912 2197 973 2262 ei
1017 2209 1182 2261 esset
1227 2194 1678 2274 resistendum,
1720 2197 2030 2262 auxilium
2060 2211 2129 2264 et
2158 2199 2495 2266 consilium

199 2288 484 2352 fideliter
535 2297 1004 2372 promittentes,
1051 2297 1115 2350 et
1142 2284 1432 2371 quamvis
1459 2285 1824 2350 consultum
1853 2299 2021 2352 esset
2054 2285 2263 2352 Priori
2292 2309 2333 2352 a
2362 2311 2502 2353 mo-

195 2375 424 2439 nachis
476 2387 546 2439 et
591 2372 860 2452 clericis,
913 2371 1092 2459 quod
1143 2371 1391 2436 cautius
1439 2382 1509 2435 et
1554 2373 1764 2436 tucius
1816 2387 2031 2458 posset
2082 2375 2497 2462 respondere,

205 2465 602 2547 Episcopum
644 2483 780 2526 esse
825 2461 1036 2546 capud
1085 2459 1395 2535 ecclesiae,
1445 2471 1514 2522 et
1564 2459 1713 2524 ideo
1756 2459 1963 2544 ipsum
2008 2461 2214 2546 primo
2244 2461 2505 2528 visitan-

193 2551 398 2626 dum3
443 2562 516 2613 et
564 2549 618 2612 si
671 2549 807 2634 ipse
858 2546 1282 2612 visitationem
1339 2545 1827 2632 Archiepiscopi
1874 2548 2139 2626 subiret,
2196 2547 2381 2614 Prior
2432 2565 2499 2617 et

195 2637 558 2724 capitulum
589 2649 938 2725 sequenter
965 2634 1252 2699 facerent
1274 2633 1450 2720 quod
1474 2633 1807 2712 deberent,
1832 2633 2237 2700 admittendo
2258 2637 2503 2704 scilicet

202 2726 438 2810 ipsum,
471 2723 576 2787 vel
607 2722 1074 2787 immunitatem
1105 2719 1512 2786 ostendendo
1541 2743 1739 2808 quare
1770 2743 1900 2786 non
1922 2721 2213 2789 deberet.
2292 2724 2499 2805 Prior,

199 2827 448 2890 tamen,
501 2809 724 2874 videns
775 2831 998 2874 omnes
1050 2809 1207 2874 alios
1238 2808 1648 2885 consensisse,
1682 2807 1853 2872 solus
1884 2809 2093 2876 noluit
2124 2811 2499 2890 dissentire3

251 2900 384 2964 uod
409 2900 634 2963 tamen
650 2897 765 2960 sibi
791 2915 1016 2982 postea
1037 2897 1378 2982 displicuit,
1399 2895 1573 2982 quia,
1595 2895 1947 2961 decedente
1971 2897 2317 2982 Episcopo,
2340 2901 2505 2964 ceci-

199 2923 302 3050 dit
333 3000 546 3052 totum
577 2985 828 3071 pondus
851 2985 1053 3070 praelii
1084 3005 1276 3070 super
1304 2989 1515 3064 eum.]
1590 2981 1963 3068 Arripiente
1993 3006 2151 3068 ergo
2182 2985 2505 3071 Episcopo

207 3097 358 3138 cum
405 3075 540 3137 suis
571 3073 694 3137 iter
723 3094 936 3138 versus
967 3071 1208 3136 curiam
1242 3070 1628 3148 Romanam,
1667 3071 1858 3135 Prior
1886 3083 1952 3136 et
1982 3071 2351 3156 Capitulum
2382 3072 2509 3138 fre-

203 3175 490 3249 quenter
543 3159 984 3245 supplicabant
1038 3157 1534 3243 Archiepiscopo
1577 3179 1696 3243 per
1734 3180 1903 3237 suoS,
1951 3173 2025 3223 ut
2077 3157 2505 3225 visitationem

204 3271 392 3314 suam
425 3261 806 3335 prorogaret
833 3247 1096 3334 [usque]
1125 3244 1211 3310 ad
1242 3258 1490 3331 tempus
1522 3247 1725 3330 magis
1754 3260 2193 3333 opportunum
2219 3269 2238 3324 3
2268 3259 2335 3311 et
2364 3248 2507 3334 ipso

210 3359 346 3400 non
393 3333 862 3410 consentiente,
916 3345 1012 3396 est
1059 3347 1476 3418 provocatum
1525 3346 1591 3397 et
1640 3332 2027 3418 appellatum
2072 3349 2297 3398 contra
2335 3357 2507 3403 eum.

217 3424 462 3501 Primo,
509 3423 662 3509 quia
708 3419 1267 3504 Archiepiscopus,
1311 3433 1613 3506 tanquam
1646 3420 1738 3485 eis
1770 3435 2123 3506 suspectuS,
2157 3421 2385 3487 merito
2410 3439 2511 3490 est

211 3510 632 3588 recusandus,
674 3513 845 3588 [tum
877 3506 1029 3594 quia
1057 3520 1492 3593 presentatum
1526 3527 1747 3571 eorum
1782 3507 1864 3570 ad
1894 3508 2223 3574 ecclesiam
2253 3510 2337 3575 de
2372 3511 2513 3578 Ru-

209 3601 470 3683 nigton,
519 3610 591 3661 ut
618 3615 832 3682 supra,
877 3597 1119 3681 absque
1165 3617 1358 3659 causa
1400 3593 1773 3659 racionabili
1803 3595 2143 3662 admittere
2165 3601 2505 3679 recusavit,

211 3706 413 3772 super
457 3706 590 3770 quo
633 3683 1056 3768 appellarunt,
1105 3695 1171 3747 et
1199 3679 1439 3768 pendet
1469 3682 1825 3765 appellacio
1854 3682 2157 3763 indecisa,
2191 3697 2328 3751 tum
2405 3686 2513 3754 uia

211 3795 360 3839 cum
399 3771 591 3837 Prior
619 3770 686 3834 in
737 3769 1276 3834 Hofdenchire'et
1313 3768 1644 3833 Allertone
1675 3769 1921 3854 dejure
1950 3783 2017 3834 et
2047 3709 2511 3841 consuetudine

215 3861 416 3926 babet
445 3859 775 3944 primarias
805 3879 1132 3921 causarum
1158 3854 1589 3943 cogniciones,
1630 3857 2163 3943 Archiepiscopus
2191 3881 2337 3923 eum
2363 3882 2515 3946 spo·

213 3949 373 4014 liare
421 3946 650 4010 nititur
691 3943 776 4008 de
820 3944 1083 4020 eisdem,
1117 3943 1262 4007 ideo
1292 3949 1675 4028 suspectus].
1769 3943 1958 4021 Item,
1990 3965 2137 4009 cum
2162 3947 2511 4014 secundum

219 4049 537 4100 statutum
585 4030 860 4097 Concilii
909 4030 1356 4116 Lugdunensis
1407 4030 1940 4116 metropolitanus
1989 4030 2250 4120 [habet]
2306 4034 2515 4118 primo

221 4121 478 4187 visitare
502 4119 836 4185 ecclesiam
877 4131 944 4182 et
973 4117 1346 4203 capitulum,
1381 4117 1709 4202 proprium
1742 4131 1808 4182 et
1837 4117 2141 4196 diocesin,
2174 4134 2321 4187 ante
2371 4146 2519 4190 uam

221 4211 303 4274 ad
333 4209 640 4273 susti-anei
667 4205 1090 4271 visitationem
1118 4205 1502 4280 descendat3
1532 4204 1711 4291 quod
1734 4205 1853 4269 iste
1878 4227 2003 4270 non
2028 4205 2203 4276 fecit.
2282 4215 2313 4292 [
2358 4225 2513 4292 tem,

221 4297 580 4361 secundum
613 4307 926 4360 statutum
949 4292 1234 4378 ejusdem
1261 4291 1559 4369 Concilii,
1590 4294 1745 4357 Cum
1772 4295 1938 4371 olim,
1974 4315 2101 4358 non
2126 4307 2223 4359 est
2248 4298 2517 4365 Archie-

225 4387 492 4469 piscopo
533 4383 618 4447 de
665 4379 1068 4469 negligencia
1119 4377 1423 4464 Episcopi
1469 4400 1664 4464 super
1691 4381 2087 4446 correctione
2118 4395 2183 4448 et
2212 4385 2517 4451 reforma—

222 4471 427 4548 cione,
475 4491 598 4534 nec
645 4481 744 4533 est
787 4469 960 4533 facta
1001 4465 1258 4543 relacio,
1291 4487 1510 4552 quare,
1544 4471 1699 4545 etc.]
1804 4467 1962 4532 Item
1992 4467 2345 4555 Episcopus
2380 4473 2520 4536 Du-

227 4558 568 4622 nelmensis
599 4555 812 4642 capud
847 4553 1152 4640 Capituli,
1189 4552 1324 4638 [cui
1353 4553 1569 4618 subest
1618 4554 1987 4639 Capitulum
2028 4555 2192 4620 sicut
2230 4558 2519 4624 membra
