3000 5117
489 476 694 552 ccviii
1031 499 1237 549 msr.
1277 498 1636 549 DUNELM·
1676 499 2141 551 scatrroasss
2178 500 2389 551 rans.

489 658 736 724 Milites
769 658 851 722 de
879 658 1186 723 comitatu
1237 657 1724 723 Northumbriae
1769 662 1832 727 4.
1895 659 2225 724 Robertus
2254 660 2337 724 de
2376 656 2547 746 Ogle
2575 657 2798 723 chiva-

483 746 600 824 ler,
635 744 960 809 Johannes
995 746 1290 811 Bertram
1320 744 1623 822 chivaler,
1652 744 1979 809 Johannes
2018 745 2455 831 Wedryngton
2486 744 2793 821 chivaler,

487 831 812 897 Johannes
847 832 1171 897 Medilton
1201 830 1500 896 chivaler.
1521 869 1608 881 --
1628 831 1735 895 De
1776 831 2087 896 comitatu
2123 831 2703 897 Westmerlandiae
2732 838 2796 895 2.

493 917 926 984 Christoferus
1003 917 1315 1004 Moresby
1387 917 1690 997 chivaler,
1782 918 2177 984 Willielmus
2255 917 2797 983 Osmonderlawe

489 1004 792 1073 ehivaler.
825 1046 912 1059 —
933 1003 1254 1089 Armigeri
1318 1008 1424 1069 21.
1491 1002 1819 1069 Robertus
1885 1002 2137 1082 Hilton,
2199 1004 2525 1069 Robertus
2588 1002 2793 1083 Eure,

496 1090 865 1155 willielmus
927 1091 1178 1168 Bowes,
1240 1089 1570 1155 Johannes
1634 1090 1948 1176 Conyers,
2013 1089 2408 1155 Willielmus
2457 1090 2795 1155 Lambton

489 1178 720 1255 senior,
760 1175 1133 1243 willielmus
1171 1176 1493 1241 Lambton
1512 1176 1754 1263 junior,
1796 1176 1999 1260 Hugo
2033 1177 2437 1262 Burnyghill,
2460 1176 2795 1241 Johannes

487 1263 571 1328 de
603 1263 916 1341 Mordon,
971 1262 1364 1328 Willielmus
1397 1262 1833 1349 Billyngham,
1866 1262 2193 1348 Johanqes
2230 1263 2499 1349 Britley,
2540 1264 2800 1328 Robor-

485 1362 590 1413 tus
625 1350 782 1415 Belc
827 1374 876 1429 s,
915 1348 1238 1413 Henricus
1299 1348 1630 1433 TailboyS,
1693 1349 1984 1415 Thomas
2045 1350 2361 1435 Garbboy
2389 1396 2469 1415 ...
2494 1351 2679 1415 John
2710 1349 2795 1413 de

489 1436 742 1513 Huton,
861 1435 1156 1501 illielmus
1191 1436 1448 1514 Huton‚
1483 1436 1771 1502 Thomas
1804 1436 1989 1501 Coke
2018 1436 2103 1501 de
2139 1482 2215 1504 ...
2248 1450 2316 1501 et
2344 1436 2453 1501 alii
2476 1436 2795 1523 quinque.

485 1522 603 1589 Isti
653 1522 1027 1606 antescripti
1076 1522 1331 1587 fuerunt
1377 1545 1572 1608 super
1622 1536 1885 1608 pontem
1938 1524 2439 1608 infrascriptum,
2486 1523 2795 1588 viderunt

483 1610 779 1674 seisinam
808 1608 1094 1696 ejusdem
1118 1612 1332 1694 pontis
1354 1608 1689 1675 liberatam
1713 1610 1979 1676 domino
2007 1610 2329 1697 Episcopo
2354 1610 2795 1695 infrascripto,

490 1716 626 1761 xxv
654 1694 964 1775 Jaauarii,
997 1718 1168 1762 anno
1201 1696 1474 1762 Henrici
1504 1697 1713 1785 quinti
1742 1710 1993 1785 quarto,

793 2062 1129 2109 chxxnl.
1179 2062 1717 2108 TRANscmP'rUM
1748 2062 1970 2107 SUPER
2018 2062 2477 2109 FUNDAcmNss

1153 2148 1547 2195 Pmona'rus
1590 2148 2103 2199 DUNELMENSIS.

1043 2292 1185 2360 [rot
1205 2296 1328 2353 ποι,
1348 2294 1396 2353 ιι,
1417 2298 1475 2345 et
1497 2292 1645 2362 orig.
1669 2294 1713 2342 1.
1738 2294 1787 2343 ³.
1811 2292 2005 2347 Pontif-
2022 2292 2101 2345 Η.
2134 2295 2217 2359 1.]

571 2387 910 2454 Universis
945 2386 1191 2451 Christi
1249 2384 1398 2447 fidel
1406 2384 1545 2448 ibus
1606 2382 1689 2449 ad
1732 2406 2007 2470 quorum
2066 2382 2369 2449 noticiam
2428 2400 2795 2469 praesentes

478 2470 684 2538 literae
713 2474 1150 2559 pervenerint,
1177 2470 1424 2535 domini
1455 2469 1913 2534 Dunelmensis
1946 2472 2252 2556 Episcopi
2277 2471 2592 2537 officialis
2616 2475 2797 2541 salu-

475 2572 611 2623 tem
639 2562 709 2624 in
731 2558 1019 2625 Domino
1047 2556 1517 2641 sempiternam.
1566 2556 1889 2620 Noveritis
1918 2557 2093 2643 quod
2123 2557 2423 2623 dominus
2450 2560 2793 2626 Johannes

477 2646 562 2710 de
609 2646 1025 2723 Fissheburn,
1055 2658 1438 2730 procurator
1480 2642 1929 2726 religiosorum
1968 2646 2249 2709 virorum
2286 2645 2531 2710 Prioris
2553 2659 2625 2711 et
2658 2648 2789 2712 Ca-

477 2732 666 2817 pituli
705 2730 1171 2809 Dunelmensis‚
1205 2742 1271 2794 et
1301 2728 1651 2795 monachus
1680 2730 1967 2816 ejusdem
1994 2730 2143 2809 loci,
2190 2731 2276 2796 de
2320 2733 2503 2818 cujus
2550 2755 2795 2818 procu-

479 2818 724 2883 ratorio
773 2829 1098 2905 potestate
1147 2816 1334 2881 nobis
1406 2816 1599 2900 plene
1674 2830 1949 2895 constat,
2009 2819 2317 2906 quasdam
2376 2819 2595 2884 literas
2657 2820 2788 2905 piae

476 2905 807 2970 memoriae
837 2904 1082 2970 domini
1116 2901 1456 2968 willielmi
1485 2902 1697 2989 primi,
1730 2907 2058 2991 quondam
2090 2904 2543 2970 Dunelmensis
2572 2909 2790 2972 eccle-

479 2992 592 3057 siae
653 2993 976 3079 Episcopi,
1029 2990 1240 3078 sigillo
1289 2990 1575 3077 oblongo
1615 2992 1939 3075 pendente
1984 3014 2133 3057 cum
2162 2994 2465 3081 ymagine
2494 2992 2792 3079 episcopi

479 3092 693 3145 stante
717 3080 784 3144 in
808 3078 1302 3166 pontificalibuS,
1328 3078 1396 3140 in
1415 3098 1567 3141 cera
1594 3078 1742 3141 alba
1768 3079 2104 3162 sigillatas,
2130 3102 2335 3155 veras,
2368 3093 2436 3143 et
2466 3078 2785 3163 integra-S,

478 3188 612 3230 non
641 3166 1052 3243 concellata5‚
1082 3186 1216 3229 non
1260 3185 1452 3240 rasas,
1485 3184 1616 3226 non
1645 3164 1939 3244 abolitas,
1970 3186 2093 3231 nec
2122 3166 2187 3231 in
2221 3165 2439 3248 aliqua
2464 3166 2567 3228 sui
2596 3180 2789 3251 parte

475 3254 739 3317 viciatas
797 3274 910 3317 scu
969 3266 1323 3336 corruptas,
1386 3250 1504 3314 sed
1552 3249 1731 3314 omni
1780 3252 1945 3317 vicio
1990 3264 2059 3316 et
2106 3250 2469 3337 suspicione
2522 3252 2797 3319 sinistra

479 3352 790 3415 carentes,
824 3350 900 3401 ut
927 3338 1134 3424 prima
1162 3338 1327 3402 facie
1355 3336 1776 3421 apparebant,
1810 3339 1993 3405 nobis
2025 3339 2090 3402 in
2128 3339 2325 3423 pleno
2372 3339 2789 3404 consistorio

478 3424 906 3490 Dunelmensi
949 3446 1068 3510 pro
1117 3422 1415 3488 tribunali
1467 3416 1841 3489 sedentibus
1886 3424 2184 3491 exhibuit
2212 3437 2281 3489 et
2338 3426 2781 3509 presentavit,

476 3532 633 3597 quas
685 3510 945 3597 quidem
996 3510 1210 3575 literas
1256 3509 1561 3593 praefatus
1590 3526 1969 3596 procurator
1996 3524 2262 3597 propter
2282 3510 2529 3576 viarum
2558 3512 2786 3578 discri-

476 3596 652 3661 mina
689 3610 758 3662 et
785 3598 1000 3661 omnia
1029 3596 1152 3661 alia
1195 3596 1496 3680 pericula,
1530 3618 1677 3681 quoe
1707 3620 1821 3681 per
1860 3599 2264 3663 delacionem
2293 3599 2396 3663 vel
2428 3621 2547 3683 per
2576 3599 2785 3664 caria-

477 3683 733 3749 eionem
763 3682 1046 3769 ipso‘rum
1075 3683 1160 3748 ad
1189 3683 1332 3747 loca
1358 3696 1608 3747 remota
1636 3684 2059 3751 verisimiliter
2088 3686 2344 3749 evenire
2372 3698 2685 3769 poterunt
2712 3686 2781 3751 in

473 3771 594 3836 hac
617 3784 800 3855 parte
829 3770 1080 3855 plenius
1101 3770 1420 3845 evitanda,
1447 3791 1567 3833 nos
1596 3790 1745 3833 cum
1772 3772 1994 3840 debita
2008 3771 2322 3837 instancia
2347 3772 2689 3858 requisivit
2716 3786 2785 3837 et

473 3856 670 3944 peciit
691 3880 813 3944 per
831 3879 945 3922 nos
965 3856 1323 3933 transcribi,
1351 3854 1679 3933 transumi,
1704 3873 1774 3922 et
1794 3858 2128 3942 publicari,
2162 3858 2248 3923 ad
2276 3870 2660 3943 perpetuam
2684 3858 2785 3923 rei

470 3944 868 4021 memoriam,
919 3944 1302 4009 auctoritate
1335 3956 1555 4005 nostra
1603 3942 1926 4011 ordinaria
1968 3959 2036 4010 et
2074 3945 2360 4009 decreto.
2452 3944 2594 4009 Nos
2627 3967 2787 4010 vero

477 4029 786 4097 Officialis
817 4031 1183 4115 praedictuS,
1215 4028 1384 4105 visiS,
1419 4028 1733 4112 inspeetis,
1768 4044 1833 4096 et
1872 4031 2216 4117 diligenter
2246 4054 2361 4115 per
2383 4052 2497 4095 nos
2528 4032 2783 4095 exami-

473 4118 638 4182 natis
657 4117 884 4183 litteris
908 4115 1307 4203 supradictiS,
1333 4128 1705 4199 reputantes
1730 4119 2120 4203 peticionem
2143 4118 2299 4182 dieti
2328 4118 2779 4183 procuratoris

469 4204 611 4268 fore
641 4204 906 4287 justam,
954 4218 1021 4269 et
1051 4224 1399 4270 consonam
1421 4202 1685 4279 racioni,
1717 4206 1887 4271 facta
1914 4205 2209 4291 primitus
2237 4203 2777 4289 proclamatione,

472 4290 649 4376 quod
697 4313 942 4369 omneS,
975 4292 1086 4378 qui
1117 4312 1298 4356 suum
1333 4288 1396 4351 in
1427 4286 1549 4352 hac
1580 4306 1759 4373 parte
1806 4292 2211 4378 praetendere
2242 4303 2543 4377 poterunt
2572 4291 2773 4355 inter-

472 4397 632 4453 esse,
675 4377 981 4441 vicesimo
1027 4378 1236 4462 primo
1278 4375 1388 4463 die
1420 4377 1647 4439 mensis
1684 4380 2037 4458 Februarii,
2070 4400 2240 4443 anno
2277 4376 2541 4441 Domini
2574 4378 2773 4441 mille-

469 4461 632 4527 simo
680 4464 1310 4550 quadringentesimo
1358 4462 1610 4527 decimo
1659 4480 1911 4545 octavo,
1944 4488 2161 4533 coram
2192 4466 2374 4531 nobis
2405 4464 2473 4528 in
2516 4463 2771 4531 Galilea
