3000 5117
847 493 1267 546 Arrnnmx.
1311 495 1496 546 ANN.
1544 493 1888 546 Moxvm.
2240 477 2549 550 ccccxvii

225 659 354 723 bns
401 669 472 724 et
521 653 847 722 sororibus
891 655 1092 722 nostri
1135 655 1396 740 capituli
1425 654 1746 721 defunctis
1774 655 2105 720 nobiscum
2136 656 2279 723 fieri
2308 660 2539 730 solent.

239 745 314 810 In
378 765 657 832 quorum
715 742 1151 809 testimonium
1209 742 1681 828 praemissorum
1752 743 2031 828 sigillum
2108 759 2399 814 nostrum
2444 763 2543 814 est

231 853 612 918 appensum.
713 831 894 896 Data
949 830 1016 895 in
1077 833 1465 896 monasterio
1522 847 1747 896 nostro
1802 830 2118 916 praedicto
2178 841 2375 898 vntffl’
2435 836 2543 901 die

233 920 470 984 mensis
525 915 784 996 Marcii,
833 939 1005 982 anno
1058 916 1325 982 Domini
1369 915 1707 982 millesimo
1748 916 2261 1004 quingentesimo
2290 921 2545 989 decimo

227 1021 448 1086 sexto,
473 1004 829 1072 seeundum
857 1003 1414 1091 computacionem
1443 1003 1729 1070 ecclesias
1762 1004 2159 1090 Anglicanae.

407 1447 764 1492 cccxxvn·
818 1447 1077 1493 m’rzltA
1125 1449 1679 1494 rnarssnnnarts
1728 1447 1943 1492 rsc‘rA
1988 1448 2373 1496 ABBATISSAE

729 1535 818 1580 DE
849 1535 1024 1580 SYON
1063 1536 1529 1582 Lonntutnsls
1564 1535 1961 1582 mocussos,

1136 1679 1296 1749 [neg.
1322 1679 1386 1730 v.
1410 1678 1496 1732 fol.
1528 1680 1667 1744 ns]

325 1815 646 1892 ThomaS,
678 1813 1098 1902 permissione
1117 1815 1330 1882 divina
1357 1818 1543 1884 Prior
1565 1815 1851 1884 ecclesiae
1882 1817 2266 1884 cathedralis
2300 1815 2550 1881 Dunel·

235 1903 501 1982 mensis,
556 1904 798 1967 ordinis
851 1904 1054 1968 sancti
1109 1903 1468 1983 Benedicti,
1521 1920 1589 1972 et
1637 1906 1925 1990 ejusdem
1980 1905 2102 1969 loci
2154 1903 2545 1989 Capitulum,

237 1993 496 2057 dilectis
531 1992 712 2054 nobis
744 1990 806 2054 in
843 1991 1104 2056 Christo
1145 1991 1542 2058 Elizabethae
1573 1993 1941 2059 Abbatissae
1976 1991 2341 2057 monasterii
2373 2011 2551 2054 sanc-

238 2094 460 2144 tarum
519 2076 752 2141 Mariae
821 2078 1102 2162 Virginis
1155 2094 1221 2144 et
1283 2079 1579 2164 Birgittae
1630 2079 1714 2144 de
1779 2083 1980 2167 Syon,
2036 2079 2274 2143 ordinis
2330 2077 2551 2142 Sancti

245 2163 604 2250 Augustini
655 2167 1031 2250 nuncupati,
1088 2165 1515 2232 Londinensis
1575 2166 1923 2244 dioceseos,
1985 2179 2050 2232 et
2099 2163 2444 2230 venerabili
2476 2185 2553 2228 ae

236 2251 552 2354 religioso
600 2251 740 2316 viro
790 2253 1068 2317 Johanni
1115 2253 1400 2338 generali
1446 2254 1815 2332 confessori,
1851 2277 2099 2319 necnon
2132 2252 2248 2319 toti
2282 2274 2552 2340 congre-

238 2337 506 2425 gamoni
564 2361 854 2403 sororum
907 2355 974 2405 et
1029 2339 1304 2405 fratrum
1365 2341 1651 2426 ejusdem
1712 2341 2107 2418 monasterii,
2154 2340 2422 2404 salutem
2489 2339 2555 2402 in

243 2430 536 2491 omnium
574 2427 924 2491 Salvatore.
1021 2427 1089 2490 Si
1121 2428 1459 2516 quicquam
1491 2443 1589 2494 est
1619 2430 1681 2492 in
1714 2428 1835 2493 hac
1860 2426 2182 2492 umbratili
2216 2427 2349 2489 vita
2372 2425 2553 2510 cujus

243 2513 457 2578 eciam
488 2535 740 2577 sensum
783 2527 933 2598 post
963 2529 1236 2578 mortem
1268 2515 1547 2579 habituri
1578 2539 1813 2592 sumus,
1840 2515 1909 2578 id
1942 2528 2122 2578 certe
2153 2529 2251 2577 est
2278 2513 2557 2576 delecta-

239 2613 534 2665 mentum
569 2599 726 2664 illud
761 2623 911 2665 usur
999 2623 1076 2665 ne
1109 2604 1376 2666 sincerae
1408 2603 1724 2679 amicitioe,
1757 2625 1925 2688 quae,
1964 2599 2317 2664 viventibus
2350 2599 2553 2675 nobis,

235 2687 404 2753 olim
451 2709 598 2752 cum
644 2686 878 2751 sanctis
908 2710 976 2752 re
1003 2687 1340 2775 igiosisque
1372 2689 1522 2753 viris
1554 2689 1921 2756 intercessit.
2016 2687 2249 2774 Neque
2279 2688 2447 2750 enim
2478 2707 2560 2750 ea

243 2797 348 2839 res
382 2775 486 2838 vel
517 2773 862 2840 morientes
895 2797 1007 2838 nos
1039 2775 1348 2854 destituit,
1376 2777 1562 2840 sicuti
1592 2776 1772 2840 fluxa
1794 2776 1932 2839 haec
1965 2773 2331 2860 caducaque
2359 2773 2555 2848 bona,

246 2861 483 2949 quibus
538 2861 812 2926 mundus
867 2861 1142 2926 inaniter
1183 2862 1535 2946 gloriatur3
1581 2878 1885 2928 caeterum
1920 2875 2054 2926 tum
2079 2862 2335 2925 demum
2370 2860 2559 2946 hujus

241 2962 522 3014 sacratae
563 2949 1026 3014 benivolenciae
1074 2952 1250 3014 aurei
1293 2949 1538 3014 fructus
1568 2949 1978 3015 efflorescunt
2009 2972 2153 3013 cum
2188 2947 2431 3033 reliqua
2460 2969 2553 3010 re-

249 3059 396 3101 rum
445 3053 804 3100 nostrarum
850 3036 934 3100 ad
969 3037 1126 3100 alios
1187 3038 1391 3102 eciam
1455 3037 1643 3101 unitis
1688 3039 1875 3102 nobis
1928 3035 2083 3187 [gie]
2145 3039 2555 3099 transierunt.

261 3123 486 3198 Quare
499 3122 718 3188 felices
744 3123 1036 3208 profecto
1070 3146 1364 3210 veraeque
1389 3123 1618 3189 divites
1638 3141 1808 3202 sunt,
1837 3147 1942 3211 qui
1994 3148 2067 3188 us
2094 3125 2339 3208 piorum
2372 3123 2560 3204 copia

252 3213 606 3275 amicorum
640 3211 893 3274 abunde
925 3212 1226 3310 suppetit,
1255 3211 1361 3298 qui
1406 3227 1470 3276 et
1520 3211 1805 3276 viventes
1844 3233 2059 3274 amore
2092 3231 2218 3274 non
2248 3209 2559 3284 desinant,

254 3315 323 3363 et
385 3310 675 3362 mortuos
728 3297 1183 3362 ardentissimis
1235 3299 1567 3363 desideriis
1640 3297 2174 3386 pientissimisque
2247 3295 2563 3382 susti-agiis

255 3399 752 3471 prosequantur.
850 3385 1142 3470 Sapiunt‚
1199 3384 1413 3470 igitur,
1469 3385 1579 3472 qui
1634 3387 1775 3472 plus
1835 3384 2090 3450 fiduciae
2166 3387 2229 3448 in
2304 3383 2561 3446 illorum

262 3471 556 3537 amicicia
587 3473 1004 3550 constituunt,
1037 3473 1146 3560 qui
1180 3487 1252 3536 ut
1283 3472 1399 3536 soli
1435 3473 1649 3539 Cristo
1679 3473 1977 3538 salvatori
2012 3487 2233 3537 nostro
2262 3471 2565 3556 conjunc-

259 3559 388 3624 tius
411 3557 858 3636 adherescant,
887 3573 1176 3624 terrenos
1202 3558 1575 3647 fucatosque
1606 3564 1844 3628 amicos
1886 3560 2335 3644 neglexerunt,
2370 3581 2563 3645 quam

251 3646 326 3710 in
352 3645 487 3710 istis
507 3646 646 3710 solo
667 3646 922 3712 nomine
946 3645 1272 3724 divitibus,
1299 3647 1532 3734 quibus
1564 3670 1757 3733 opum
1794 3647 2319 3734 voluptatumque
2348 3660 2567 3710 osten·-

253 3733 432 3798 tacio
477 3732 715 3798 amicos
761 3733 844 3798 ad
889 3734 1084 3798 breve
1130 3748 1382 3818 tempus
1413 3735 1757 3800 duraturos
1788 3733 2109 3802 conciliat.
2210 3733 2355 3796 Hos
2388 3754 2569 3796 nam·

257 3844 389 3908 que
435 3843 550 3885 sua
588 3842 732 3905 spes
785 3821 960 3884 brevi
1007 3820 1270 3884 miseros
1318 3821 1748 3899 frustrabitur,
1802 3821 1945 3884 illos
1993 3843 2147 3883 vero
2179 3819 2569 3881 immortalia

254 3906 738 4008 certissimaque
791 3909 1070 3992 praemia
1101 3923 1380 3985 manent,
1433 3923 1506 3972 ut
1554 3925 1706 3994 pote
1754 3909 1985 3993 quibus
2028 3905 2239 3969 vivere
2273 3904 2567 3968 Christus

251 4009 358 4060 est
388 4009 456 4058 et
485 4015 646 4057 mori
679 3995 948 4062 lucrum.
1036 3996 1195 4060 Jure
1223 3995 1436 4082 itaque
1470 3995 1836 4080 expetenda
1865 4006 1961 4057 est
1994 4013 2219 4055 eorum
2252 3989 2562 4066 amicicia,

259 4103 428 4170 quos
461 4080 694 4145 veritas
721 4081 863 4167 ipsa
892 4105 1022 4147 nou
1053 4083 1440 4167 dedignatur
1470 4105 1617 4146 suos
1647 4081 1882 4147 amicos
1914 4078 2239 4164 appellare.
2264 4099 2283 4152 ;
2330 4081 2568 4163 quippe

259 4168 374 4256 qui
406 4167 651 4232 domini
698 4167 794 4232 sui
845 4170 1243 4234 voluntatem
1293 4188 1359 4234 et
1409 4171 1615 4233 sciunt
1648 4184 1714 4232 et
1746 4167 2017 4231 libenter
2048 4165 2308 4230 faciunt.
2404 4167 2572 4229 Cum

257 4255 462 4344 igitur
512 4255 827 4320 attencius
875 4256 1090 4320 animo
1143 4257 1619 4322 consideramus
1666 4277 1856 4342 quam
1906 4254 2257 4338 prudenter
2302 4255 2574 4351 majores

265 4341 467 4408 nostri
517 4341 824 4420 fecerunt,
867 4365 1014 4408 cum
1055 4359 1434 4430 perpetuum
1481 4355 1723 4406 sanctae
1769 4340 2129 4405 dilectionis
2160 4339 2372 4404 foedus
2405 4357 2575 4402 mter

265 4428 656 4494 monasteria
685 4445 902 4495 nostra
931 4449 1298 4507 sanxerunt,
1325 4429 1691 4516 crebrisque
1710 4427 1981 4492 subinde
2016 4426 2207 4492 literis
2238 4427 2576 4490 confirma-

265 4531 442 4594 runt,
476 4539 695 4601 operae
726 4518 1012 4603 precium
1043 4541 1158 4584 nos
1195 4540 1450 4605 quoque
1480 4520 1762 4583 facturos
1815 4514 2271 4591 existimamus,
2306 4513 2357 4580 si
2404 4529 2579 4578 vete-

1370 4609 1410 4668 2
1443 4626 1486 4668 n
