3000 5117
467 392 808 489 cccixxii
921 436 1126 487 msr.
1163 434 1524 487 nonnam.
1564 402 2028 487 scmr’roass
2066 434 2278 488 crass.
2386 512 2393 519 ἱ

455 596 860 683 singulorum
893 596 1352 673 testimonium,
1385 610 1599 682 partes
1643 596 1975 683 praedictae
2018 595 2143 661 hiis
2172 594 2529 661 indenturis
2558 593 2780 685 sigilla

449 708 567 749 sua
593 684 956 749 alternatim
985 697 1443 770 apposuerunt.
1536 684 1714 751 Data
1742 684 1847 749 die
1878 698 1944 749 et
1965 705 2132 749 anno
2156 681 2557 769 supradictis.
2652 684 2775 751 De

449 794 580 871 qua
609 793 878 849 summa,
911 770 1211 837 videlicet
1241 770 1583 855 sexaginta
1612 793 1843 835 novem
1875 770 2178 835 librarum
2209 785 2276 836 et
2305 769 2531 853 viginti
2560 770 2774 835 dena-

445 879 708 981 riorum,
751 856 1160 981 delducuntur
1187 880 1309 945 pro
1354 858 1653 944 expensis
1696 858 2151 942 deputatorum
2205 871 2272 922 et
2318 857 2772 923 confessorum

446 944 533 1009 iii·
563 990 582 1009 .
613 942 748 1009 iii··.
772 942 812 1006 i·
851 997 869 1014 .

505 967 818 1095 ‘'nonjmg
849 1050 1398 1097 parurn-onum.
1489 1030 1811 1097 Dominus
1864 1030 2051 1095 Prior
2095 1029 2572 1111 DunelmensiS,
2620 1053 2770 1098 ma-

443 1116 649 1207 gister
668 1116 996 1184 Johannes
1029 1118 1306 1195 Norton,
1341 1119 1647 1203 magister
1684 1118 2003 1183 Robertus
2031 1116 2292 1183 Mason.

539 1204 834 1269 Nouum
879 1225 1402 1271 cournssoamu.
1494 1204 1863 1270 Ramcioffl
1897 1224 2257 1270 coN'rmus
2306 1222 2766 1270 RESIDBNTES.

451 1290 772 1357 Dominus
807 1290 1204 1356 VVillielmus
1249 1291 1497 1357 Dalton
1541 1292 1835 1377 supprior
1869 1290 2320 1357 Dunelmensis
2349 1297 2511 1367 xx⁸.‚
2542 1290 2768 1355 domi-

442 1401 566 1446 nus
614 1376 947 1443 Jobannes
999 1376 1410 1444 Gatesheved
1455 1378 1830 1457 monachus,
1877 1377 2176 1442 dominus
2229 1377 2545 1442 Ricardus
2604 1376 2765 1443 Bell

444 1460 817 1542 monachus,
849 1462 1142 1530 dominus
1179 1464 1552 1531 Willielmus
1586 1466 1791 1531 Seton
1822 1464 2167 1530 monachus
2199 1469 2339 1529 xx‘.

537 1552 944 1617 Sacumuzsss
1021 1572 1381 1616 con'rmua
1453 1572 1903 1615 aasmnwrns.
2022 1550 2344 1617 Dominus
2422 1548 2763 1615 Robertus

443 1636 791 1717 Sotheron,
879 1637 1176 1705 dominus
1276 1636 1645 1703 Willielmus
1737 1637 2094 1704 Barkedale
2181 1643 2345 1715 xx⁸.,
2448 1636 2764 1702 dominus

441 1724 773 1790 Johannes
805 1723 1167 1810 Stapylton,
1213 1723 1513 1789 dominus
1546 1722 1833 1789 Thomas
1866 1724 2213 1790 Morlande
2243 1722 2403 1808 xiij⁸.
2447 1721 2585 1807 iiijd.

537 1812 942 1877 Sncumtmts
974 1832 1110 1875 Pan
1137 1830 1343 1876 mum
1371 1830 1546 1875 mam
1576 1831 2024 1881 RESIDBNTBS.
2119 1809 2437 1876 Dominus
2460 1808 2763 1875 Williel-

441 1920 590 1961 mus
666 1897 1050 1962 Trollesden
1126 1897 1300 1975 vii‘⁶.,
1360 1896 1661 1963 dominus
1721 1897 2054 1965 Johannes
2126 1897 2497 1982 Hagreston
2555 1895 2759 1980 viijd„

441 1982 740 2048 dominus
769 1984 1096 2050 Johannes
1229 1984 1529 2050 ermouth
1560 1983 1717 2069 viijd.

529 2070 698 2135 Item
737 2082 862 2156 pro
910 2093 1039 2136 una
1087 2093 1230 2136 sera
1279 2085 1348 2136 et
1387 2071 1572 2137 clavo
1623 2072 1855 2157 emptis
1886 2071 1994 2155 vjd.
2090 2069 2251 2135 Item
2284 2092 2404 2155 pro
2432 2068 2764 2154 scriptura

437 2154 810 2222 cedularum
839 2171 909 2222 et
951 2158 1421 2244 composicione
1466 2157 1743 2223 duorum
1794 2159 2361 2222 instrumentorum
2404 2170 2471 2221 et
2514 2178 2759 2235 eorum

440 2243 807 2326 signacione
837 2249 923 2309 ν’.
1013 2243 1180 2309 Item
1203 2244 1575 2311 custodibus
1594 2244 2005 2311 ecclesiarum
2024 2256 2091 2309 et
2118 2244 2428 2309 ostiorum
2449 2242 2563 2330 iij·.
2601 2240 2749 2329 iiijfl.

451 2329 718 2396 Summa
747 2330 960 2396 totalis
991 2330 1124 2416 iiij&
1169 2331 1305 2417 iiij·.
1337 2330 1434 2453 ᾖν.

677 2740 948 2786 ccxmx.
999 2741 1252 2786 m‘rssRA
1283 2742 1586 2787 DmncTA
1618 2742 1950 2789 muscol’o
1984 2726 2502 2790 DURBLHBN81.*

1183 2885 1344 2954 [aeg.
1377 2882 1492 2938 111.
1523 2884 1677 2938 rm.
1700 2885 1789 2939 foi.
1824 2890 1892 2947 ἰο
1913 2887 1993 2951 a]

528 3022 956 3089 Reverencias
1010 3044 1200 3108 quam
1249 3020 1514 3087 devotas
1559 3034 1626 3087 et
1671 3024 1981 3089 honorem
2023 3024 2313 3090 debitum
2346 3040 2525 3093 tanto
2546 3032 2753 3115 patri.

437 3108 845 3175 Honorande
874 3122 1080 3194 pater,
1114 3130 1320 3194 nuper
1349 3109 1516 3175 enim
1547 3130 1664 3194 per
1692 3110 2035 3198 quemdam
2058 3113 2443 3179 confratrem
2472 3116 2759 3183 Monas-

436 3194 580 3261 terii
631 3208 871 3261 sanctoe
933 3192 1170 3259 Mariae
1223 3195 1649 3261 Eboracensis
1698 3196 1893 3262 michi
1944 3197 2184 3263 delatas
2238 3215 2478 3267 vestras
2522 3201 2759 3271 literas

431 3281 814 3347 reverendas
842 3282 1220 3366 rescriptum
1263 3282 1685 3367 apostolicum
1735 3284 2132 3351 continentes
2179 3288 2451 3373 inspexi,
2505 3289 2755 3377 quibus

434 3366 780 3455 diligenter
826 3380 894 3430 et
923 3366 1232 3432 maturius
1261 3368 1622 3447 intellectiS,
1656 3368 2173 3437 commissionem
2203 3388 2474 3441 vestram
2506 3376 2573 3439 in
2604 3389 2754 3445 tam

433 3454 639 3519 arduo
691 3465 758 3518 et
803 3452 996 3516 michi
1043 3452 1298 3518 insolito
1345 3454 1620 3539 negocio
1666 3457 1955 3521 senciens
1985 3480 2088 3522 me
2116 3482 2249 3523 non
2279 3484 2470 3547 posse
2500 3463 2751 3531 effectu

435 3536 804 3623 mancipare
840 3538 994 3626 [ita]
1025 3552 1287 3623 propter
1317 3540 1521 3605 varias
1553 3556 1621 3606 et
1651 3541 2031 3627 multiplices
2052 3546 2469 3613 racionabiles
2491 3572 2747 3633 causas,

434 3641 663 3691 vestrae
715 3624 1088 3708 paternitati
1140 3627 1452 3691 senectuti
1501 3649 1666 3693 meae
1716 3630 1902 3713 gravi
1951 3652 2215 3715 parcere
2268 3634 2334 3697 in
2382 3634 2509 3700 hoc
2560 3658 2750 3701 casu.

441 3710 866 3798 Septuaginta
910 3711 1080 3774 enim
1129 3734 1332 3776 annos
1360 3712 1623 3791 habens,
1657 3713 1929 3780 vicissim
1957 3719 2208 3803 magnis
2238 3718 2563 3785 laboribus
2593 3722 2754 3788 fati-

433 3812 624 3887 gatus
654 3796 864 3861 existo
877 3820 898 3873 3
929 3818 1225 3881 magnam
1255 3797 1759 3865 imbecillitatem
1780 3804 2180 3887 corporalem
2204 3806 2494 3890 quotidie
2518 3809 2753 3892 pacior

431 3897 916 3962 accrescentem,
968 3897 1042 3949 ut
1087 3883 1422 3951 evidenter
1466 3899 1734 3971 apparet
1754 3915 1775 3965 3
1820 3889 1957 3953 sine
1986 3912 2219 3975 magna
2247 3892 2419 3955 enim
2452 3897 2754 3979 corporis

430 3971 728 4038 molestia
755 3970 1052 4036 incedere
1083 3992 1212 4035 non
1245 3972 1446 4037 valeo.
1543 3970 1729 4037 Visus
1759 3974 2083 4054 nimirum,
2116 3989 2181 4041 et
2203 3978 2528 4064 praecipue
2556 3983 2755 4047 audi-

437 4072 562 4137 tus,
597 4058 789 4123 michi
817 4058 1098 4145 graviter
1126 4058 1457 4137 deficiunt,
1491 4059 1733 4124 ebescit
1764 4074 1831 4125 et
1860 4061 2183 4147 ingenium
2208 4087 2227 4139 3
2259 4088 2336 4130 ac
2364 4066 2491 4132 alia
2518 4069 2753 4134 multi-

429 4144 626 4232 plicia
655 4144 1004 4211 debilitatis
1035 4160 1102 4216 et
1128 4144 1476 4212 senectutis
1506 4148 1915 4215 incommoda
1936 4149 2467 4221 circumveniunt.
2566 4154 2755 4223 Nec-

507 4348 534 4375 ·
560 4345 692 4397 This
711 4344 871 4397 letter
893 4344 1068 4397 stands
1090 4348 1144 4397 in
1169 4347 1260 4400 the
1283 4348 1531 4415 Reglster
1563 4350 1783 4402 without
1805 4366 1869 4403 an
1895 4350 2117 4413 addi-ess,
2148 4352 2247 4405 but
2278 4355 2325 4405 it
2356 4370 2572 4424 appears
2599 4354 2747 4412 stom

431 4412 659 4467 internal
679 4410 924 4466 evidence
948 4420 1004 4465 to
1020 4412 1152 4466 have
1177 4416 1307 4467 been
1333 4416 1542 4469 written
1567 4423 1621 4469 to
1645 4418 1735 4472 the
1758 4418 1955 4487 Bishop
1978 4420 2053 4474 of„
2064 4420 2321 4475 Durha'm.
