3000 5117
920 478 1338 531 ursumx.
1377 478 1565 529 Aim.
1608 476 1990 530 ucccctv.
2226 452 2577 531 cccxxxiii

263 664 398 709 non
457 640 646 707 Prior
709 638 1168 707 Dunelmensis
1227 662 1314 705 ex
1365 640 1575 727 prima
1622 639 2011 705 fundacione
2058 637 2430 705 monasterii
2480 652 2578 705 est

261 730 585 795 secundus
637 730 721 794 ab
773 726 1098 814 Episcopo
1133 726 1552 792 Dunelmensi
1582 726 1649 792 in
1679 726 1854 791 omni
1884 727 2197 817 dignitate
2228 742 2296 793 et
2334 726 2581 791 honore

269 818 569 894 Abbatis,
618 816 740 881 sub
788 815 1051 880 nomine
1087 813 1346 891 Prioris,
1390 812 1557 878 infra
1593 812 1945 879 Ecclesiam
1979 813 2483 879 Dunelmensem
2515 826 2582 879 et

262 916 478 968 extra.
579 902 666 966 Et
712 900 994 988 dignitas
1050 898 1379 965 Prioratus
1435 899 1915 979 Dunelmensis,
1970 922 2059 966 ex
2110 924 2225 967 sua
2282 899 2583 986 primaria

263 990 689 1067 fundacione,
749 988 949 1053 habet
1003 986 1394 1053 relacionem
1441 986 1526 1052 ad
1580 985 1937 1053 Ecclesiam
1992 988 2467 1055 Eboracensem
2518 987 2582 1050 in

263 1077 448 1141 omni
503 1075 772 1153 honore,
798 1075 1118 1151 libertate,
1161 1085 1484 1161 potestate
1534 1088 1603 1137 et
1647 1073 1989 1161 dignitate,
2026 1074 2299 1140 Decano
2330 1074 2583 1139 Ebora·

263 1164 446 1229 censi
501 1162 1038 1247 competentibus.
1137 1161 1243 1225 Ad
1287 1161 1470 1261 cujus
1520 1160 1781 1247 quidem
1834 1160 2121 1227 ecclesiae
2166 1160 2485 1249 refugium
2517 1162 2582 1225 in

265 1250 577 1315 omnibus
646 1248 962 1333 ambiguis
1029 1260 1099 1312 et
1158 1247 1416 1311 incertis
1472 1248 1970 1332 emergentibus,
2032 1260 2250 1313 nostra
2313 1248 2585 1313 ecclesia

267 1336 688 1402 cathedralis
724 1334 1176 1401 Dunelmensis
1205 1334 1403 1401 habet
1418 1354 1768 1412 recurrere,
1794 1347 1860 1399 et
1883 1356 1999 1421 per
2018 1336 2288 1400 eandem
2312 1334 2539 1399 avisari
2563 1357 2582 1410 3

267 1446 351 1489 eo
381 1422 568 1510 quod
598 1421 882 1507 colligati
915 1442 1132 1486 sumus
1159 1434 1226 1486 et
1257 1420 1653 1485 confederati
1684 1421 1767 1486 ab
1797 1422 2108 1509 antiqu03
2140 1421 2335 1487 nichil
2361 1421 2584 1487 videor

267 1522 686 1611 attemptare,
751 1530 870 1573 nec
928 1509 1162 1585 debeo,
1222 1528 1342 1571 nec
1395 1506 1688 1586 intendo,
1739 1508 1912 1595 quod
1961 1509 2157 1574 dictoe
2209 1508 2585 1574 venerabilis

268 1596 570 1661 ecclesiae
621 1595 1042 1661 Eboracensis
1091 1593 1321 1659 honori
1368 1606 1434 1659 et
1481 1594 1683 1681 quieti
1714 1610 1927 1681 posset
1956 1594 2441 1684 quomodolibet
2468 1596 2587 1661 de·

267 1705 542 1768 rogare3
585 1683 912 1769 quoniam,
965 1681 1016 1745 si
1065 1681 1148 1745 ali
1195 1681 1308 1746 uid
1358 1702 1615 1766 agerem
1666 1682 1727 1745 in
1769 1682 1893 1747 hoc
1940 1684 2210 1769 negocio
2256 1683 2581 1761 ventilato,

268 1770 457 1859 quod
502 1770 706 1855 ipsam
753 1770 1089 1834 ecclesiam
1203 1768 1619 1834 boracensem
1672 1768 1915 1835 directe
1966 1770 2243 1855 respicit,
2278 1783 2585 1858 tanquam

267 1870 548 1943 partem,
581 1868 908 1939 suspectus
928 1854 1132 1939 judex
1161 1868 1229 1919 et
1255 1854 1548 1940 parcialis
1582 1856 1803 1941 procul
1836 1857 2036 1921 dubio
2058 1858 2405 1943 judicarer.
2498 1858 2587 1923 Et

271 1942 747 2019 nichilominus,
812 1939 961 2029 quia
1019 1940 1476 2007 monasterium
1536 1956 1777 2007 sanctas
1840 1944 2074 2009 Mariae
2138 1944 2583 2024 Eboracensis,

271 2032 460 2116 cujus
507 2052 701 2095 causa
735 2028 872 2114 jam
903 2042 1212 2106 versatur,
1247 2042 1315 2093 et
1345 2029 1796 2094 monasterium
1829 2044 2112 2096 nostrum
2147 2032 2587 2097 Dunelmense

271 2128 430 2181 sunt
471 2116 752 2180 e'usdcm
802 2114 1039 2180 ordinis
1079 2128 1145 2179 et
1186 2115 1463 2193 habitus,
1498 2132 1565 2185 et
1597 2138 1713 2181 nos
1742 2117 2121 2183 alterutrum
2154 2118 2501 2197 visitantes,
2534 2120 2588 2183 si

272 2226 436 2290 proc
525 2224 698 2267 erem
743 2201 806 2266 in
855 2200 1236 2291 cognicione
1263 2202 1633 2286 hujusmodi
1664 2224 1895 2281 causae,
1930 2220 2001 2271 ut
2034 2206 2261 2293 judex,
2296 2206 2588 2292 profecto

275 2303 618 2375 suspectus
663 2302 732 2353 et
762 2289 946 2353 nimis
977 2288 1340 2356 favorabilis
1372 2310 1623 2374 possem
1653 2293 1953 2356 recusari.
2052 2292 2392 2373 Quocirca,
2424 2314 2591 2379 proe-

275 2376 492 2442 missis
541 2376 806 2459 singulis
860 2388 1087 2440 vestrae
1141 2374 1479 2440 eminentis
1511 2376 2109 2463 circumspeccionis
2137 2380 2449 2446 industria
2478 2381 2595 2446 de-

278 2465 420 2529 bite
469 2462 909 2539 consideratis,
965 2482 1170 2526 exoro
1200 2476 1475 2527 vestram
1508 2465 1955 2548 paternitatem
1987 2466 2051 2530 in
2084 2466 2321 2552 optatis
2351 2467 2590 2533 habere

278 2572 392 2615 me
429 2560 831 2626 excusatum,
864 2548 1030 2613 sicut
1057 2559 1124 2613 et
1163 2547 1523 2614 Decretum
1552 2550 1734 2616 Sedis
1774 2553 2165 2637 Apostolicae
2194 2554 2590 2619 luculencius

279 2658 389 2701 me
419 2648 709 2714 excusat,
742 2634 934 2699 titulo
979 2645 1026 2679 ‘⁸
1045 2634 1154 2698 Ds
1177 2654 1599 2713 anserum-18,
1619 2640 1694 2703 Sa·
1714 2642 1977 2723 aliqui,”
2002 2638 2066 2702 in
2090 2661 2220 2726 quo
2244 2653 2507 2706 cavetur
2536 2641 2591 2707 si

279 2722 634 2811 aliquando
665 2721 1050 2787 fraternitati
1098 2736 1230 2787 tuae
1259 2722 1500 2810 aliquid
1532 2724 1880 2808 dirigimus,
1912 2748 2062 2827 quae
2091 2728 2375 2794 animum
2405 2750 2593 2793 exas-

279 2832 512 2896 perare
560 2808 882 2887 videntur,
937 2808 1180 2873 turbari
1217 2830 1350 2873 non
1381 2809 1599 2887 debes,
1630 2812 1745 2877 sed
1792 2814 2164 2900 qualitatem
2196 2817 2447 2901 negocii
2474 2838 2595 2902 pro

283 2920 418 2985 quo
448 2896 566 2962 tibi
587 2895 888 2961 scribitur
916 2896 1260 2984 diligenter
1289 2898 1720 2977 considerans,
1750 2912 1865 2965 aut
1896 2902 2271 2968 mandatum
2301 2918 2590 2969 nostrum

283 2995 656 3049 reverenter
699 2982 1070 3067 adimpleas,
1113 2995 1226 3047 aut
1253 3004 1370 3068 per
1414 2984 1626 3050 literas
1657 2998 1819 3065 tum,
1852 3008 2049 3073 quare
2078 2990 2427 3076 adimplere
2458 3014 2590 3057 non

281 3069 510 3156 possis,
542 3068 998 3135 racionabilem
1027 3090 1282 3135 causam
1314 3072 1700 3156 praetendas.
1793 3075 2003 3159 Super
2032 3076 2155 3140 hiis
2182 3088 2250 3141 et
2272 3078 2409 3143 aliis
2426 3080 2593 3147 hanc

283 3155 624 3222 materiam
642 3157 1176 3222 concernentibus
1193 3154 1432 3223 dilecto
1454 3158 1761 3224 confratri
1780 3180 1925 3225 meo
1946 3161 2209 3228 domino
2230 3162 2593 3233 Willielmo

287 3245 516 3321 Seton,
591 3264 791 3311 sacroe
865 3242 1248 3329 Theologioe
1317 3244 1685 3325 bacallario,
1764 3249 2189 3331 praesencium
2310 3254 2589 3332 ortitori,

288 3330 512 3417 aperui
555 3330 809 3416 plenius
854 3343 1141 3396 mentem
1173 3352 1378 3396 meam
1405 3354 1424 3409 3
1456 3332 1559 3396 cui
1590 3356 1673 3398 ex
1700 3348 1887 3419 parte
1918 3358 2065 3401 mea
2093 3336 2159 3401 in
2188 3360 2273 3401 vo
2320 3340 2371 3402 is
2400 3340 2595 3405 refer-

289 3417 472 3482 endis
521 3417 817 3483 auditum
868 3418 1159 3503 praebere
1205 3418 1554 3507 benignum
1604 3434 1673 3485 et
1701 3421 1894 3487 fidem
1927 3424 2258 3489 credulam
2287 3426 2593 3495 adhibere

289 3504 596 3589 dignetur
641 3517 851 3571 vestra
880 3506 1232 3590 paternitas
1263 3507 1653 3583 reverenda3
1684 3530 1877 3595 quam
1908 3512 1993 3575 ad
2023 3511 2279 3577 salubre
2309 3514 2595 3601 regimen

290 3594 506 3693 gregis
536 3592 730 3657 vestri
759 3592 824 3655 in
853 3592 1174 3679 prosperis
1203 3590 1437 3693 dirigat
1465 3606 1533 3657 et
1562 3611 1897 3664 conservet
1928 3598 2211 3665 Trinitas
2234 3599 2592 3672 benedicta.

293 3678 554 3766 Scripta
587 3678 919 3759 Dunelmi,
953 3686 1147 3745 ιιιιιιο
1179 3678 1284 3745 die
1315 3679 1543 3745 mensis
1578 3682 1992 3768 Septembris,
2026 3690 2291 3772 [1455.]
