3000 5117
689 478 1112 531 Arrnnnlx.
1153 480 1340 533 Amr.
1385 482 1884 534 meconium...
2018 500 2028 509 κ
2290 465 2450 538 cxlv

154 662 500 707 marcarum
545 638 628 707 de
688 642 1171 731 quadringentis
1217 643 1396 709 libris
1453 644 1779 730 praedictis
1824 666 1947 730 pro
1992 654 2283 730 tempore
2330 646 2443 711 illo

151 743 344 794 cesset
385 742 453 795 et
495 744 755 794 maneat
800 730 866 793 in
907 751 1252 816 suspens03
1298 744 1365 795 et
1410 731 1613 796 eciam
1660 731 1837 818 quod
1867 744 2209 819 postquam
2240 734 2441 798 iidem

153 815 328 880 Prior
355 828 424 881 et
461 816 837 882 Conventus
867 829 980 882 aut
1009 838 1404 882 successores
1433 820 1530 905 sui
1562 819 1935 903 praedictum
1966 820 2335 899 cantariam,
2370 820 2439 884 in

147 902 342 967 forma
368 902 682 988 praedicta
717 903 1046 969 annuatim
1088 904 1559 983 inveniendam,
1592 928 1709 991 per
1748 905 2057 991 scriptum
2100 930 2286 971 suum
2316 908 2437 972 sub

147 990 344 1074 sigillo
385 1012 508 1055 suo
553 992 876 1056 communi
919 991 1369 1075 obligaverint,
1417 992 1892 1071 ratificaverint,
1924 1006 1991 1058 et
2020 994 2441 1060 confirmave-

148 1079 284 1153 rint,
315 1099 440 1163 pro
483 1100 556 1141 se
597 1091 666 1142 et
709 1078 1178 1143 successoribus
1199 1082 1354 1157 suiS,
1385 1080 1563 1167 quod
1592 1093 1836 1145 extunc
1866 1081 2110 1145 solucio
2140 1081 2443 1168 quadrin-

149 1178 472 1248 gentarum
501 1186 865 1230 marcarum
909 1166 994 1230 de
1033 1179 1178 1230 toto
1205 1180 1432 1241 cesset,
1477 1185 1549 1231 et
1591 1166 1887 1252 praedicti
1936 1166 2124 1232 Prior
2164 1188 2229 1234 et
2263 1169 2441 1233 Con-

149 1270 364 1316 ventus
409 1262 480 1315 et
533 1274 926 1317 successores
967 1251 1064 1317 sui
1109 1252 1192 1317 de
1236 1253 1464 1318 eadem
1524 1276 1773 1319 summa
1823 1255 2439 1355 quadringentarum

149 1359 492 1403 marcarum
537 1338 825 1404 totaliter
868 1357 1323 1404 exonerentur.
1420 1340 1498 1405 In
1545 1343 1725 1426 cujus
1768 1362 1863 1406 rei
1894 1341 2325 1406 testimonium
2356 1342 2441 1406 si-

149 1424 354 1508 gillum
391 1447 609 1489 meum
641 1426 1066 1511 praesentibus
1097 1439 1192 1491 est
1223 1449 1600 1513 appensum.
1693 1430 1873 1495 Data
1901 1428 2074 1513 apud
2110 1430 2439 1494 Braunce-

151 1512 308 1595 path,
369 1526 564 1577 sexto
621 1513 730 1579 die
781 1513 1014 1580 mensis
1069 1512 1256 1592 Maii,
1309 1536 1480 1579 anno
1514 1515 1783 1580 Domini
1846 1513 2187 1581 millesimo
2234 1524 2437 1581 ccc-⁶

153 1600 607 1689 septuagesimo
635 1613 892 1667 octavo.

311 2128 600 2173 cxxvut.
649 2126 903 2173 LITRRA
947 2126 1206 2173 nomml
1254 2128 1519 2175 THOMAE
1564 2130 1915 2175 HATHBLD
1948 2132 2261 2177 El’lscort

310 2214 806 2259 DUNBLMBNSIS
859 2214 1058 2259 HISSA
1119 2216 1397 2261 DOMINO
1459 2217 1707 2263 Pmom
1768 2216 1854 2263 BT
1916 2210 2265 2265 carrum>

307 2302 739 2347 nominamur!
797 2302 1310 2348 DUNELMRNSIS.

975 2468 1140 2539 meg.
1163 2469 1243 2521 11.
1269 2467 1364 2521 tot
1388 2471 1498 2528 ιω.
1523 2470 1603 2534 u}

702 2654 840 2699 PER
873 2652 1270 2699 tuscorum
1302 2654 1862 2705 DUNOLMRNSBM.

233 2804 366 2871 Filii
407 2806 746 2885 carissimi,
780 2828 918 2885 nos,
964 2808 1075 2895 qui
1119 2830 1242 2893 pro
1287 2808 1569 2895 peccatis
1598 2811 1833 2874 nos-tris
1864 2810 2043 2894 juste
2072 2812 2441 2897 affligimur,

156 2904 218 2955 nt
254 2894 595 2960 clamemus
641 2895 726 2959 ad
758 2894 1139 2973 Dominum,
1187 2910 1256 2961 et
1300 2897 1673 2961 invocemus
1718 2898 1999 2981 supremi
2046 2900 2277 2964 medici
2338 2904 2449 2965 in-

156 2976 392 3045 fallibile
434 2982 779 3047 consilium
831 2995 897 3046 et
995 2982 1462 3047 otentissimum
1517 2983 1849 3061 auxilium,
1890 3006 2005 3068 per
2042 2983 2438 3071 Prophetam

156 3064 444 3135 efficacius
491 3069 860 3137 edocemur.
1017 3082 1046 3133 t
1089 3069 1241 3157 quia
1291 3092 1470 3157 spem
1520 3070 1771 3135 firmam
1818 3085 1887 3134 et
1918 3071 2217 3137 fiduciam
2250 3074 2440 3137 indu·-

155 3150 302 3217 biam
351 3155 416 3219 in
460 3156 617 3221 Deo
661 3154 1052 3242 reponimus,
1101 3157 1278 3244 quod
1322 3156 1655 3222 infirmitas
1684 3158 2053 3243 corporaliS,
2088 3182 2301 3247 quam,
2336 3182 2443 3223 re-

156 3240 414 3320 graciato
447 3242 802 3321 AltissimO,
835 3243 1182 3329 pacienter,
1215 3243 1280 3308 in
1312 3260 1623 3331 quantum
1653 3244 1859 3309 carnis
1903 3246 2217 3330 permittit
2239 3247 2441 3332 fragi-

156 3324 300 3405 litas,
331 3331 705 3409 toleramus,
753 3352 874 3417 per
901 3330 1147 3395 Christi
1175 3331 1466 3396 fidelium
1512 3333 1650 3417 pias
1692 3354 1913 3418 preces
1943 3332 2135 3397 cedet
2164 3335 2441 3401 celerius

157 3411 210 3475 in
240 3418 755 3483 emendacionem
809 3419 958 3483 vitoe
1006 3431 1072 3483 et
1111 3419 1344 3483 animae
1373 3433 1637 3497 ,nostrae
1683 3419 1999 3485 salubrius
2037 3421 2103 3484 in
2134 3422 2437 3499 salutern,

157 3516 402 3567 vestram
452 3506 766 3570 sinceram
825 3506 1246 3570 devocionem
1304 3506 1588 3585 filialem,
1643 3529 1833 3594 quam
1890 3520 2194 3595 tanquam
2246 3508 2441 3574 nobis

158 3601 374 3669 gratam
405 3592 638 3657 intimo
667 3592 876 3656 cordis
905 3614 1124 3658 amore
1143 3592 1650 3679 complectimur,
1684 3594 2092 3659 affectuosius
2122 3618 2253 3683 quo
2286 3618 2439 3683 pos-

159 3694 344 3740 sumus
369 3678 603 3743 humili
652 3678 880 3766 spiritu
928 3680 1372 3764 deprecamur,
1429 3680 1748 3767 quatinus,
1782 3682 1853 3743 in
1881 3682 2103 3746 vestris
2135 3685 2337 3747 missis
2368 3696 2440 3748 et

159 3760 276 3825 aliis
301 3764 548 3830 devotis
579 3765 952 3830 oracionum
985 3764 1320 3849 suffiagiis,
1354 3788 1474 3830 nos
1499 3778 1570 3831 et
1600 3780 1841 3832 statum
1870 3782 2153 3833 nostrum
2186 3792 2438 3835 recom-

159 3850 416 3914 mendati
445 3851 802 3935 dignemini
847 3852 1130 3916 corditer
1173 3874 1420 3917 aeterno
1471 3853 1677 3933 Patri,
1706 3866 1775 3919 et
1817 3874 1942 3939 pro
1968 3856 2153 3921 nobis
2186 3848 2441 3944 jugiter

160 3930 526 4002 intercedere
571 3960 768 4023 penes
811 3938 1224 4004 clemenciam
1260 3940 1634 4009 salvatoris,
1732 3940 2076 4007 confrater
2104 3956 2332 4020 vester,
2367 3956 2440 4006 et

162 4020 320 4085 uobis
362 4023 426 4087 in
460 4025 726 4090 Christo
755 4025 1050 4103 dilectus
1081 4027 1416 4092 Johannes
1443 4027 1527 4092 de
1563 4028 1968 4114 Beryngton,
1998 4028 2109 4115 qui
2139 4048 2294 4113 erga
2320 4050 2441 4091 nos

161 4116 214 4167 et
239 4110 558 4175 consilium
587 4127 876 4177 nostrum
923 4135 1042 4200 pro
1075 4114 1370 4199 Collegio
1405 4114 1884 4180 Monachorutn
1916 4128 1982 4177 et
2017 4114 2442 4192 Secularium,

162 4195 310 4276 quod
359 4196 422 4260 in
471 4199 832 4283 profectum
880 4213 948 4265 et
991 4200 1303 4266 honorem
1349 4202 1639 4265 ecclesioe
1680 4212 1919 4265 nostroe
1975 4201 2447 4266 Dunolmensis

161 4281 566 4364 stabilivimus,
589 4286 969 4373 diligencius
987 4287 1336 4357 laudabiles
1367 4287 1666 4373 apposuit
1690 4301 1753 4353 et
1775 4287 2045 4367 laboreS,
2080 4289 2263 4353 vobis
2293 4291 2444 4353 viva

163 4385 300 4432 voce
329 4370 510 4453 plene
559 4373 820 4452 referet,
855 4386 922 4439 et
973 4374 1176 4439 eciam
1233 4376 1298 4438 in
1343 4374 1595 4459 scriptis
1635 4374 1953 4452 ostendet,
1988 4375 2142 4476 quid
2174 4398 2293 4462 per
2324 4398 2447 4440 nos

165 4450 376 4522 factum
403 4458 590 4538 suerit
643 4474 710 4528 et
757 4484 874 4548 per
921 4484 1034 4527 vos
1087 4461 1226 4528 fieri
1275 4462 1569 4545 volumus
1618 4462 1687 4526 in·
1714 4462 2079 4549 praemissis.
2182 4464 2445 4529 Statum

1255 4568 1304 4613 ι
