3000 5117
669 516 678 523 .
757 480 1204 537 munimus
1259 482 1362 533 nn
1415 482 1966 532 coanann.
2422 452 2519 521 23

193 640 642 723 congerebant
665 651 786 729 [et,
821 642 1002 731 qnasi
1027 644 1110 709 ad
1134 642 1549 707 excitandum
1574 640 1955 715 Dominum,
1988 637 2099 727 qui
2126 638 2187 701 in
2216 634 2509 701 navicula

195 748 312 789 sua
348 728 746 805 dormiebat,
782 752 996 795 muros
1041 730 1330 796 ecclesiae
1356 729 1639 816 pungnis
1668 742 1731 793 et
1766 727 1995 815 lapillis
2028 724 2509 803 verberabant.]

201 810 352 876 Non
395 832 555 881 sunt
600 815 830 881 similia
870 817 1208 883 retroactis
1252 816 1647 903 temporibus
1696 815 1759 879 iu
1804 814 2075 879 ecclesia
2110 811 2235 877 Dei
2274 830 2503 895 perpe-

192 914 406 977 tratn3
477 903 772 987 exceptis
846 903 968 967 hiis
1027 927 1173 991 quae
1233 903 1298 967 in
1356 904 1619 969 domino
1681 900 2135 969 Cautuariensi
2196 898 2499 981 leguntur

189 985 488 1072 impleta.
595 990 1074 1057 Recedentibus
1125 991 1322 1079 igitur
1371 990 1687 1055 universis
1734 990 1817 1053 de
1878 988 2165 1063 ecclesia,
2208 981 2496 1069 exceptis

189 1076 434 1156 paucis,
469 1077 774 1141 monachi
797 1078 1014 1143 divina
1044 1078 1341 1165 mysteria
1369 1078 1571 1142 libere
1594 1092 2069 1163 prosequentes,
2104 1089 2168 1139 et
2200 1074 2283 1139 ad
2310 1073 2499 1137 finem

187 1160 516 1226 celebrius
559 1163 752 1228 solito
795 1166 1246 1251 perducenteS,
1279 1164 1595 1251 reliquum
1627 1164 1756 1227 diei
1790 1163 1851 1227 in
1883 1160 2125 1251 guu‘dio
2154 1176 2221 1225 et
2248 1160 2497 1224 exulta-

189 1248 370 1313 tione
419 1250 771 1319 duxeruut.
869 1252 1096 1317 Tertio
1141 1270 1288 1337 post
1329 1251 1470 1317 hoec
1516 1252 1647 1327 die,
1686 1250 2009 1335 Episcopo
2040 1247 2369 1313 ecclesiam
2402 1246 2498 1308 iu-

187 1348 432 1412 trante,
477 1336 820 1403 dicebatur
855 1362 897 1403 a
923 1340 1302 1426 quibusdam
1333 1340 1509 1425 quod
1541 1338 1743 1402 altare
1774 1338 2161 1402 decrevisset
2180 1335 2315 1419 jam
2348 1334 2499 1397 sub-

189 1438 468 1491 vertere.
553 1426 682 1489 Sed
713 1447 847 1491 non
881 1425 972 1490 ita
1000 1426 1298 1515 contigit.
1379 1427 1456 1491 ln
1489 1425 1551 1489 vi
1576 1438 1789 1489 tamen
1820 1440 1887 1487 et
1920 1424 2155 1487 virtute
2184 1420 2495 1486 obedien-

186 1511 296 1572 tiae
343 1509 690 1575 interdixit
733 1513 1084 1590 monachis,
1117 1536 1200 1579 nc
1233 1514 1296 1576 in
1327 1536 1408 1576 eo
1435 1526 1760 1577 canerent.
1854 1512 1941 1576 Et
1988 1511 2245 1597 quidem
2280 1511 2341 1572 in
2375 1507 2492 1571 hiis

184 1596 488 1661 omnibus
543 1620 846 1697 magnum
895 1601 1137 1687 aliquid
1190 1624 1256 1665 se
1297 1602 1505 1700 egisse
1548 1598 1999 1675 arbitrabatur,
2046 1595 2374 1661 monachis
2424 1596 2491 1659 id

183 1682 318 1747 fere
349 1704 476 1768 pro
523 1688 788 1749 minimo
823 1686 1230 1765 habentibus,
1263 1710 1370 1775 qui
1403 1708 1490 1751 ex
1520 1685 2032 1771 oppressionibus
2062 1699 2129 1749 et
2158 1698 2491 1750 contume-

185 1768 286 1832 liis
335 1773 728 1837 nascituram
781 1787 1074 1859 tempore
1125 1796 1244 1839 suo
1289 1788 1573 1859 segetem
1622 1774 1967 1859 sperabant
2012 1769 2491 1837 consolationis.

185 1856 300 1935 [In
355 1859 674 1943 majorum
727 1860 898 1925 enim
944 1862 1322 1949 plerumque
1371 1860 1681 1926 malorum
1730 1876 1891 1925 aestu
1938 1876 2003 1925 et
2046 1882 2347 1945 supremo
2376 1878 2493 1920 ex-

183 1942 486 2027 spirantis
533 1946 688 2009 fidei
733 1948 1040 2026 hanelitu,
1089 1950 1197 2013 ubi
1245 1949 1545 2013 humanae
1590 1946 2031 2013 subventionis
2062 1946 2315 2033 penitus
2345 1945 2491 2009 des·-

183 2046 498 2115 perantur
547 2033 852 2111 subsidia,
903 2036 1232 2120 inopinata
1277 2034 1649 2099 mirabiliter
1700 2035 1909 2099 salute
1962 2034 2239 2099 occurrit
2286 2035 2491 2117 pietus

187 2118 452 2197 Divina,
501 2135 572 2183 et
616 2142 762 2185 cum
793 2121 1060 2209 quisque
1105 2145 1362 2187 suorum
1387 2121 1713 2198 ceciderit,
1748 2144 2005 2186 matium
2040 2144 2121 2185 ne
2150 2121 2495 2187 collidatur

183 2204 550 2291 subponit.]
633 2206 1060 2294 Quamplures
1091 2211 1284 2293 igitur
1314 2208 1615 2295 religiosi,
1642 2224 1707 2273 et
1734 2210 1849 2273 viri
1870 2208 2079 2293 periti,
2108 2220 2135 2296 [
2184 2232 2301 2272 uos
2324 2207 2489 2271 divi·

184 2314 304 2355 nus
349 2292 732 2377 impleverat
777 2318 962 2360 amor
1009 2298 1108 2362 vel
1158 2296 1408 2375 timon}
1437 2310 1791 2361 metuentes
1825 2318 1903 2361 ue
1936 2296 2149 2380 pericu
2179 2318 2291 2359 osa
2320 2307 2487 2359 esset

183 2378 376 2457 aetio,
409 2402 638 2465 pacem
683 2382 852 2447 inter
879 2384 1258 2449 dissidentes
1289 2384 1639 2447 reformare
1670 2383 2071 2467 satagebant.
2170 2382 2299 2446 Sed
2331 2382 2487 2445 dum

183 2466 264 2529 sd
301 2489 442 2531 suae
491 2470 692 2551 partis
735 2470 1176 2536 defensionem
1229 2474 1482 2557 utrique
1530 2470 1865 2555 vigilanter
1910 2470 2385 2545 incumbebant,
2422 2469 2489 2533 id

181 2554 316 2618 sine
343 2553 446 2618 sui
469 2554 636 2640 juris
665 2557 950 2640 periculo
981 2558 1119 2622 fieri
1151 2580 1337 2643 posse
1371 2580 1498 2621 non
1530 2558 1885 2635 credenteS,
1919 2557 2197 2621 consiliis
2228 2556 2485 2619 minime

181 2640 706 2740 adquiescebant.
838 2645 942 2709 Ad
1005 2646 1366 2710 instantiam
1429 2660 1641 2709 tamen
1702 2644 1809 2729 pie
1865 2642 2353 2720 consulentium,
2418 2642 2485 2705 in

177 2728 584 2793 amicabilem
631 2730 892 2795 demum
939 2732 1305 2797 concordioe
1331 2734 1599 2795 lbrmam
1632 2744 2117 2807 convenerunt3
2162 2744 2229 2795 et
2261 2731 2486 2795 sedata

179 2815 462 2901 undique
493 2821 870 2894 [ventorum
915 2833 982 2883 et
1013 2819 1349 2896 fluctuum,
1383 2819 1446 2883 id
1477 2834 1597 2895 est,
1632 2818 1967 2882 verborum
2001 2832 2065 2883 et
2098 2820 2481 2882 tumentium

175 2902 500 2983 cordium]
533 2904 838 2987 procella,
876 2905 1260 2991 [imperante
1293 2905 1605 2981 Domino,
1638 2905 1745 2990 qui
1782 2908 1915 2989 jam
1947 2928 1987 2969 a
2016 2926 2283 2989 sompno
2308 2907 2483 2969 exci-

175 3004 338 3053 tatus
353 2991 774 3075 putabam-,J
803 2991 974 3058 facta
1001 3008 1096 3057 est
1129 2993 1549 3080 tranquillitas
1580 3013 1828 3075 magua.

766 3452 912 3497 csP.
945 3450 1110 3497 xvn.
1164 3450 1252 3492 DE
1284 3449 1561 3492 TEnTus
1594 3448 1901 3495 DECIMIS.

901 3592 1050 3658 [Ms.
1069 3592 1194 3659 Cup.
1218 3606 1413 3654 cxxiv,
1435 3590 1522 3642 fol.
1548 3591 1657 3647 175.
1682 3592 1713 3639 b
1734 3590 1762 3653 1

255 3762 522 3827 Interea
569 3759 750 3844 regio
805 3778 917 3835 per
967 3778 1236 3843 regnum
1273 3753 1529 3841 Angliae
1570 3754 2045 3839 promulgatum
2092 3768 2189 3819 est
2230 3758 2467 3837 edicte,

171 3862 292 3913 tum
345 3873 388 3914 a
441 3846 844 3913 monasteriis
894 3866 1086 3930 quam
1139 3842 1426 3906 ecclesiis
1476 3844 1729 3905 tertiam
1784 3840 2097 3904 decimam
2150 3845 2344 3928 exigi,
2402 3863 2472 3912 et

168 3958 452 4023 quosque
479 3935 874 3999 reluctantes
898 3929 980 3995 ad
1011 3929 1388 3994 solvendum
1421 3927 1581 3991 laica
1612 3926 1916 3991 violentia
1943 3930 2263 4013 compelli.
2344 3933 2475 3997 Ve-

171 4023 466 4087 nex-abilis
514 4043 672 4085 vero
712 4015 1248 4103 Archiepiscopus
1285 4014 1708 4097 Eboracensis
1740 4014 2113 4091 Gaufridus,
2146 4017 2472 4084 ecclesias-

173 4109 308 4173 tieae
337 4109 662 4174 libertatis
679 4120 918 4170 statum
945 4118 1169 4168 nutare
1191 4102 1603 4188 conspiciens,
1638 4114 1703 4165 et
1724 4122 1980 4164 manum
2014 4101 2477 4175 sublevationis

171 4218 487 4281 apponere
517 4196 816 4279 cupiens„
849 4189 1008 4255 solvi
1038 4213 1078 4254 a
1113 4191 1241 4253 suis
1273 4188 1619 4273 prohibuit,
1652 4202 1717 4250 et
1748 4187 2069 4251 solventes
2101 4192 2472 4261 anathema-

175 4286 246 4346 tis
267 4282 618 4349 interdicto
644 4278 1000 4365 supposuit.
1079 4278 1373 4363 Cumque
1397 4276 1633 4351 clerici,
1656 4275 1835 4358 regio
1854 4276 2241 4359 praevalente
2268 4298 2464 4362 metu,

173 4370 459 4437 solutioni
493 4369 838 4447 instarent,
871 4380 938 4431 et
973 4366 1286 4430 voluntati
1318 4385 1414 4429 res
1443 4385 1571 4427 non
1598 4362 1876 4440 cederet,
1912 4364 2158 4429 Gallias
2190 4371 2473 4449 secessit,
