3000 5117
498 480 643 547 152
976 495 1177 545 msr.
1215 492 1570 545 nummu.
1611 491 2070 545 scm-roam
2103 492 2316 545 rans·

494 681 627 723 non
675 658 909 745 potuit.
1008 658 1141 721 Hic
1188 656 1510 741 reparavit
1559 656 1814 720 tertiam
1863 668 2111 741 partem
2161 654 2387 719 Pontis
2421 655 2568 743 [de]
2603 656 2809 743 Tyne

496 769 715 811 versus
786 760 1090 811 austrum.
1209 744 1582 809 Ditissimus
1641 744 2002 808 habebatur
2059 743 2352 807 subditus
2411 766 2528 827 per
2589 758 2808 809 totam

498 835 821 919 Angliam.
916 833 1049 897 Hic
1096 832 1375 896 residens
1422 830 1616 895 curioe
1663 845 1800 895 erat
1845 832 2232 896 constitutus
2264 854 2382 916 per
2419 830 2689 917 Regem,
2729 846 2808 895 ut

494 922 726 988 librum
774 920 1081 985 scriberet
1112 920 1191 983 dc
1224 919 1425 983 totius
1458 919 1556 983 sui
1585 918 1762 1005 regni
1799 931 1968 983 statu
1997 942 2014 994 ;
2062 921 2368 1005 quoniam
2407 919 2571 1008 Regi
2603 932 2808 984 notus

497 1024 631 1073 erat
680 1009 761 1073 ad
807 1008 931 1072 hoc
978 1029 1135 1091 opus
1172 1007 1634 1091 perficiendum
1669 1006 1949 1071 maxime
1980 1006 2293 1083 idoneus3
2340 1029 2532 1093 quem
2565 1006 2808 1072 librum

498 1111 723 1180 postea
786 1096 935 1159 Rex
995 1094 1331 1179 imperavit
1393 1093 1721 1158 Cardinali
1778 1093 2074 1180 Wolsey,
2128 1108 2200 1158 ut
2251 1094 2335 1158 ad
2398 1094 2810 1181 Episcopum

498 1185 725 1263 adiret,
782 1197 850 1247 et
897 1184 1037 1267 ejus
1088 1182 1402 1269 majestati
1456 1181 1826 1246 adduceret.
1917 1180 2298 1267 ,Episcopus
2353 1195 2568 1247 autem
2633 1184 2810 1247 duos

498 1272 959 1355 conscripserat
983 1270 1214 1346 libros3
1246 1292 1445 1334 unum
1472 1266 1825 1333 secundum
1865 1268 2053 1357 Regis
2076 1268 2486 1346 mandatum3
2521 1270 2807 1335 alterum

497 1360 579 1424 de
626 1360 817 1425 rebus
864 1356 1139 1444 propriis
1194 1370 1619 1432 tractantem3
1669 1355 1934 1421 omnino
1980 1379 2160 1441 pares
2208 1369 2271 1421 et
2308 1359 2374 1421 in
2409 1356 2810 1442 tegminibus

499 1446 680 1526 albis,
730 1447 811 1510 de
858 1444 1240 1511 membranis
1288 1444 1634 1529 vulgariter
1677 1446 1902 1511 vellum
1947 1443 2151 1521 dictis,
2185 1444 2416 1531 aequali
2449 1445 2808 1525 volumine,

498 1532 869 1611 constructi,
916 1534 1079 1598 adeo
1112 1547 1182 1598 ut
1212 1534 1374 1597 alter
1420 1534 1502 1597 ab
1531 1532 1739 1596 altero
1769 1532 2031 1595 decerni
2065 1532 2242 1596 nullo
2274 1532 2470 1596 modo
2501 1547 2760 1617 poterat
2787 1557 2810 1609 3

498 1621 609 1708 qui
654 1620 913 1708 quidem
961 1621 1105 1685 libri
1151 1643 1295 1684 cum
1330 1634 1542 1685 essent
1569 1622 1632 1681 in
1667 1641 1907 1682 musaeo
1936 1619 2150 1703 positi,
2184 1616 2436 1684 cuidam
2467 1643 2652 1684 servo
2683 1644 2812 1685 suo

501 1709 565 1771 in
612 1708 913 1773 mandato
966 1708 1321 1793 Episcopus
1367 1708 1566 1785 dedit,
1603 1720 1673 1770 ut
1703 1707 1984 1772 adferret
2013 1707 2131 1771 sibi
2163 1706 2392 1773 librum
2425 1708 2572 1772 alba
2601 1730 2812 1773 mem-

499 1798 706 1861 brana
756 1797 1277 1860 circumcinctum
1310 1820 1325 1871 ;
1376 1819 1569 1882 quem
1620 1817 1765 1857 cum
1825 1795 1880 1857 E
1928 1794 2178 1878 iscopus
2211 1796 2292 1859 ab
2318 1819 2397 1859 eo
2427 1798 2698 1881 accepit,
2733 1811 2810 1860 et

500 1907 631 1948 non
687 1886 1075 1969 inspexerat,
1124 1883 1446 1949 Cardinali
1490 1884 1704 1945 statim
1755 1894 1852 1947 tra
1901 1881 2019 1945 idit
2051 1881 2280 1947 librum
2303 1905 2528 1949 revera
2558 1884 2640 1948 de
2671 1884 2810 1949 suis

502 1972 817 2037 thesauris
868 1985 1291 2047 tractantem3
1340 1971 1677 2059 ignorante
1729 1983 1939 2035 tamen
1987 1970 2110 2035 hoc
2159 1970 2503 2057 Episcopo,
2602 1971 2811 2045 Quod

504 2083 649 2124 cum
702 2058 1088 2144 intelligeret
1140 2057 1519 2133 CardinaliS,
1573 2059 1833 2144 quinam
1880 2073 2045 2122 esset
2081 2056 2265 2136 liber,
2302 2058 2495 2123 tacite
2527 2056 2810 2123 multum

503 2148 845 2212 laetabatur
874 2148 1205 2212 continuo.
1286 2144 1469 2207 Enim
1505 2167 1649 2209 cum
1680 2143 1846 2209 libro
1877 2145 1956 2209 ad
1995 2146 2246 2231 Regem
2275 2146 2558 2222 accessit,
2593 2160 2660 2211 et
2683 2148 2810 2211 sibi

502 2235 704 2312 dedit,
756 2236 1017 2321 ejusque
1072 2232 1215 2298 libri
1268 2254 1581 2297 summam
1633 2233 1919 2297 breviter
1960 2233 2438 2312 demonstravit,
2473 2234 2596 2298 hoc
2635 2234 2811 2321 Regi

504 2344 871 2408 suggerenS,
919 2322 1091 2409 quod
1125 2344 1270 2386 cum
1302 2335 1493 2385 antea
1523 2320 1814 2405 pecuniae
1846 2342 2095 2384 summa
2115 2344 2184 2384 se
2217 2322 2310 2385 uti
2343 2320 2505 2385 velle
2535 2322 2806 2401 dixerit,

504 2434 637 2476 non
684 2432 843 2496 opus
876 2422 1061 2489 esset,
1096 2423 1168 2474 ut
1200 2410 1464 2473 ulterius
1497 2422 1834 2496 quaereret,
1867 2428 2060 2493 quam
2092 2410 2174 2472 ab
2204 2410 2510 2495 episcopo
2545 2409 2812 2475 Thoma

510 2498 797 2577 Ruthall,
854 2498 961 2586 qui
1022 2498 1375 2562 secundum
1438 2510 1730 2561 tenorem
1785 2494 2154 2580 patrimonii
2203 2495 2299 2559 sui
2343 2497 2486 2561 libri
2547 2496 2811 2563 divitias

508 2610 651 2651 suas
708 2585 1059 2651 numeravit
1114 2608 1314 2671 prope
1369 2586 1450 2649 ad
1500 2582 1846 2648 valentiam
1909 2584 2276 2661 100,0001.*
2393 2585 2592 2661 Quod
2653 2608 2806 2650 cum

504 2674 826 2739 intellexit
858 2674 1210 2758 Episcopus
1241 2674 1417 2759 quod
1448 2672 1716 2749 fecisset,
1752 2684 1817 2737 et
1847 2674 2023 2759 quod
2046 2686 2290 2737 rectum
2313 2672 2543 2738 librum
2573 2674 2814 2739 Cardi-

508 2761 636 2825 nali
686 2785 816 2826 non
866 2761 1156 2838 dederat,
1208 2760 1303 2824 rei
1358 2759 1586 2825 dolore
1629 2781 1981 2843 percussuri,
2016 2761 2176 2825 obiit
2213 2761 2594 2839 Londoniae,
2629 2785 2810 2827 anno

514 2849 780 2913 Domini
838 2870 1113 2916 MDxxn.
1213 2849 1369 2913 Post
1424 2848 1604 2933 cujus
1653 2861 1930 2911 mortem
1973 2848 2332 2913 cardinalis
2365 2849 2813 2934 episcopatum

510 2937 1014 3003 Dunelmensem
1036 2936 1228 3021 paulo
1258 2951 1407 3022 post
1436 2959 1477 2999 a
1512 2937 1693 3020 Rege
1725 2935 2018 3000 obtinuit.

599 3026 887 3091 Thomas
926 3024 1186 3101 Castell,
1224 3024 1497 3100 Doctor‚
1550 3042 1798 3088 creatus
1831 3021 1948 3086 fuit
1981 3024 2046 3086 in
2083 3021 2371 3087 Priorem
2408 3023 2818 3089 Dunelmen-

509 3136 643 3178 sem
676 3137 849 3179 anno
885 3112 1151 3177 Domini
1185 3130 1599 3175 mccccxcw.
1655 3124 1720 3173 et
1775 3109 1952 3173 stetit
2003 3110 2066 3172 in
2119 3109 2407 3195 prioratu
2441 3134 2578 3174 xxv
2609 3113 2808 3175 annis.

512 3202 838 3286 Tempore
868 3202 1077 3287 hujus,
1112 3199 1235 3263 hoc
1266 3214 1365 3264 est
1394 3200 1460 3261 in
1491 3220 1662 3261 anno
1695 3197 1965 3261 Domini
1987 3217 2170 3275 Mun,
2195 3220 2413 3262 mense
2449 3222 2598 3264 vero
2628 3200 2815 3278 Julii,

507 3288 679 3353 circa
711 3289 901 3354 Divoe
954 3289 1348 3370 Margaretae
1401 3286 1659 3362 festum,
1695 3306 1997 3371 magnum
2033 3284 2213 3349 Deus
2245 3285 2650 3371 omnipotens
2697 3311 2821 3373 per

508 3398 692 3439 suum
723 3375 1187 3440 sanctissimum
1219 3374 1559 3457 praesulem
1608 3373 2039 3437 Cuthbertum
2085 3372 2151 3436 in
2215 3372 2502 3439 Ricardo
2565 3374 2819 3455 Pooell,

510 3462 736 3549 inclyti
772 3460 1043 3527 Henrici
1086 3460 1281 3545 Regis
1312 3460 1565 3544 septimi
1614 3460 1847 3525 cliente
1877 3474 2070 3547 atque
2103 3459 2396 3527 familiari
2450 3464 2819 3551 obsequen-

514 3550 777 3629 tissim0,
812 3549 1185 3614 miraculum
1214 3562 1517 3633 operatus
1549 3562 1666 3614 est.
1730 3548 1860 3622 Qui
1893 3548 2152 3635 quidem
2189 3547 2525 3627 RicarduS,
2559 3550 2825 3616 insana-

510 3638 623 3703 bili
657 3638 850 3723 longo
882 3650 1193 3723 tempore,
1226 3634 1530 3724 nullaque
1563 3636 1956 3700 medicorum
1983 3650 2143 3713 arte,
2171 3660 2372 3723 opera
2395 3637 2525 3702 sive
2549 3638 2822 3704 scientia

512 3726 799 3805 curabili‚
863 3728 1161 3792 detentus
1208 3722 1611 3809 aegritudine,
1677 3723 1832 3810 quid
1863 3735 2104 3811 ageret,
2138 3746 2348 3811 quove
2408 3748 2476 3790 se
2508 3738 2817 3806 verteret,

509 3818 862 3903 ignorabat.
958 3814 1127 3877 Nam
1158 3814 1292 3897 ejus
1325 3824 1569 3889 venter,
1595 3812 1786 3896 juxta
1838 3810 2068 3889 femur,
2127 3812 2292 3877 adeo
2336 3812 2572 3878 fractus
2621 3828 2824 3915 atque

508 3906 766 3973 inflatus
798 3914 952 3983 erat,
981 3916 1053 3965 ut
1081 3902 1258 3965 nuda
1280 3900 1531 3985 penitus
1559 3900 1911 3984 penderent
1932 3897 2255 3979 intestina,
2279 3922 2425 3987 quae
2449 3902 2611 3966 nihil
2639 3902 2820 3967 ahud

509 3990 744 4080 p'roeter
776 3990 1159 4057 tenuissimae
1204 3988 1526 4074 pelliculae
1558 3987 1959 4051 obstaculum
1989 4008 2294 4073 suspensa
2323 3990 2605 4069 tenebat,
2639 3990 2822 4079 quod

510 4080 729 4148 curiali
762 4080 1039 4169 quodam
1072 4097 1412 4163 oppressus
1444 4075 1712 4161 pudore,
1747 4073 1982 4139 nemini
2013 4076 2299 4141 revelare
2331 4077 2631 4144 audebat.
2687 4078 2820 4142 Eo·

509 4171 661 4234 dem
692 4171 907 4255 itaque
941 4180 1251 4250 tempore,
1300 4165 1537 4250 inclyta
1586 4162 1982 4247 Margareta,
2038 4164 2360 4247 praelibati
2409 4164 2608 4249 Regis
2661 4165 2816 4243 filia,

510 4258 759 4323 Jacobo
799 4258 1141 4319 Scotorum
1178 4252 1345 4338 Regi
1376 4262 1628 4339 quart0,
1663 4250 2003 4338 hymenaeo
2037 4250 2271 4334 juncta
2302 4249 2608 4330 thalam0‚
2659 4255 2820 4318 Sco-

514 4347 667 4411 tiam
741 4342 1101 4416 concessit3
1178 4362 1465 4429 eamque,
1530 4340 1731 4425 patris
1805 4338 2188 4403 serenissimi
2237 4340 2441 4425 jussu,
2503 4340 2816 4425 praefatus

1144 4548 1169 4573 ⁴¹·
1197 4538 1325 4591 This
1349 4554 1466 4591 sum
1490 4540 1669 4593 stands
1693 4556 1831 4607 upon
1857 4556 1922 4593 an
1947 4556 2177 4595 erasure.
