3000 5117
830 461 1230 522 accensus
1282 467 1386 518 m:
1438 461 1957 520 onAYsTAan.
2440 445 2539 528 98

229 634 416 724 quod
446 631 982 718 Archiepiscopus
1012 627 1390 696 electionem
1421 627 1655 694 factam
1686 649 1801 714 per
1829 627 2423 694 excommunicatos
2452 629 2541 694 ab

233 723 380 809 ipso
433 743 570 786 non
614 729 1000 805 acceptaret.
1095 711 1304 780 Priori
1357 737 1511 780 vero
1559 729 1627 780 et
1668 713 1986 800 supprior-i
2015 727 2083 780 et
2112 713 2249 780 aliis
2278 737 2541 781 excom-

233 807 586 874 municatis
643 823 766 893 per
817 803 1396 889 Archiepiscopum
1452 801 1793 868 videbatur
1840 823 2041 886 grave
2098 803 2184 867 ab
2228 801 2541 868 electione

237 895 528 972 excludi,
571 895 854 959 maxime
893 912 1018 977 pro
1043 891 1222 954 bono
1249 888 1426 954 facto
1453 909 1593 954 suo.
1684 887 2055 954 Credebant
2084 887 2257 954 enim
2284 912 2357 956 se
2390 889 2547 955 Deo

240 997 306 1049 et
359 981 654 1048 ecclaeiae
705 1001 842 1044 suae
887 976 1266 1064 obsequium
1313 971 1683 1060 praestitisse
1726 972 1793 1040 in
1820 973 2281 1059 jurisdictionis
2310 997 2543 1063 appre-

239 1069 576 1138 hensione.
667 1065 964 1132 Tandem
1008 1076 1222 1128 tamen
1270 1061 1706 1148 relinquentes
1726 1061 2239 1149 jurisdictionem
2271 1061 2547 1128 Archie-

239 1157 538 1242 piscopo,
587 1163 1050 1218 consenserunt
1105 1147 1293 1214 Prior
1335 1167 1406 1214 et
1447 1147 1747 1234 supprior
1776 1147 2313 1214 excommunicati
2338 1162 2409 1214 et
2436 1148 2547 1214 alii

242 1267 312 1308 se
357 1243 443 1307 ab
495 1240 816 1306 electione
865 1237 1243 1312 absentare3
1285 1233 1440 1299 dum
1487 1247 1705 1300 tamen
1735 1229 1843 1299 alii
1874 1238 2169 1322 majores,
2199 1235 2285 1301 de
2313 1235 2547 1323 quibus

243 1343 384 1395 erat
415 1350 563 1412 spes
585 1325 764 1414 quod
793 1324 878 1390 eli
963 1335 1208 1400 rentur,
1239 1345 1310 1387 se
1337 1343 1485 1386 cum
1508 1321 1601 1386 eis
1622 1323 1865 1406 pariter
1886 1322 2337 1388 absentarent:
2370 1322 2551 1410 quod

245 1430 314 1480 et
363 1415 614 1480 factum
663 1424 784 1477 est.
951 1410 1080 1475 nde
1125 1423 1194 1474 et
1239 1407 1482 1474 electus
1528 1407 1691 1473 hora
1716 1407 2046 1473 electionis
2075 1421 2215 1473 erat
2253 1430 2401 1474 cum
2430 1410 2547 1477 eis..

251 1501 598 1568 Electione
651 1499 842 1575 facta,
895 1510 1044 1562 ante
1087 1494 1647 1560 confirmationem
1678 1493 1931 1582 [electi]
1966 1493 2248 1560 visitavit
2282 1493 2551 1560 Archie-

248 1588 552 1674 piseopus
581 1584 955 1671 Capitulum
983 1583 1444 1659 Dunelmense,
1469 1603 1769 1646 censuras
1787 1582 1873 1646 ab
1894 1603 1979 1646 eo
1996 1581 2157 1646 latas
2181 1581 2505 1648 revocavit
2527 1603 2547 1658 ς

251 1674 686 1758 injunctiones
731 1670 926 1738 etiam
973 1669 1256 1756 poenales
1305 1689 1426 1754 per
1478 1668 1843 1733 Antonium
1883 1667 2089 1735 factas
2136 1668 2449 1738 relaxavit
2482 1683 2551 1734 et

257 1759 552 1826 irritavit.

552 2193 703 2242 CAP.
735 2193 970 2243 xxxlv.
1019 2196 1108 2242 1>ss
1141 2195 1376 2242 rAc‘ns
1408 2196 1615 2242 Rsscts
1646 2197 1872 2244 »mmo
1904 2196 2259 2245 ‘numam

979 2337 1130 2404 [MS-
1154 2339 1280 2406 C'ap.
1302 2351 1519 2392 cmxvu.
1542 2337 1630 2391 fol.
1655 2339 1755 2398 207
1780 2339 1855 2404 b.]

349 2479 642 2545 Instante
708 2477 815 2543 die
889 2477 1243 2556 electionis,
1327 2479 1502 2544 misit
1572 2479 1721 2544 Rex
1796 2479 2116 2545 Comitem
2184 2479 2558 2546 Gloverniae

257 2565 686 2643 Dunelmum,
734 2586 820 2630 ex
863 2579 1045 2650 parte
1085 2563 1279 2649 Regis
1309 2565 1800 2650 supplicantem,
1834 2579 1909 2632 ut
1938 2567 2259 2653 quendam
2288 2589 2557 2632 consano

253 2656 566 2738 guineum
616 2650 910 2716 Antolini
951 2651 1036 2716 de
1069 2650 1326 2736 Pysana
1353 2652 1671 2736 eligerent
1700 2651 1769 2715 in
1801 2651 2215 2738 Episcopum,
2249 2653 2554 2740 alienige-

253 2763 404 2804 nam
455 2754 526 2804 et
577 2738 926 2802 conventui
975 2736 1294 2820 ignotum,
1343 2750 1428 2816 et,
1479 2751 1555 2803 ut
1596 2737 1957 2816 dicebatur,
1991 2753 2186 2806 aetate
2214 2742 2553 2809 minorem.

259 2826 522 2891 Habuit
571 2825 688 2889 iste
738 2837 1178 2908 promotorem
1225 2845 1433 2902 suum,
1480 2823 1593 2911 qui
1637 2823 1853 2888 multis
1894 2823 1979 2890 de
2008 2841 2333 2894 conventu
2378 2831 2557 2897 dona

255 2912 514 2989 obtulit,
561 2913 616 2975 si
645 2910 934 2996 accipere
966 2908 1337 2974 voluissent.
1429 2909 1987 2976 Promittebantur
2014 2913 2209 2978 etiam
2244 2915 2441 2981 Petro
2470 2919 2556 2983 de

255 3001 648 3074 Gaverston,
673 3007 831 3061 tune
865 2994 1030 3082 Regi
1059 2994 1549 3062 familiarissimo
1576 3009 1647 3061 et
1679 2996 1925 3062 Comiti
1958 2998 2328 3080 Cornubioe,
2354 3003 2562 3070 multa

251 3086 562 3151 librarum
609 3082 828 3161 millia,
877 3105 963 3148 eo
1008 3098 1210 3166 pacto
1257 3094 1330 3147 ut
1380 3093 1760 3170 procuraret
1804 3101 1955 3148 eum
1990 3083 2383 3172 Episcopum
2412 3091 2555 3155 fieri

255 3171 790 3238 Dunelmensem.
885 3169 1018 3236 Sed
1061 3167 1358 3234 monachi
1413 3169 1633 3235 Deum
1680 3168 1979 3236 timentes
2026 3177 2129 3252 [et
2178 3173 2380 3260 magis
2424 3197 2561 3260 prae

253 3260 462 3325 oeulis
508 3259 848 3336 habentes,
903 3278 1096 3344 quam
1143 3277 1414 3322 munera
1455 3257 1564 3321 vel
1621 3271 1837 3343 partes
1893 3257 2115 3343 Regis,
2169 3263 2561 3330 monachum

255 3348 620 3433 elegerunt,
683 3359 752 3411 et
808 3365 956 3409 cum
1014 3343 1258 3409 electus
1315 3356 1815 3430 proesentaretur
1872 3344 2061 3434 Regi,
2124 3358 2191 3411 et
2241 3347 2558 3416 niteretur

303 3434 520 3499 uidam
565 3453 878 3498 excusare
905 3448 1320 3508 conventum,
1351 3430 1436 3496 de
1465 3453 1545 3496 eo
1576 3431 1755 3518 quod
1788 3453 1920 3496 non
1950 3431 2288 3499 audierant
2317 3458 2557 3522 praeces

415 3523 487 3600 is,
520 3519 808 3607 allegans
834 3517 1006 3618 quod
1036 3517 1399 3602 alienigena
1426 3532 1495 3583 et
1524 3517 1785 3602 ignotus
1813 3531 1953 3584 erat
1978 3519 2091 3598 eis,
2123 3532 2191 3586 et
2225 3521 2451 3604 minor,
2486 3541 2561 3593 ut

257 3619 669 3695 acceperant,
711 3605 962 3670 adchdit
996 3603 1134 3690 ipse
1175 3603 1346 3682 Rex,
1395 3605 1687 3670 “Adhuc
1714 3605 1901 3690 pejus
1928 3622 2124 3672 restat
2157 3608 2335 3695 quod
2362 3610 2561 3678 frater

265 3692 760 3784 Augustinensis
779 3704 942 3770 erat,
974 3706 1042 3756 et
1070 3703 1400 3776 apostatus
1421 3691 1581 3756 est.'’
1672 3691 1779 3756 Ex
1807 3714 1939 3779 quo
1967 3692 2145 3759 dicto
2172 3709 2353 3780 patet
2382 3701 2563 3785 quod

257 3781 637 3870 frequenter
687 3793 879 3865 rogat
930 3777 1078 3844 Rex
1127 3798 1250 3863 pro
1293 3799 1394 3856 eo,
1445 3777 1624 3865 quod
1654 3799 1787 3843 non
1818 3779 2089 3846 multum
2116 3779 2351 3848 insidet
2378 3787 2563 3851 cordi

259 3871 418 3955 ejus.
517 3868 762 3933 Iterum
811 3887 961 3931 eum
1012 3865 1252 3931 electus
1302 3865 1721 3930 confirmatus
1773 3881 1961 3945 esset,
1992 3879 2370 3953 accepturus
2400 3885 2561 3936 tem-

259 3955 514 4056 poralia
569 3977 614 4020 a
665 3953 873 4042 Rege,
934 3965 1006 4018 et
1064 3951 1212 4017 Rex
1263 3951 1669 4038 disposuerat
1698 3951 1955 4019 mittere
1990 3953 2381 4042 justiciarios
2411 3981 2561 4026 suos

258 4042 637 4109 itinerantes
665 4039 736 4104 in
766 4040 1225 4125 episcopatum,
1255 4039 1549 4106 homines
1576 4039 2006 4125 episcopatuS,
2050 4040 2564 4126 conjecturantes

257 4129 639 4196 vexationes
667 4139 739 4193 et
761 4127 1050 4214 jacturas
1081 4149 1164 4192 ex
1191 4127 1318 4191 hoc
1347 4125 1438 4192 eis
1467 4139 1907 4213 proventuras,
1938 4128 2257 4213 rogabant
2283 4130 2563 4202 electum

261 4232 336 4283 ut
377 4215 896 4304 redemptionem
939 4215 1201 4292 faceret,
1245 4227 1311 4280 et
1339 4213 1458 4300 ipsi
1487 4215 1577 4279 eis
1608 4218 1767 4296 [ita]
1798 4213 2227 4282 retribuerent
2256 4221 2563 4311 quiequid

261 4305 434 4372 circa
462 4305 595 4370 hoc
624 4303 1008 4370 effunderet.
1101 4299 1364 4366 Electus
1410 4323 1566 4367 vero
1595 4300 2117 4369 condescendens
2147 4303 2237 4370 eis
2267 4309 2561 4398 redemp-

259 4393 505 4458 tionem
552 4391 729 4468 fecit,
763 4389 931 4454 datis
961 4388 1132 4453 mille
1168 4388 1416 4467 marcis,
1450 4389 1569 4454 sed
1596 4387 2041 4476 redemptione
2074 4391 2241 4461 facta
2268 4393 2563 4464 homines

261 4479 672 4567 episcopatus
702 4475 996 4548 denarios
1027 4475 1378 4543 retribuere
1409 4475 1825 4558 noluerunt.]
