<?xml version="1.0" encoding="UTF-8"?>
<!DOCTYPE html PUBLIC "-//W3C//DTD XHTML 1.0 Transitional//EN"
    "http://www.w3.org/TR/xhtml1/DTD/xhtml1-transitional.dtd">
<html xmlns="http://www.w3.org/1999/xhtml" xml:lang="en" lang="en">
 <head>
  <title>
</title>
<meta http-equiv="Content-Type" content="text/html;charset=utf-8" />
  <meta name='ocr-system' content='tesseract 3.04.00' />
  <meta name='ocr-capabilities' content='ocr_page ocr_carea ocr_par ocr_line ocrx_word'/>
</head>
<body>
  <div class='ocr_page' id='page_1' title='image "./historiaedunelm00raingoog_0631.png"; bbox 0 0 3000 5117; ppageno 0'>
   <div class='ocr_carea' id='block_1_1' title="bbox 761 474 2561 557">
    <p class='ocr_par' dir='ltr' id='par_1_1' title="bbox 761 474 2561 557">
     <span class='ocr_line' id='line_1_1' title="bbox 761 474 2561 557; baseline 0.003 -10"><span class='ocrx_word' id='word_1_1' title='bbox 761 491 1180 548; x_wconf 66' lang='lat' dir='ltr'><strong>arrmmx.</strong></span> <span class='ocrx_word' id='word_1_2' title='bbox 1222 492 1409 546; x_wconf 66' lang='lat' dir='ltr'><strong>Anu.</strong></span> <span class='ocrx_word' id='word_1_3' title='bbox 1453 489 1918 549; x_wconf 68' lang='lat' dir='ltr'><strong>mccccxcxv.</strong></span> <span class='ocrx_word' id='word_1_4' title='bbox 2184 474 2561 557; x_wconf 78' lang='lat' dir='ltr'>ccclxxxiii</span> 
     </span>
    </p>
   </div>
   <div class='ocr_carea' id='block_1_2' title="bbox 242 656 2582 999">
    <p class='ocr_par' dir='ltr' id='par_1_2' title="bbox 242 656 2582 999">
     <span class='ocr_line' id='line_1_2' title="bbox 242 656 2555 760; baseline 0.003 -38"><span class='ocrx_word' id='word_1_5' title='bbox 242 669 560 723; x_wconf 83' lang='lat' dir='ltr'><strong>consueta</strong></span> <span class='ocrx_word' id='word_1_6' title='bbox 585 658 955 723; x_wconf 83' lang='lat' dir='ltr'><strong>oraeionum</strong></span> <span class='ocrx_word' id='word_1_7' title='bbox 987 656 1293 760; x_wconf 79' lang='lat' dir='ltr'><strong>suffragia</strong></span> <span class='ocrx_word' id='word_1_8' title='bbox 1321 658 1645 743; x_wconf 82' lang='lat' dir='ltr'><strong>perpetuis</strong></span> <span class='ocrx_word' id='word_1_9' title='bbox 1668 660 2063 746; x_wconf 80' lang='lat' dir='ltr'>temporibus</span> <span class='ocrx_word' id='word_1_10' title='bbox 2091 662 2555 747; x_wconf 74' lang='lat' dir='ltr'><strong>persolvemus.</strong></span> 
     </span>
     <span class='ocr_line' id='line_1_3' title="bbox 246 744 2582 837; baseline 0.003 -26"><span class='ocrx_word' id='word_1_11' title='bbox 246 746 330 811; x_wconf 88' lang='lat' dir='ltr'><strong>ln</strong></span> <span class='ocrx_word' id='word_1_12' title='bbox 355 748 540 832; x_wconf 81' lang='lat' dir='ltr'><strong>cnjus</strong></span> <span class='ocrx_word' id='word_1_13' title='bbox 566 746 658 809; x_wconf 86' lang='lat' dir='ltr'><strong>rei</strong></span> <span class='ocrx_word' id='word_1_14' title='bbox 688 744 1120 813; x_wconf 84' lang='lat' dir='ltr'><strong>testimonium</strong></span> <span class='ocrx_word' id='word_1_15' title='bbox 1151 744 1426 831; x_wconf 69' lang='lat' dir='ltr'><strong>sigillum</strong></span> <span class='ocrx_word' id='word_1_16' title='bbox 1480 764 1821 813; x_wconf 85' lang='lat' dir='ltr'><strong>commune</strong></span> <span class='ocrx_word' id='word_1_17' title='bbox 1866 748 2131 835; x_wconf 77' lang='lat' dir='ltr'><strong>capituli</strong></span> <span class='ocrx_word' id='word_1_18' title='bbox 2160 750 2359 815; x_wconf 81' lang='lat' dir='ltr'><strong>nostri</strong></span> <span class='ocrx_word' id='word_1_19' title='bbox 2391 759 2582 837; x_wconf 70' lang='lat' dir='ltr'><strong>pre-³</strong></span> 
     </span>
     <span class='ocr_line' id='line_1_4' title="bbox 242 832 2559 921; baseline 0.003 -26"><span class='ocrx_word' id='word_1_20' title='bbox 242 834 540 897; x_wconf 78' lang='lat' dir='ltr'><strong>sentibus</strong></span> <span class='ocrx_word' id='word_1_21' title='bbox 570 848 672 898; x_wconf 88' lang='lat' dir='ltr'><strong>est</strong></span> <span class='ocrx_word' id='word_1_22' title='bbox 713 855 1090 921; x_wconf 80' lang='lat' dir='ltr'><strong>appensum.</strong></span> <span class='ocrx_word' id='word_1_23' title='bbox 1185 832 1382 910; x_wconf 80' lang='lat' dir='ltr'><strong>Data,</strong></span> <span class='ocrx_word' id='word_1_24' title='bbox 1413 841 1527 911; x_wconf 68' lang='lat' dir='ltr'><strong>etc,</strong></span> <span class='ocrx_word' id='word_1_25' title='bbox 1579 846 1814 921; x_wconf 87' lang='lat' dir='ltr'><strong>quarto</strong></span> <span class='ocrx_word' id='word_1_26' title='bbox 1862 834 2118 901; x_wconf 86' lang='lat' dir='ltr'><strong>decimo</strong></span> <span class='ocrx_word' id='word_1_27' title='bbox 2164 836 2271 903; x_wconf 64' lang='lat' dir='ltr'><strong>die</strong></span> <span class='ocrx_word' id='word_1_28' title='bbox 2318 837 2559 905; x_wconf 77' lang='lat' dir='ltr'><strong>mensis</strong></span> 
     </span>
     <span class='ocr_line' id='line_1_5' title="bbox 246 918 2341 999; baseline 0.006 -16"><span class='ocrx_word' id='word_1_29' title='bbox 246 919 610 999; x_wconf 66' lang='lat' dir='ltr'><strong>Februarii,</strong></span> <span class='ocrx_word' id='word_1_30' title='bbox 635 942 814 986; x_wconf 87' lang='lat' dir='ltr'><strong>anno</strong></span> <span class='ocrx_word' id='word_1_31' title='bbox 857 920 1128 987; x_wconf 83' lang='lat' dir='ltr'><strong>Domini</strong></span> <span class='ocrx_word' id='word_1_32' title='bbox 1155 918 1494 985; x_wconf 83' lang='lat' dir='ltr'><strong>millesimo</strong></span> <span class='ocrx_word' id='word_1_33' title='bbox 1544 929 1793 987; x_wconf 60' lang='lat' dir='ltr'><strong>ccccm</strong></span> <span class='ocrx_word' id='word_1_34' title='bbox 1816 936 1889 989; x_wconf 83' lang='lat' dir='ltr'><strong>et</strong></span> <span class='ocrx_word' id='word_1_35' title='bbox 1913 928 2341 995; x_wconf 48' lang='lat' dir='ltr'><strong>Lxxxxnu‘ss</strong></span> 
     </span>
    </p>
   </div>
   <div class='ocr_carea' id='block_1_3' title="bbox 809 1333 2016 1553">
    <p class='ocr_par' dir='ltr' id='par_1_3' title="bbox 809 1333 2016 1553">
     <span class='ocr_line' id='line_1_6' title="bbox 809 1333 2016 1385; baseline 0.001 -3"><span class='ocrx_word' id='word_1_36' title='bbox 809 1338 1108 1385; x_wconf 78' lang='lat' dir='ltr'><strong>ccxcvu.</strong></span> <span class='ocrx_word' id='word_1_37' title='bbox 1157 1333 1416 1383; x_wconf 63' lang='lat' dir='ltr'><strong>mrum</strong></span> <span class='ocrx_word' id='word_1_38' title='bbox 1459 1334 2016 1383; x_wconf 67' lang='lat' dir='ltr'><strong>Tsss‘rmomams.</strong></span> 
     </span>
     <span class='ocr_line' id='line_1_7' title="bbox 1021 1480 1789 1553; baseline -0.004 -17"><span class='ocrx_word' id='word_1_39' title='bbox 1021 1484 1183 1553; x_wconf 74' lang='lat' dir='ltr'><strong>1Reg.</strong></span> <span class='ocrx_word' id='word_1_40' title='bbox 1208 1481 1313 1535; x_wconf 76' lang='lat' dir='ltr'><strong>IV.</strong></span> <span class='ocrx_word' id='word_1_41' title='bbox 1339 1482 1490 1535; x_wconf 80' lang='lat' dir='ltr'><strong>Parv.</strong></span> <span class='ocrx_word' id='word_1_42' title='bbox 1511 1480 1600 1535; x_wconf 71' lang='lat' dir='ltr'><strong>fol.</strong></span> <span class='ocrx_word' id='word_1_43' title='bbox 1618 1483 1691 1541; x_wconf 75' lang='grc'><strong>37</strong></span> <span class='ocrx_word' id='word_1_44' title='bbox 1712 1480 1789 1551; x_wconf 83' lang='lat' dir='ltr'><strong>b.]</strong></span> 
     </span>
    </p>
   </div>
   <div class='ocr_carea' id='block_1_4' title="bbox 249 1614 2584 4606">
    <p class='ocr_par' dir='ltr' id='par_1_4' title="bbox 249 1614 2584 4606">
     <span class='ocr_line' id='line_1_8' title="bbox 348 1614 2563 1711; baseline 0.001 -23"><span class='ocrx_word' id='word_1_45' title='bbox 348 1614 688 1688; x_wconf 87' lang='lat' dir='ltr'><strong>Universis</strong></span> <span class='ocrx_word' id='word_1_46' title='bbox 722 1620 959 1688; x_wconf 81' lang='lat' dir='ltr'><strong>Christi</strong></span> <span class='ocrx_word' id='word_1_47' title='bbox 987 1620 1286 1688; x_wconf 83' lang='lat' dir='ltr'><strong>fidelibus</strong></span> <span class='ocrx_word' id='word_1_48' title='bbox 1307 1622 1392 1689; x_wconf 85' lang='lat' dir='ltr'><strong>ad</strong></span> <span class='ocrx_word' id='word_1_49' title='bbox 1415 1644 1580 1711; x_wconf 86' lang='lat' dir='ltr'><strong>quos</strong></span> <span class='ocrx_word' id='word_1_50' title='bbox 1610 1640 1892 1708; x_wconf 73' lang='lat' dir='ltr'><strong>praesens</strong></span> <span class='ocrx_word' id='word_1_51' title='bbox 1918 1620 2224 1708; x_wconf 85' lang='lat' dir='ltr'><strong>scriptum</strong></span> <span class='ocrx_word' id='word_1_52' title='bbox 2252 1630 2563 1709; x_wconf 69' lang='lat' dir='ltr'><strong>pe‘rve‘ne-</strong></span> 
     </span>
     <span class='ocr_line' id='line_1_9' title="bbox 249 1708 2563 1795; baseline 0.001 -21"><span class='ocrx_word' id='word_1_53' title='bbox 249 1708 360 1788; x_wconf 82' lang='lat' dir='ltr'><strong>rit,</strong></span> <span class='ocrx_word' id='word_1_54' title='bbox 409 1732 529 1775; x_wconf 90' lang='lat' dir='ltr'><strong>nos</strong></span> <span class='ocrx_word' id='word_1_55' title='bbox 563 1709 870 1787; x_wconf 83' lang='lat' dir='ltr'><strong>Thomas,</strong></span> <span class='ocrx_word' id='word_1_56' title='bbox 901 1708 1316 1795; x_wconf 76' lang='lat' dir='ltr'><strong>permissione</strong></span> <span class='ocrx_word' id='word_1_57' title='bbox 1359 1710 1583 1775; x_wconf 81' lang='lat' dir='ltr'><strong>divina</strong></span> <span class='ocrx_word' id='word_1_58' title='bbox 1628 1708 1816 1774; x_wconf 80' lang='lat' dir='ltr'>Prior</span> <span class='ocrx_word' id='word_1_59' title='bbox 1852 1708 2147 1775; x_wconf 82' lang='lat' dir='ltr'><strong>ecclesiae</strong></span> <span class='ocrx_word' id='word_1_60' title='bbox 2176 1710 2563 1779; x_wconf 76' lang='lat' dir='ltr'><strong>cathedralis</strong></span> 
     </span>
     <span class='ocr_line' id='line_1_10' title="bbox 249 1795 2561 1886; baseline 0.002 -24"><span class='ocrx_word' id='word_1_61' title='bbox 249 1796 738 1875; x_wconf 76' lang='lat' dir='ltr'><strong>DunelmensiS,</strong></span> <span class='ocrx_word' id='word_1_62' title='bbox 767 1796 1042 1863; x_wconf 77' lang='lat' dir='ltr'><strong>salutem</strong></span> <span class='ocrx_word' id='word_1_63' title='bbox 1093 1796 1156 1861; x_wconf 87' lang='lat' dir='ltr'><strong>in</strong></span> <span class='ocrx_word' id='word_1_64' title='bbox 1185 1795 1476 1863; x_wconf 87' lang='lat' dir='ltr'><strong>omnium</strong></span> <span class='ocrx_word' id='word_1_65' title='bbox 1518 1796 1875 1866; x_wconf 77' lang='lat' dir='ltr'><strong>salvatore.</strong></span> <span class='ocrx_word' id='word_1_66' title='bbox 1970 1796 2059 1863; x_wconf 86' lang='lat' dir='ltr'><strong>Et</strong></span> <span class='ocrx_word' id='word_1_67' title='bbox 2086 1798 2239 1886; x_wconf 84' lang='lat' dir='ltr'><strong>quia</strong></span> <span class='ocrx_word' id='word_1_68' title='bbox 2264 1800 2446 1885; x_wconf 84' lang='lat' dir='ltr'><strong>pium</strong></span> <span class='ocrx_word' id='word_1_69' title='bbox 2488 1816 2561 1867; x_wconf 82' lang='lat' dir='ltr'><strong>et</strong></span> 
     </span>
     <span class='ocr_line' id='line_1_11' title="bbox 250 1882 2561 1975; baseline 0.002 -26"><span class='ocrx_word' id='word_1_70' title='bbox 250 1884 652 1950; x_wconf 85' lang='lat' dir='ltr'><strong>meritorium</strong></span> <span class='ocrx_word' id='word_1_71' title='bbox 695 1900 821 1963; x_wconf 63' lang='lat' dir='ltr'><strong>est⁹</strong></span> <span class='ocrx_word' id='word_1_72' title='bbox 867 1884 932 1948; x_wconf 91' lang='lat' dir='ltr'><strong>in</strong></span> <span class='ocrx_word' id='word_1_73' title='bbox 979 1882 1316 1975; x_wconf 82' lang='lat' dir='ltr'><strong>ambiguis,</strong></span> <span class='ocrx_word' id='word_1_74' title='bbox 1361 1897 1435 1951; x_wconf 88' lang='lat' dir='ltr'><strong>et</strong></span> <span class='ocrx_word' id='word_1_75' title='bbox 1475 1884 1590 1951; x_wconf 91' lang='lat' dir='ltr'><strong>ubi</strong></span> <span class='ocrx_word' id='word_1_76' title='bbox 1632 1884 1847 1973; x_wconf 87' lang='lat' dir='ltr'><strong>aliqua</strong></span> <span class='ocrx_word' id='word_1_77' title='bbox 1874 1885 2144 1951; x_wconf 87' lang='lat' dir='ltr'><strong>resultat</strong></span> <span class='ocrx_word' id='word_1_78' title='bbox 2172 1886 2561 1973; x_wconf 69' lang='lat' dir='ltr'><strong>ambiguitas</strong></span> 
     </span>
     <span class='ocr_line' id='line_1_12' title="bbox 251 1970 2565 2057; baseline 0.001 -20"><span class='ocrx_word' id='word_1_79' title='bbox 251 1974 393 2037; x_wconf 82' lang='lat' dir='ltr'><strong>sive</strong></span> <span class='ocrx_word' id='word_1_80' title='bbox 449 1972 740 2050; x_wconf 87' lang='lat' dir='ltr'><strong>dubium,</strong></span> <span class='ocrx_word' id='word_1_81' title='bbox 803 1971 1142 2038; x_wconf 77' lang='lat' dir='ltr'><strong>veritatem</strong></span> <span class='ocrx_word' id='word_1_82' title='bbox 1199 1971 1286 2037; x_wconf 83' lang='lat' dir='ltr'><strong>ad</strong></span> <span class='ocrx_word' id='word_1_83' title='bbox 1344 1971 1559 2037; x_wconf 89' lang='lat' dir='ltr'><strong>lucem</strong></span> <span class='ocrx_word' id='word_1_84' title='bbox 1615 1992 1869 2057; x_wconf 82' lang='lat' dir='ltr'><strong>semper</strong></span> <span class='ocrx_word' id='word_1_85' title='bbox 1908 1970 2254 2053; x_wconf 79' lang='lat' dir='ltr'>deducere,</span> <span class='ocrx_word' id='word_1_86' title='bbox 2300 1988 2370 2040; x_wconf 85' lang='lat' dir='ltr'><strong>et</strong></span> <span class='ocrx_word' id='word_1_87' title='bbox 2409 1996 2565 2040; x_wconf 85' lang='lat' dir='ltr'><strong>cnm</strong></span> 
     </span>
     <span class='ocr_line' id='line_1_13' title="bbox 249 2058 2563 2150; baseline 0.001 -26"><span class='ocrx_word' id='word_1_88' title='bbox 249 2058 626 2145; x_wconf 80' lang='lat' dir='ltr'><strong>petentibus</strong></span> <span class='ocrx_word' id='word_1_89' title='bbox 661 2062 838 2147; x_wconf 82' lang='lat' dir='ltr'><strong>juste</strong></span> <span class='ocrx_word' id='word_1_90' title='bbox 881 2080 1012 2125; x_wconf 83' lang='lat' dir='ltr'><strong>nou</strong></span> <span class='ocrx_word' id='word_1_91' title='bbox 1056 2071 1160 2125; x_wconf 81' lang='lat' dir='ltr'><strong>est</strong></span> <span class='ocrx_word' id='word_1_92' title='bbox 1215 2059 1382 2125; x_wconf 87' lang='lat' dir='ltr'><strong>dene</strong></span> <span class='ocrx_word' id='word_1_93' title='bbox 1429 2058 1635 2125; x_wconf 84' lang='lat' dir='ltr'><strong>andus</strong></span> <span class='ocrx_word' id='word_1_94' title='bbox 1676 2078 1999 2139; x_wconf 74' lang='lat' dir='ltr'><strong>assensus,</strong></span> <span class='ocrx_word' id='word_1_95' title='bbox 2038 2060 2127 2126; x_wconf 88' lang='lat' dir='ltr'><strong>ad</strong></span> <span class='ocrx_word' id='word_1_96' title='bbox 2186 2061 2563 2150; x_wconf 79' lang='lat' dir='ltr'><strong>requisitum</strong></span> 
     </span>
     <span class='ocr_line' id='line_1_14' title="bbox 255 2145 2565 2232; baseline 0.001 -19"><span class='ocrx_word' id='word_1_97' title='bbox 255 2160 322 2213; x_wconf 83' lang='lat' dir='ltr'><strong>ct</strong></span> <span class='ocrx_word' id='word_1_98' title='bbox 369 2146 713 2212; x_wconf 79' lang='lat' dir='ltr'><strong>instantem</strong></span> <span class='ocrx_word' id='word_1_99' title='bbox 757 2160 1056 2231; x_wconf 86' lang='lat' dir='ltr'><strong>rogatum</strong></span> <span class='ocrx_word' id='word_1_100' title='bbox 1090 2145 1386 2213; x_wconf 77' lang='lat' dir='ltr'><strong>venerabi</strong></span> <span class='ocrx_word' id='word_1_101' title='bbox 1414 2170 1467 2213; x_wconf 75' lang='lat' dir='ltr'><strong>is</strong></span> <span class='ocrx_word' id='word_1_102' title='bbox 1512 2158 1580 2213; x_wconf 87' lang='lat' dir='ltr'><strong>et</strong></span> <span class='ocrx_word' id='word_1_103' title='bbox 1622 2145 2065 2232; x_wconf 74' lang='lat' dir='ltr'><strong>circumspecti</strong></span> <span class='ocrx_word' id='word_1_104' title='bbox 2108 2148 2228 2213; x_wconf 82' lang='lat' dir='ltr'><strong>viri</strong></span> <span class='ocrx_word' id='word_1_105' title='bbox 2427 2148 2565 2215; x_wconf 81' lang='lat' dir='ltr'><strong>‘stri</strong></span> 
     </span>
     <span class='ocr_line' id='line_1_15' title="bbox 255 2172 2565 2321; baseline 0.001 -22"><span class='ocrx_word' id='word_1_106' title='bbox 255 2233 450 2299; x_wconf 85' lang='lat' dir='ltr'><strong>Alani</strong></span> <span class='ocrx_word' id='word_1_107' title='bbox 501 2234 820 2321; x_wconf 83' lang='lat' dir='ltr'><strong>Appelby,</strong></span> <span class='ocrx_word' id='word_1_108' title='bbox 862 2233 1158 2321; x_wconf 85' lang='lat' dir='ltr'><strong>perpetui</strong></span> <span class='ocrx_word' id='word_1_109' title='bbox 1199 2234 1418 2300; x_wconf 86' lang='lat' dir='ltr'><strong>vicarii</strong></span> <span class='ocrx_word' id='word_1_110' title='bbox 1463 2232 1753 2301; x_wconf 79' lang='lat' dir='ltr'><strong>ecclesioe</strong></span> <span class='ocrx_word' id='word_1_111' title='bbox 1778 2234 2247 2321; x_wconf 78' lang='lat' dir='ltr'><strong>praebendariae</strong></span> <span class='ocrx_word' id='word_1_112' title='bbox 2274 2236 2360 2301; x_wconf 90' lang='lat' dir='ltr'><strong>de</strong></span> <span class='ocrx_word' id='word_1_113' title='bbox 2393 2172 2565 2303; x_wconf 50' lang='grc' dir='ltr'><strong>ὓστ-</strong></span> 
     </span>
     <span class='ocr_line' id='line_1_16' title="bbox 255 2320 2567 2409; baseline 0.001 -22"><span class='ocrx_word' id='word_1_114' title='bbox 255 2334 392 2400; x_wconf 86' lang='lat' dir='ltr'><strong>ton,</strong></span> <span class='ocrx_word' id='word_1_115' title='bbox 429 2320 884 2386; x_wconf 83' lang='lat' dir='ltr'><strong>Dunelmensis</strong></span> <span class='ocrx_word' id='word_1_116' title='bbox 913 2320 1264 2401; x_wconf 90' lang='lat' dir='ltr'><strong>dioceseos,</strong></span> <span class='ocrx_word' id='word_1_117' title='bbox 1295 2321 1498 2387; x_wconf 79' lang='lat' dir='ltr'><strong>nostri</strong></span> <span class='ocrx_word' id='word_1_118' title='bbox 1529 2320 1877 2387; x_wconf 80' lang='lat' dir='ltr'><strong>testimonii</strong></span> <span class='ocrx_word' id='word_1_119' title='bbox 1898 2322 2253 2389; x_wconf 75' lang='lat' dir='ltr'><strong>subsidium</strong></span> <span class='ocrx_word' id='word_1_120' title='bbox 2330 2323 2389 2388; x_wconf 91' lang='lat' dir='ltr'><strong>ie</strong></span> <span class='ocrx_word' id='word_1_121' title='bbox 2414 2344 2567 2409; x_wconf 78' lang='lat' dir='ltr'><strong>pos-</strong></span> 
     </span>
     <span class='ocr_line' id='line_1_17' title="bbox 259 2407 2565 2497; baseline 0.002 -24"><span class='ocrx_word' id='word_1_122' title='bbox 259 2407 540 2487; x_wconf 81' lang='lat' dir='ltr'><strong>tulantis,</strong></span> <span class='ocrx_word' id='word_1_123' title='bbox 572 2428 692 2495; x_wconf 88' lang='lat' dir='ltr'><strong>pro</strong></span> <span class='ocrx_word' id='word_1_124' title='bbox 711 2431 816 2487; x_wconf 84' lang='lat' dir='ltr'><strong>eo,</strong></span> <span class='ocrx_word' id='word_1_125' title='bbox 841 2424 916 2474; x_wconf 88' lang='lat' dir='ltr'><strong>ut</strong></span> <span class='ocrx_word' id='word_1_126' title='bbox 939 2408 1190 2488; x_wconf 83' lang='lat' dir='ltr'><strong>asserit,</strong></span> <span class='ocrx_word' id='word_1_127' title='bbox 1221 2408 1398 2497; x_wconf 88' lang='lat' dir='ltr'><strong>quod</strong></span> <span class='ocrx_word' id='word_1_128' title='bbox 1429 2408 1641 2475; x_wconf 86' lang='lat' dir='ltr'><strong>minus</strong></span> <span class='ocrx_word' id='word_1_129' title='bbox 1660 2410 1841 2496; x_wconf 86' lang='lat' dir='ltr'><strong>juste</strong></span> <span class='ocrx_word' id='word_1_130' title='bbox 1870 2422 2134 2475; x_wconf 81' lang='lat' dir='ltr'><strong>vexatus</strong></span> <span class='ocrx_word' id='word_1_131' title='bbox 2162 2422 2230 2477; x_wconf 87' lang='lat' dir='ltr'><strong>et</strong></span> <span class='ocrx_word' id='word_1_132' title='bbox 2282 2411 2565 2497; x_wconf 79' lang='lat' dir='ltr'><strong>atigatus</strong></span> 
     </span>
     <span class='ocr_line' id='line_1_18' title="bbox 257 2494 2584 2585; baseline 0.003 -26"><span class='ocrx_word' id='word_1_133' title='bbox 257 2494 452 2563; x_wconf 84' lang='lat' dir='ltr'><strong>fuerit</strong></span> <span class='ocrx_word' id='word_1_134' title='bbox 495 2510 566 2563; x_wconf 85' lang='lat' dir='ltr'><strong>et</strong></span> <span class='ocrx_word' id='word_1_135' title='bbox 601 2510 726 2576; x_wconf 87' lang='lat' dir='ltr'><strong>est,</strong></span> <span class='ocrx_word' id='word_1_136' title='bbox 759 2516 882 2583; x_wconf 85' lang='lat' dir='ltr'><strong>pro</strong></span> <span class='ocrx_word' id='word_1_137' title='bbox 909 2497 1323 2581; x_wconf 87' lang='lat' dir='ltr'><strong>reparacione</strong></span> <span class='ocrx_word' id='word_1_138' title='bbox 1371 2496 1638 2563; x_wconf 86' lang='lat' dir='ltr'><strong>cancelli</strong></span> <span class='ocrx_word' id='word_1_139' title='bbox 1668 2495 1958 2563; x_wconf 72' lang='lat' dir='ltr'><strong>eeclesiae</strong></span> <span class='ocrx_word' id='word_1_140' title='bbox 1988 2498 2071 2563; x_wconf 89' lang='lat' dir='ltr'><strong>de</strong></span> <span class='ocrx_word' id='word_1_141' title='bbox 2104 2498 2363 2563; x_wconf 88' lang='lat' dir='ltr'><strong>Norton</strong></span> <span class='ocrx_word' id='word_1_142' title='bbox 2390 2520 2584 2585; x_wconf 71' lang='lat' dir='ltr'><strong>prae-,</strong></span> 
     </span>
     <span class='ocr_line' id='line_1_19' title="bbox 257 2581 2563 2671; baseline 0.003 -24"><span class='ocrx_word' id='word_1_143' title='bbox 257 2581 474 2663; x_wconf 85' lang='lat' dir='ltr'><strong>dictae,</strong></span> <span class='ocrx_word' id='word_1_144' title='bbox 537 2604 654 2669; x_wconf 81' lang='lat' dir='ltr'><strong>per</strong></span> <span class='ocrx_word' id='word_1_145' title='bbox 702 2583 1160 2671; x_wconf 87' lang='lat' dir='ltr'><strong>prebendarios</strong></span> <span class='ocrx_word' id='word_1_146' title='bbox 1219 2584 1511 2670; x_wconf 85' lang='lat' dir='ltr'><strong>ejusdem</strong></span> <span class='ocrx_word' id='word_1_147' title='bbox 1562 2584 1855 2650; x_wconf 82' lang='lat' dir='ltr'><strong>ecclesiae</strong></span> <span class='ocrx_word' id='word_1_148' title='bbox 1905 2583 2115 2671; x_wconf 83' lang='lat' dir='ltr'><strong>ipsum</strong></span> <span class='ocrx_word' id='word_1_149' title='bbox 2157 2583 2429 2650; x_wconf 85' lang='lat' dir='ltr'><strong>invitum</strong></span> <span class='ocrx_word' id='word_1_150' title='bbox 2472 2586 2563 2653; x_wconf 81' lang='lat' dir='ltr'><strong>ad</strong></span> 
     </span>
     <span class='ocr_line' id='line_1_20' title="bbox 255 2670 2561 2759; baseline 0.002 -25"><span class='ocrx_word' id='word_1_151' title='bbox 255 2670 624 2758; x_wconf 83' lang='lat' dir='ltr'><strong>hujusmodi</strong></span> <span class='ocrx_word' id='word_1_152' title='bbox 656 2672 1131 2757; x_wconf 85' lang='lat' dir='ltr'><strong>reparacionem</strong></span> <span class='ocrx_word' id='word_1_153' title='bbox 1161 2671 1551 2759; x_wconf 81' lang='lat' dir='ltr'><strong>compellere</strong></span> <span class='ocrx_word' id='word_1_154' title='bbox 1581 2671 1889 2752; x_wconf 84' lang='lat' dir='ltr'><strong>volentes,</strong></span> <span class='ocrx_word' id='word_1_155' title='bbox 1910 2671 2057 2737; x_wconf 90' lang='lat' dir='ltr'><strong>licet</strong></span> <span class='ocrx_word' id='word_1_156' title='bbox 2086 2674 2225 2759; x_wconf 86' lang='lat' dir='ltr'><strong>ipse</strong></span> <span class='ocrx_word' id='word_1_157' title='bbox 2246 2684 2363 2738; x_wconf 85' lang='lat' dir='ltr'><strong>aut</strong></span> <span class='ocrx_word' id='word_1_158' title='bbox 2391 2692 2561 2759; x_wconf 80' lang='lat' dir='ltr'><strong>proe·</strong></span> 
     </span>
     <span class='ocr_line' id='line_1_21' title="bbox 257 2758 2563 2847; baseline 0.001 -24"><span class='ocrx_word' id='word_1_159' title='bbox 257 2758 626 2824; x_wconf 83' lang='lat' dir='ltr'><strong>decessores</strong></span> <span class='ocrx_word' id='word_1_160' title='bbox 673 2760 794 2837; x_wconf 86' lang='lat' dir='ltr'><strong>sui,</strong></span> <span class='ocrx_word' id='word_1_161' title='bbox 845 2758 1061 2824; x_wconf 80' lang='lat' dir='ltr'><strong>vicarii</strong></span> <span class='ocrx_word' id='word_1_162' title='bbox 1133 2758 1374 2825; x_wconf 86' lang='lat' dir='ltr'><strong>ibidem</strong></span> <span class='ocrx_word' id='word_1_163' title='bbox 1433 2759 1896 2839; x_wconf 82' lang='lat' dir='ltr'><strong>incumbentes,</strong></span> <span class='ocrx_word' id='word_1_164' title='bbox 1942 2782 1985 2825; x_wconf 91' lang='lat' dir='ltr'><strong>a</strong></span> <span class='ocrx_word' id='word_1_165' title='bbox 2028 2772 2319 2846; x_wconf 85' lang='lat' dir='ltr'><strong>tempore</strong></span> <span class='ocrx_word' id='word_1_166' title='bbox 2376 2760 2563 2847; x_wconf 82' lang='lat' dir='ltr'><strong>cujus</strong></span> 
     </span>
     <span class='ocr_line' id='line_1_22' title="bbox 255 2846 2559 2935; baseline 0.002 -26"><span class='ocrx_word' id='word_1_167' title='bbox 255 2846 558 2911; x_wconf 83' lang='lat' dir='ltr'><strong>contrarii</strong></span> <span class='ocrx_word' id='word_1_168' title='bbox 602 2846 781 2912; x_wconf 88' lang='lat' dir='ltr'><strong>nulla</strong></span> <span class='ocrx_word' id='word_1_169' title='bbox 814 2846 1178 2933; x_wconf 87' lang='lat' dir='ltr'><strong>hujusmodi</strong></span> <span class='ocrx_word' id='word_1_170' title='bbox 1226 2846 1465 2913; x_wconf 76' lang='lat' dir='ltr'><strong>existat</strong></span> <span class='ocrx_word' id='word_1_171' title='bbox 1514 2846 1839 2927; x_wconf 86' lang='lat' dir='ltr'><strong>memoria,</strong></span> <span class='ocrx_word' id='word_1_172' title='bbox 1902 2846 1987 2913; x_wconf 83' lang='lat' dir='ltr'><strong>ad</strong></span> <span class='ocrx_word' id='word_1_173' title='bbox 2042 2847 2239 2913; x_wconf 85' lang='lat' dir='ltr'><strong>talem</strong></span> <span class='ocrx_word' id='word_1_174' title='bbox 2296 2869 2559 2935; x_wconf 83' lang='lat' dir='ltr'><strong>repara-</strong></span> 
     </span>
     <span class='ocr_line' id='line_1_23' title="bbox 254 2933 2561 3035; baseline 0.001 -37"><span class='ocrx_word' id='word_1_175' title='bbox 254 2934 508 2999; x_wconf 85' lang='lat' dir='ltr'><strong>cionem</strong></span> <span class='ocrx_word' id='word_1_176' title='bbox 570 2933 830 2999; x_wconf 87' lang='lat' dir='ltr'><strong>minime</strong></span> <span class='ocrx_word' id='word_1_177' title='bbox 885 2934 1357 3012; x_wconf 82' lang='lat' dir='ltr'><strong>onerabantur3</strong></span> <span class='ocrx_word' id='word_1_178' title='bbox 1417 2956 1612 3021; x_wconf 85' lang='lat' dir='ltr'><strong>super</strong></span> <span class='ocrx_word' id='word_1_179' title='bbox 1658 2956 1791 3035; x_wconf 82' lang='lat' dir='ltr'><strong>qua</strong></span> <span class='ocrx_word' id='word_1_180' title='bbox 1845 2935 2103 3035; x_wconf 85' lang='lat' dir='ltr'><strong>quidem</strong></span> <span class='ocrx_word' id='word_1_181' title='bbox 2146 2935 2561 3021; x_wconf 72' lang='lat' dir='ltr'><strong>repat-acione</strong></span> 
     </span>
     <span class='ocr_line' id='line_1_24' title="bbox 251 3020 2562 3111; baseline 0.002 -26"><span class='ocrx_word' id='word_1_182' title='bbox 251 3022 478 3086; x_wconf 86' lang='lat' dir='ltr'><strong>fienda</strong></span> <span class='ocrx_word' id='word_1_183' title='bbox 505 3035 682 3087; x_wconf 84' lang='lat' dir='ltr'><strong>certa</strong></span> <span class='ocrx_word' id='word_1_184' title='bbox 709 3020 1005 3111; x_wconf 79' lang='lat' dir='ltr'><strong>cognicio</strong></span> <span class='ocrx_word' id='word_1_185' title='bbox 1031 3022 1214 3087; x_wconf 89' lang='lat' dir='ltr'><strong>nullo</strong></span> <span class='ocrx_word' id='word_1_186' title='bbox 1253 3022 1452 3087; x_wconf 90' lang='lat' dir='ltr'><strong>modo</strong></span> <span class='ocrx_word' id='word_1_187' title='bbox 1495 3035 1736 3109; x_wconf 82' lang='lat' dir='ltr'><strong>potent</strong></span> <span class='ocrx_word' id='word_1_188' title='bbox 1780 3022 2067 3107; x_wconf 71' lang='lat' dir='ltr'><strong>adipisci,</strong></span> <span class='ocrx_word' id='word_1_189' title='bbox 2100 3020 2223 3087; x_wconf 85' lang='lat' dir='ltr'><strong>nisi</strong></span> <span class='ocrx_word' id='word_1_190' title='bbox 2260 3044 2375 3107; x_wconf 90' lang='lat' dir='ltr'><strong>per</strong></span> <span class='ocrx_word' id='word_1_191' title='bbox 2402 3046 2562 3089; x_wconf 86' lang='lat' dir='ltr'><strong>con·</strong></span> 
     </span>
     <span class='ocr_line' id='line_1_25' title="bbox 250 3108 2563 3197; baseline 0.003 -26"><span class='ocrx_word' id='word_1_192' title='bbox 250 3108 662 3174; x_wconf 87' lang='lat' dir='ltr'><strong>suetudinem</strong></span> <span class='ocrx_word' id='word_1_193' title='bbox 691 3109 916 3193; x_wconf 80' lang='lat' dir='ltr'><strong>patrioe</strong></span> <span class='ocrx_word' id='word_1_194' title='bbox 961 3110 1285 3189; x_wconf 86' lang='lat' dir='ltr'><strong>usitatam,</strong></span> <span class='ocrx_word' id='word_1_195' title='bbox 1317 3110 1755 3197; x_wconf 83' lang='lat' dir='ltr'><strong>hactenusque</strong></span> <span class='ocrx_word' id='word_1_196' title='bbox 1784 3109 1936 3175; x_wconf 87' lang='lat' dir='ltr'><strong>alibi</strong></span> <span class='ocrx_word' id='word_1_197' title='bbox 1978 3110 2045 3173; x_wconf 92' lang='lat' dir='ltr'><strong>in</strong></span> <span class='ocrx_word' id='word_1_198' title='bbox 2088 3109 2356 3175; x_wconf 86' lang='lat' dir='ltr'><strong>diversis</strong></span> <span class='ocrx_word' id='word_1_199' title='bbox 2399 3111 2563 3177; x_wconf 84' lang='lat' dir='ltr'><strong>locis</strong></span> 
     </span>
     <span class='ocr_line' id='line_1_26' title="bbox 251 3195 2565 3284; baseline 0.003 -24"><span class='ocrx_word' id='word_1_200' title='bbox 251 3195 628 3274; x_wconf 82' lang='lat' dir='ltr'><strong>exercitam,</strong></span> <span class='ocrx_word' id='word_1_201' title='bbox 660 3197 746 3261; x_wconf 88' lang='lat' dir='ltr'><strong>ad</strong></span> <span class='ocrx_word' id='word_1_202' title='bbox 785 3220 980 3284; x_wconf 84' lang='lat' dir='ltr'><strong>quam</strong></span> <span class='ocrx_word' id='word_1_203' title='bbox 1009 3219 1162 3262; x_wconf 85' lang='lat' dir='ltr'><strong>vero</strong></span> <span class='ocrx_word' id='word_1_204' title='bbox 1191 3197 1721 3263; x_wconf 87' lang='lat' dir='ltr'><strong>consuetudinem</strong></span> <span class='ocrx_word' id='word_1_205' title='bbox 1751 3210 1819 3263; x_wconf 88' lang='lat' dir='ltr'><strong>et</strong></span> <span class='ocrx_word' id='word_1_206' title='bbox 1846 3219 2030 3263; x_wconf 86' lang='lat' dir='ltr'><strong>usum</strong></span> <span class='ocrx_word' id='word_1_207' title='bbox 2061 3196 2461 3279; x_wconf 86' lang='lat' dir='ltr'><strong>modernum,</strong></span> <span class='ocrx_word' id='word_1_208' title='bbox 2494 3218 2565 3267; x_wconf 82' lang='lat' dir='ltr'><strong>et</strong></span> 
     </span>
     <span class='ocr_line' id='line_1_27' title="bbox 251 3282 2562 3371; baseline 0.002 -24"><span class='ocrx_word' id='word_1_209' title='bbox 251 3284 612 3369; x_wconf 84' lang='lat' dir='ltr'><strong>praesertim</strong></span> <span class='ocrx_word' id='word_1_210' title='bbox 657 3307 839 3349; x_wconf 88' lang='lat' dir='ltr'><strong>usum</strong></span> <span class='ocrx_word' id='word_1_211' title='bbox 881 3296 1246 3350; x_wconf 87' lang='lat' dir='ltr'><strong>nostrarum</strong></span> <span class='ocrx_word' id='word_1_212' title='bbox 1275 3284 1714 3363; x_wconf 87' lang='lat' dir='ltr'><strong>ecclesiarum,</strong></span> <span class='ocrx_word' id='word_1_213' title='bbox 1746 3305 1965 3371; x_wconf 84' lang='lat' dir='ltr'><strong>ymmo</strong></span> <span class='ocrx_word' id='word_1_214' title='bbox 1994 3282 2395 3365; x_wconf 77' lang='lat' dir='ltr'><strong>vicariatum,</strong></span> <span class='ocrx_word' id='word_1_215' title='bbox 2421 3298 2562 3352; x_wconf 84' lang='lat' dir='ltr'><strong>tota</strong></span> 
     </span>
     <span class='ocr_line' id='line_1_28' title="bbox 249 3369 2559 3457; baseline 0.001 -20"><span class='ocrx_word' id='word_1_216' title='bbox 249 3370 534 3437; x_wconf 84' lang='lat' dir='ltr'><strong>refertur</strong></span> <span class='ocrx_word' id='word_1_217' title='bbox 575 3373 642 3437; x_wconf 90' lang='lat' dir='ltr'><strong>in</strong></span> <span class='ocrx_word' id='word_1_218' title='bbox 687 3372 810 3437; x_wconf 88' lang='lat' dir='ltr'><strong>hac</strong></span> <span class='ocrx_word' id='word_1_219' title='bbox 854 3382 1052 3457; x_wconf 87' lang='lat' dir='ltr'><strong>parte,</strong></span> <span class='ocrx_word' id='word_1_220' title='bbox 1087 3385 1161 3437; x_wconf 89' lang='lat' dir='ltr'><strong>ut</strong></span> <span class='ocrx_word' id='word_1_221' title='bbox 1203 3371 1458 3450; x_wconf 89' lang='lat' dir='ltr'><strong>dicitur,</strong></span> <span class='ocrx_word' id='word_1_222' title='bbox 1483 3369 1754 3437; x_wconf 87' lang='lat' dir='ltr'><strong>materia</strong></span> <span class='ocrx_word' id='word_1_223' title='bbox 1794 3370 1924 3436; x_wconf 85' lang='lat' dir='ltr'><strong>litis</strong></span> <span class='ocrx_word' id='word_1_224' title='bbox 1952 3384 2353 3441; x_wconf 81' lang='lat' dir='ltr'><strong>contestatae.</strong></span> <span class='ocrx_word' id='word_1_225' title='bbox 2445 3374 2559 3439; x_wconf 89' lang='lat' dir='ltr'><strong>Ad</strong></span> 
     </span>
     <span class='ocr_line' id='line_1_29' title="bbox 251 3458 2555 3547; baseline 0.002 -25"><span class='ocrx_word' id='word_1_226' title='bbox 251 3480 450 3547; x_wconf 90' lang='lat' dir='ltr'><strong>quam</strong></span> <span class='ocrx_word' id='word_1_227' title='bbox 511 3460 998 3544; x_wconf 86' lang='lat' dir='ltr'><strong>ambiguitatem</strong></span> <span class='ocrx_word' id='word_1_228' title='bbox 1051 3458 1407 3525; x_wconf 86' lang='lat' dir='ltr'><strong>tollendam</strong></span> <span class='ocrx_word' id='word_1_229' title='bbox 1452 3458 1544 3524; x_wconf 88' lang='lat' dir='ltr'><strong>sic</strong></span> <span class='ocrx_word' id='word_1_230' title='bbox 1588 3458 1963 3524; x_wconf 84' lang='lat' dir='ltr'><strong>deducimus</strong></span> <span class='ocrx_word' id='word_1_231' title='bbox 2024 3480 2139 3545; x_wconf 86' lang='lat' dir='ltr'><strong>per</strong></span> <span class='ocrx_word' id='word_1_232' title='bbox 2181 3473 2555 3547; x_wconf 85' lang='lat' dir='ltr'><strong>praesentes,</strong></span> 
     </span>
     <span class='ocr_line' id='line_1_30' title="bbox 253 3544 2564 3635; baseline 0.002 -25"><span class='ocrx_word' id='word_1_233' title='bbox 253 3546 438 3635; x_wconf 90' lang='lat' dir='ltr'><strong>quod</strong></span> <span class='ocrx_word' id='word_1_234' title='bbox 481 3546 548 3611; x_wconf 92' lang='lat' dir='ltr'><strong>in</strong></span> <span class='ocrx_word' id='word_1_235' title='bbox 593 3545 888 3613; x_wconf 88' lang='lat' dir='ltr'><strong>omnibus</strong></span> <span class='ocrx_word' id='word_1_236' title='bbox 933 3546 1214 3613; x_wconf 85' lang='lat' dir='ltr'><strong>ecclesiis</strong></span> <span class='ocrx_word' id='word_1_237' title='bbox 1259 3546 1518 3625; x_wconf 86' lang='lat' dir='ltr'><strong>nostris,</strong></span> <span class='ocrx_word' id='word_1_238' title='bbox 1550 3544 1737 3611; x_wconf 88' lang='lat' dir='ltr'><strong>nobis</strong></span> <span class='ocrx_word' id='word_1_239' title='bbox 1774 3545 2198 3633; x_wconf 87' lang='lat' dir='ltr'><strong>incorporatis</strong></span> <span class='ocrx_word' id='word_1_240' title='bbox 2226 3548 2564 3627; x_wconf 81' lang='lat' dir='ltr'><strong>canonice-</strong></span> 
     </span>
     <span class='ocr_line' id='line_1_31' title="bbox 253 3632 2559 3722; baseline 0.003 -25"><span class='ocrx_word' id='word_1_241' title='bbox 253 3656 384 3722; x_wconf 86' lang='lat' dir='ltr'><strong>que</strong></span> <span class='ocrx_word' id='word_1_242' title='bbox 437 3634 630 3698; x_wconf 88' lang='lat' dir='ltr'><strong>unitis</strong></span> <span class='ocrx_word' id='word_1_243' title='bbox 674 3647 743 3701; x_wconf 91' lang='lat' dir='ltr'><strong>et</strong></span> <span class='ocrx_word' id='word_1_244' title='bbox 793 3635 1080 3714; x_wconf 85' lang='lat' dir='ltr'><strong>annexis,</strong></span> <span class='ocrx_word' id='word_1_245' title='bbox 1125 3633 1192 3698; x_wconf 92' lang='lat' dir='ltr'><strong>in</strong></span> <span class='ocrx_word' id='word_1_246' title='bbox 1235 3633 1464 3720; x_wconf 87' lang='lat' dir='ltr'><strong>quibus</strong></span> <span class='ocrx_word' id='word_1_247' title='bbox 1509 3632 1593 3699; x_wconf 92' lang='lat' dir='ltr'><strong>ad</strong></span> <span class='ocrx_word' id='word_1_248' title='bbox 1651 3634 2224 3718; x_wconf 74' lang='lat' dir='ltr'><strong>praesentacionem</strong></span> <span class='ocrx_word' id='word_1_249' title='bbox 2275 3649 2559 3704; x_wconf 87' lang='lat' dir='ltr'><strong>nostram</strong></span> 
     </span>
     <span class='ocr_line' id='line_1_32' title="bbox 256 3720 2564 3801; baseline 0.003 -16"><span class='ocrx_word' id='word_1_250' title='bbox 256 3720 484 3786; x_wconf 81' lang='lat' dir='ltr'><strong>vicarii</strong></span> <span class='ocrx_word' id='word_1_251' title='bbox 535 3721 810 3789; x_wconf 80' lang='lat' dir='ltr'><strong>instituti</strong></span> <span class='ocrx_word' id='word_1_252' title='bbox 855 3734 1005 3787; x_wconf 79' lang='lat' dir='ltr'><strong>sunt</strong></span> <span class='ocrx_word' id='word_1_253' title='bbox 1055 3735 1125 3787; x_wconf 87' lang='lat' dir='ltr'><strong>et</strong></span> <span class='ocrx_word' id='word_1_254' title='bbox 1170 3720 1452 3800; x_wconf 83' lang='lat' dir='ltr'><strong>admissi,</strong></span> <span class='ocrx_word' id='word_1_255' title='bbox 1501 3744 1643 3800; x_wconf 86' lang='lat' dir='ltr'><strong>nos,</strong></span> <span class='ocrx_word' id='word_1_256' title='bbox 1676 3735 1750 3786; x_wconf 91' lang='lat' dir='ltr'><strong>ut</strong></span> <span class='ocrx_word' id='word_1_257' title='bbox 1796 3736 2105 3801; x_wconf 86' lang='lat' dir='ltr'><strong>rectores,</strong></span> <span class='ocrx_word' id='word_1_258' title='bbox 2128 3745 2469 3789; x_wconf 88' lang='lat' dir='ltr'><strong>oneramur</strong></span> <span class='ocrx_word' id='word_1_259' title='bbox 2496 3740 2564 3791; x_wconf 85' lang='lat' dir='ltr'><strong>et</strong></span> 
     </span>
     <span class='ocr_line' id='line_1_33' title="bbox 255 3808 2564 3897; baseline 0.001 -23"><span class='ocrx_word' id='word_1_260' title='bbox 255 3822 554 3875; x_wconf 81' lang='lat' dir='ltr'><strong>tenemur</strong></span> <span class='ocrx_word' id='word_1_261' title='bbox 595 3811 680 3875; x_wconf 88' lang='lat' dir='ltr'><strong>ad</strong></span> <span class='ocrx_word' id='word_1_262' title='bbox 724 3810 960 3875; x_wconf 87' lang='lat' dir='ltr'><strong>realem</strong></span> <span class='ocrx_word' id='word_1_263' title='bbox 992 3808 1470 3895; x_wconf 84' lang='lat' dir='ltr'><strong>reparacionem</strong></span> <span class='ocrx_word' id='word_1_264' title='bbox 1497 3808 1949 3887; x_wconf 85' lang='lat' dir='ltr'><strong>cancellorum,</strong></span> <span class='ocrx_word' id='word_1_265' title='bbox 1982 3808 2226 3875; x_wconf 84' lang='lat' dir='ltr'><strong>tociens</strong></span> <span class='ocrx_word' id='word_1_266' title='bbox 2257 3812 2564 3897; x_wconf 83' lang='lat' dir='ltr'><strong>quociens</strong></span> 
     </span>
     <span class='ocr_line' id='line_1_34' title="bbox 253 3896 2559 3984; baseline 0.001 -22"><span class='ocrx_word' id='word_1_267' title='bbox 253 3897 573 3984; x_wconf 81' lang='lat' dir='ltr'><strong>praedicta</strong></span> <span class='ocrx_word' id='word_1_268' title='bbox 617 3897 898 3964; x_wconf 87' lang='lat' dir='ltr'><strong>cancella</strong></span> <span class='ocrx_word' id='word_1_269' title='bbox 947 3896 1246 3963; x_wconf 83' lang='lat' dir='ltr'><strong>minitant</strong></span> <span class='ocrx_word' id='word_1_270' title='bbox 1291 3896 1563 3975; x_wconf 86' lang='lat' dir='ltr'><strong>ruinam,</strong></span> <span class='ocrx_word' id='word_1_271' title='bbox 1618 3912 1731 3963; x_wconf 90' lang='lat' dir='ltr'><strong>aut</strong></span> <span class='ocrx_word' id='word_1_272' title='bbox 1778 3896 2073 3981; x_wconf 81' lang='lat' dir='ltr'><strong>indigent</strong></span> <span class='ocrx_word' id='word_1_273' title='bbox 2119 3897 2559 3982; x_wconf 86' lang='lat' dir='ltr'><strong>reparacione,</strong></span> 
     </span>
     <span class='ocr_line' id='line_1_35' title="bbox 253 3982 2559 4074; baseline 0.001 -25"><span class='ocrx_word' id='word_1_274' title='bbox 253 3998 454 4071; x_wconf 87' lang='lat' dir='ltr'><strong>prout</strong></span> <span class='ocrx_word' id='word_1_275' title='bbox 483 3986 780 4074; x_wconf 83' lang='lat' dir='ltr'><strong>longaeva</strong></span> <span class='ocrx_word' id='word_1_276' title='bbox 805 3984 1204 4051; x_wconf 83' lang='lat' dir='ltr'><strong>consuetudo</strong></span> <span class='ocrx_word' id='word_1_277' title='bbox 1233 3983 1301 4049; x_wconf 90' lang='lat' dir='ltr'><strong>id</strong></span> <span class='ocrx_word' id='word_1_278' title='bbox 1330 3996 1661 4071; x_wconf 83' lang='lat' dir='ltr'><strong>exposcat.</strong></span> <span class='ocrx_word' id='word_1_279' title='bbox 1784 3984 2057 4069; x_wconf 88' lang='lat' dir='ltr'><strong>Insuper</strong></span> <span class='ocrx_word' id='word_1_280' title='bbox 2084 3984 2239 4048; x_wconf 87' lang='lat' dir='ltr'><strong>dum</strong></span> <span class='ocrx_word' id='word_1_281' title='bbox 2282 3982 2559 4051; x_wconf 83' lang='lat' dir='ltr'><strong>vertitur</strong></span> 
     </span>
     <span class='ocr_line' id='line_1_36' title="bbox 253 4070 2563 4161; baseline 0.001 -24"><span class='ocrx_word' id='word_1_282' title='bbox 253 4074 324 4138; x_wconf 88' lang='lat' dir='ltr'><strong>in</strong></span> <span class='ocrx_word' id='word_1_283' title='bbox 349 4072 618 4139; x_wconf 86' lang='lat' dir='ltr'><strong>dubium</strong></span> <span class='ocrx_word' id='word_1_284' title='bbox 648 4096 845 4159; x_wconf 89' lang='lat' dir='ltr'><strong>super</strong></span> <span class='ocrx_word' id='word_1_285' title='bbox 873 4074 1156 4161; x_wconf 85' lang='lat' dir='ltr'><strong>quodam</strong></span> <span class='ocrx_word' id='word_1_286' title='bbox 1179 4072 1420 4158; x_wconf 87' lang='lat' dir='ltr'><strong>scripto</strong></span> <span class='ocrx_word' id='word_1_287' title='bbox 1443 4072 1619 4158; x_wconf 87' lang='lat' dir='ltr'><strong>prius</strong></span> <span class='ocrx_word' id='word_1_288' title='bbox 1646 4082 1927 4149; x_wconf 79' lang='lat' dir='ltr'><strong>ostense,</strong></span> <span class='ocrx_word' id='word_1_289' title='bbox 1959 4070 2106 4150; x_wconf 67' lang='lat' dir='ltr'><strong>viz„</strong></span> <span class='ocrx_word' id='word_1_290' title='bbox 2136 4071 2221 4136; x_wconf 87' lang='lat' dir='ltr'><strong>de</strong></span> <span class='ocrx_word' id='word_1_291' title='bbox 2248 4070 2563 4140; x_wconf 84' lang='lat' dir='ltr'><strong>divisione</strong></span> 
     </span>
     <span class='ocr_line' id='line_1_37' title="bbox 253 4158 2563 4247; baseline 0.001 -22"><span class='ocrx_word' id='word_1_292' title='bbox 253 4161 774 4247; x_wconf 60' lang='lat' dir='ltr'><strong>praebendarum,</strong></span> <span class='ocrx_word' id='word_1_293' title='bbox 825 4161 918 4226; x_wconf 91' lang='lat' dir='ltr'><strong>sic</strong></span> <span class='ocrx_word' id='word_1_294' title='bbox 966 4175 1194 4227; x_wconf 81' lang='lat' dir='ltr'><strong>vestrae</strong></span> <span class='ocrx_word' id='word_1_295' title='bbox 1239 4160 1496 4226; x_wconf 82' lang='lat' dir='ltr'><strong>noticiae</strong></span> <span class='ocrx_word' id='word_1_296' title='bbox 1526 4158 2002 4238; x_wconf 86' lang='lat' dir='ltr'><strong>innotescimus,</strong></span> <span class='ocrx_word' id='word_1_297' title='bbox 2040 4180 2159 4245; x_wconf 87' lang='lat' dir='ltr'><strong>per</strong></span> <span class='ocrx_word' id='word_1_298' title='bbox 2184 4172 2563 4244; x_wconf 81' lang='lat' dir='ltr'><strong>praesentes,</strong></span> 
     </span>
     <span class='ocr_line' id='line_1_38' title="bbox 257 4246 2564 4337; baseline 0 -23"><span class='ocrx_word' id='word_1_299' title='bbox 257 4248 441 4337; x_wconf 90' lang='lat' dir='ltr'><strong>quod</strong></span> <span class='ocrx_word' id='word_1_300' title='bbox 486 4248 614 4314; x_wconf 88' lang='lat' dir='ltr'><strong>tale</strong></span> <span class='ocrx_word' id='word_1_301' title='bbox 645 4250 952 4336; x_wconf 85' lang='lat' dir='ltr'><strong>scriptum</strong></span> <span class='ocrx_word' id='word_1_302' title='bbox 998 4247 1302 4314; x_wconf 77' lang='lat' dir='ltr'><strong>inseritur</strong></span> <span class='ocrx_word' id='word_1_303' title='bbox 1329 4250 1397 4311; x_wconf 91' lang='lat' dir='ltr'><strong>in</strong></span> <span class='ocrx_word' id='word_1_304' title='bbox 1425 4246 1711 4336; x_wconf 88' lang='lat' dir='ltr'><strong>quodam</strong></span> <span class='ocrx_word' id='word_1_305' title='bbox 1741 4247 1907 4312; x_wconf 88' lang='lat' dir='ltr'><strong>libro</strong></span> <span class='ocrx_word' id='word_1_306' title='bbox 1936 4246 2201 4334; x_wconf 88' lang='lat' dir='ltr'><strong>antiquo</strong></span> <span class='ocrx_word' id='word_1_307' title='bbox 2230 4246 2399 4313; x_wconf 87' lang='lat' dir='ltr'><strong>inter</strong></span> <span class='ocrx_word' id='word_1_308' title='bbox 2443 4272 2564 4315; x_wconf 85' lang='lat' dir='ltr'><strong>nos</strong></span> 
     </span>
     <span class='ocr_line' id='line_1_39' title="bbox 259 4334 2565 4425; baseline 0.001 -24"><span class='ocrx_word' id='word_1_309' title='bbox 259 4336 510 4415; x_wconf 80' lang='lat' dir='ltr'><strong>habite,</strong></span> <span class='ocrx_word' id='word_1_310' title='bbox 545 4336 655 4401; x_wconf 92' lang='lat' dir='ltr'><strong>ubi</strong></span> <span class='ocrx_word' id='word_1_311' title='bbox 685 4338 899 4425; x_wconf 81' lang='lat' dir='ltr'><strong>agitur</strong></span> <span class='ocrx_word' id='word_1_312' title='bbox 941 4336 1026 4401; x_wconf 89' lang='lat' dir='ltr'><strong>de</strong></span> <span class='ocrx_word' id='word_1_313' title='bbox 1071 4336 1458 4401; x_wconf 84' lang='lat' dir='ltr'><strong>fundacione</strong></span> <span class='ocrx_word' id='word_1_314' title='bbox 1508 4334 1961 4400; x_wconf 87' lang='lat' dir='ltr'><strong>Dunelmensis</strong></span> <span class='ocrx_word' id='word_1_315' title='bbox 1997 4334 2397 4414; x_wconf 83' lang='lat' dir='ltr'><strong>Monasterii‚</strong></span> <span class='ocrx_word' id='word_1_316' title='bbox 2442 4338 2565 4403; x_wconf 88' lang='lat' dir='ltr'><strong>sub</strong></span> 
     </span>
     <span class='ocr_line' id='line_1_40' title="bbox 259 4421 2565 4510; baseline 0 -21"><span class='ocrx_word' id='word_1_317' title='bbox 259 4423 545 4510; x_wconf 87' lang='lat' dir='ltr'><strong>capitulo</strong></span> <span class='ocrx_word' id='word_1_318' title='bbox 589 4448 700 4491; x_wconf 83' lang='lat' dir='ltr'><strong>seu</strong></span> <span class='ocrx_word' id='word_1_319' title='bbox 745 4424 1000 4490; x_wconf 84' lang='lat' dir='ltr'><strong>rubrica</strong></span> <span class='ocrx_word' id='word_1_320' title='bbox 1042 4424 1126 4489; x_wconf 90' lang='lat' dir='ltr'><strong>de</strong></span> <span class='ocrx_word' id='word_1_321' title='bbox 1169 4422 1655 4489; x_wconf 85' lang='lat' dir='ltr'><strong>introduccione</strong></span> <span class='ocrx_word' id='word_1_322' title='bbox 1719 4421 2189 4490; x_wconf 84' lang='lat' dir='ltr'><strong>Monachorum</strong></span> <span class='ocrx_word' id='word_1_323' title='bbox 2236 4437 2304 4489; x_wconf 87' lang='lat' dir='ltr'><strong>et</strong></span> <span class='ocrx_word' id='word_1_324' title='bbox 2333 4424 2565 4510; x_wconf 80' lang='lat' dir='ltr'><strong>expul-</strong></span> 
     </span>
     <span class='ocr_line' id='line_1_41' title="bbox 261 4508 2567 4606; baseline 0.001 -27"><span class='ocrx_word' id='word_1_325' title='bbox 261 4512 443 4583; x_wconf 87' lang='lat' dir='ltr'><strong>sione</strong></span> <span class='ocrx_word' id='word_1_326' title='bbox 479 4512 897 4595; x_wconf 74' lang='lat' dir='ltr'><strong>secularium,</strong></span> <span class='ocrx_word' id='word_1_327' title='bbox 931 4510 1052 4580; x_wconf 78' lang='lat' dir='ltr'><strong>sub</strong></span> <span class='ocrx_word' id='word_1_328' title='bbox 1099 4526 1321 4595; x_wconf 75' lang='lat' dir='ltr'><strong>tenore</strong></span> <span class='ocrx_word' id='word_1_329' title='bbox 1365 4512 1476 4606; x_wconf 80' lang='lat' dir='ltr'><strong>qui</strong></span> <span class='ocrx_word' id='word_1_330' title='bbox 1504 4508 1815 4600; x_wconf 83' lang='lat' dir='ltr'><strong>sequitur.</strong></span> <span class='ocrx_word' id='word_1_331' title='bbox 1936 4514 2133 4583; x_wconf 83' lang='lat' dir='ltr'><strong>Anno</strong></span> <span class='ocrx_word' id='word_1_332' title='bbox 2162 4512 2245 4579; x_wconf 89' lang='lat' dir='ltr'><strong>ab</strong></span> <span class='ocrx_word' id='word_1_333' title='bbox 2274 4510 2567 4581; x_wconf 87' lang='lat' dir='ltr'><strong>incarna-</strong></span> 
     </span>
    </p>
   </div>
  </div>
 </body>
</html>
