3000 5117
935 548 1311 602 Armmlx.
1363 546 1551 600 mu.
1591 547 1874 602 mour.
2256 526 2551 608 cccclvii

241 714 312 784 in
343 714 541 780 sacri·
571 710 923 790 ministros,
955 735 998 778 a
1039 711 1292 799 reliquo
1333 711 1581 798 populo
1624 731 1740 798 per
1782 709 2102 780 cancellos
2138 714 2423 798 separari
2466 714 2551 782 dc

239 825 424 870 more
469 803 797 878 convenit,
845 823 926 866 ne
971 801 1038 866 in
1087 821 1288 866 unum
1329 799 1484 866 cleri
1532 813 1597 866 et
1624 799 1853 887 populi
1884 799 2153 866 confusa
2200 801 2552 887 permixtio

237 891 574 956 servitium
603 887 894 954 divinum
927 889 1290 974 perturbet,
1321 901 1388 953 et
1409 890 1715 975 quoniam
1744 889 1827 954 ab
1850 901 2124 975 utraque
2152 903 2343 976 parte
2372 889 2554 957 chori

238 979 432 1068 hujus
477 975 764 1044 ecclesiae
809 991 1051 1043 noctroe
1097 975 1562 1042 Dunelmensis
1591 977 1720 1042 hoc
1748 989 2045 1064 tempore
2074 976 2164 1042 sic
2192 977 2415 1044 omnia
2438 999 2554 1064 pa-

239 1079 400 1146 tent,
431 1077 508 1132 ut
537 1065 841 1154 utrinque
869 1067 938 1130 in
967 1065 1240 1130 chorum
1267 1066 1651 1151 irrumpenti
1672 1077 1739 1132 et
1768 1065 2013 1152 aliquid
2036 1066 2119 1132 de
2142 1066 2335 1132 sacris
2360 1069 2552 1132 vesti-

237 1156 365 1222 bus
407 1167 522 1220 aut
573 1154 756 1220 libris
801 1153 868 1218 in
911 1154 1203 1218 absentia
1245 1154 1690 1221 ministrorum
1736 1155 2055 1240 surripere
2100 1154 2345 1220 volenti
2386 1154 2551 1220 nihil

239 1245 480 1322 obstet,
506 1242 844 1308 hortamur
866 1264 981 1308 vos
1009 1241 1238 1307 fratres
1269 1243 1338 1306 in
1358 1241 1647 1308 Domino
1677 1255 1743 1308 et
1770 1263 2128 1322 monemus,
2155 1255 2231 1308 ut
2260 1242 2343 1308 ab
2374 1255 2551 1309 utra-

239 1354 370 1420 que
415 1343 602 1416 parte
643 1329 850 1408 chori,
885 1353 1015 1418 qua
1055 1330 1202 1418 quis
1247 1353 1330 1394 ue
1375 1330 1650 1396 chorum
1695 1330 2032 1397 circumire
2078 1344 2146 1397 et
2186 1331 2389 1397 irrum

241 1421 490 1508 absque
538 1417 1002 1506 impedimento
1061 1431 1130 1484 et
1184 1441 1224 1484 a
1301 1419 1521 1484 taculo
1566 1433 1801 1507 potest,
1856 1419 2125 1485 cancelli
2178 1417 2399 1498 validi,
2444 1419 2551 1485 vel

237 1507 440 1596 lignei
483 1507 588 1572 vel
631 1507 846 1585 ferrei,
879 1519 946 1572 et
989 1509 1058 1572 in
1103 1505 1202 1570 his
1237 1509 1462 1594 januae
1491 1509 1576 1573 ab
1608 1521 1875 1596 utraque
1902 1520 2089 1594 parte
2116 1506 2295 1573 chori
2324 1527 2550 1595 quam·-

235 1594 523 1682 primum
553 1594 624 1660 id
651 1594 992 1661 commode
1021 1595 1164 1660 fieri
1183 1607 1419 1682 potest,
1453 1596 1547 1662 sic
1576 1609 1908 1662 struantur
1928 1591 1996 1662 et
2022 1596 2206 1674 fiant,
2238 1607 2310 1661 ut
2338 1616 2547 1682 popu-

237 1683 338 1748 lus
391 1697 582 1748 extra
623 1697 878 1771 tempus
931 1682 1181 1750 servicii
1228 1683 1430 1750 divini
1475 1687 1733 1769 penitus
1762 1696 2060 1750 arceatur
2104 1685 2409 1772 utrinque
2460 1683 2547 1750 ab

239 1771 534 1858 ingressu
581 1785 646 1838 et
693 1771 968 1838 circuitu
1015 1771 1221 1850 chori,
1320 1772 1825 1839 uemadmodum
1856 1771 2169 1852 Londini,
2202 1773 2269 1836 in
2314 1793 2550 1860 magna

237 1859 383 1926 aede
413 1859 546 1926 divi
581 1860 792 1937 Pauli,
825 1860 1032 1927 simile
1061 1882 1225 1946 opus
1293 1876 1509 1926 actum
1553 1873 1671 1940 est,
1704 1873 1779 1926 ut
1806 1881 2197 1948 quamquam
2226 1859 2409 1926 navis
2440 1881 2547 1925 ec-

233 1947 454 2014 clesiae
483 1949 784 2015 omnibus
813 1949 992 2014 omni
1023 1963 1320 2034 tempore
1352 1951 1547 2015 etiam
1576 1963 1762 2014 extra
1790 1963 2041 2035 tempus
2072 1947 2325 2012 servicii
2346 1947 2547 2014 divini

235 2049 478 2122 pateat,
511 2035 746 2102 chorus
777 2053 991 2102 tamen
1015 2051 1083 2102 et
1111 2037 1282 2102 circa
1303 2059 1450 2103 eum
1479 2038 1762 2103 ambitus
1791 2058 2044 2123 semper
2073 2036 2329 2102 clausus
2360 2049 2546 2103 extra

235 2139 498 2226 tempus
557 2125 1008 2191 celebrationis
1073 2124 1432 2190 divinorum
1504 2137 1788 2204 maneat,
1856 2147 1988 2213 quo
2062 2139 2356 2212 tempore
2431 2146 2547 2210 per

237 2226 534 2278 sacristas
569 2216 792 2302 januae
837 2212 1070 2298 aperiri
1121 2225 1189 2277 et
1235 2229 1384 2299 post
1429 2227 1694 2301 peracta
1736 2235 1918 2280 sacra
1946 2215 2181 2279 iterum
2210 2212 2439 2286 claudi,
2476 2225 2547 2278 et

237 2301 564 2388 repagulis
653 2303 903 2368 obstrui
989 2301 1276 2388 serisque
1357 2315 1424 2368 et
1504 2303 1791 2367 clavibus
1872 2302 2151 2368 firmiter
2258 2301 2547 2367 obserari

233 2407 561 2476 possunt3
651 2391 720 2454 id
797 2389 977 2477 quod
1059 2391 1126 2454 in
1207 2389 1498 2456 futurum
1574 2411 1825 2476 semper
1888 2392 2221 2456 observari
2280 2390 2547 2456 manda-

233 2498 404 2547 mus.
531 2477 882 2556 Praeterea,
967 2478 1541 2567 quemadmodum,
1639 2479 1995 2543 secundum
2086 2479 2308 2544 divum
2374 2477 2544 2543 Pau-

233 2566 394 2645 lum,
427 2566 540 2653 qui
585 2565 652 2630 in
697 2565 980 2632 sacrario
1023 2579 1372 2650 operantur
1402 2587 1549 2654 quae
1580 2565 1665 2630 de
1709 2567 1990 2632 sacrario
2038 2579 2189 2630 sunt
2218 2565 2440 2644 edunt,
2474 2579 2541 2630 et

231 2656 350 2742 qui
381 2653 572 2720 altari
596 2654 970 2720 deserviunt
987 2654 1070 2719 de
1095 2655 1280 2720 altari
1299 2654 1706 2742 participant,
1726 2653 1818 2720 ita
1834 2654 2165 2719 contrario
2186 2675 2297 2719 eos
2320 2652 2435 2740 qui
2456 2653 2543 2718 de

231 2743 518 2807 sacrario
562 2742 766 2808 edunt
811 2742 878 2807 in
925 2743 1204 2809 sacrario
1251 2744 1507 2828 operari
1550 2741 1791 2809 debere
1834 2743 2159 2821 convenit,
2206 2754 2273 2807 et
2318 2740 2545 2830 quide

233 2829 423 2896 altari
452 2829 844 2918 participant
865 2831 1056 2896 altari
1081 2831 1402 2897 deservire
1421 2832 1621 2896 decus
1643 2845 1713 2896 et
1740 2851 1859 2916 par
1882 2845 1999 2910 est,
2030 2851 2311 2917 cumque
2342 2828 2545 2896 eccle-

229 2919 328 2984 sia
355 2933 578 2985 nostra
612 2919 1066 2984 Dunelmensis
1099 2919 1398 2986 ecclesias
1427 2919 1663 2984 multas
1692 2919 1938 2985 rurales
1968 2919 2088 2983 sibi
2118 2939 2451 2984 concessas
2475 2919 2543 2984 in

232 3007 532 3094 proprios
580 3029 732 3072 usus
777 3006 1089 3093 possidet,
1121 3029 1206 3072 ex
1249 3027 1525 3095 quarum
1556 3007 1821 3072 decimis
1852 3008 2085 3072 uberes
2114 3007 2360 3073 fructus
2389 3029 2539 3093 per·-

232 3094 412 3182 cipit,
469 3093 690 3159 divino
728 3095 876 3181 jure
931 3095 1318 3160 conveniens
1371 3109 1470 3160 est
1515 3111 1588 3160 ut
1634 3117 1753 3180 pro
1782 3095 2229 3182 corporalibus
2274 3095 2538 3160 decimis

232 3205 392 3269 quas
439 3183 521 3247 ab
569 3182 692 3247 illis
741 3183 824 3248 ad
873 3205 1218 3270 corporum
1261 3183 1501 3248 victum
1532 3183 1913 3270 ampliorem
1946 3183 2315 3270 accipimuS,
2350 3182 2541 3270 spiri-

235 3271 442 3335 tuales
474 3270 698 3356 epulas
731 3273 908 3336 verbi
954 3269 1089 3336 Dei
1142 3271 1410 3360 singulis
1441 3271 1623 3337 annis
1653 3293 1875 3336 earum
1907 3271 2245 3337 animabus
2274 3293 2539 3358 pascen-

233 3357 334 3422 dis
360 3357 835 3445 impendamuS,
863 3381 946 3423 ne
968 3381 1239 3448 gregem
1262 3358 1536 3424 Domini
1556 3359 1759 3444 magis
1790 3381 2029 3445 cupere
2051 3360 2322 3425 tondere
2346 3382 2539 3447 quam

231 3469 496 3531 pascere
525 3447 881 3512 videamur.
977 3446 1132 3524 Quo
1162 3447 1350 3526 circa,
1383 3447 1611 3512 {ratres
1640 3447 2019 3524 charissimi,
2040 3471 2155 3514 vos
2186 3449 2251 3513 in
2284 3447 2542 3513 visceri-

231 3534 356 3599 bus
388 3533 546 3600 Jesu
577 3534 821 3601 Christi
851 3534 1204 3614 hortamur,
1239 3549 1311 3600 ut
1341 3535 1404 3598 in
1435 3535 1704 3624 singulis
1736 3535 1861 3600 illis
1893 3537 2180 3602 ecclesiis
2210 3539 2295 3603 ad
2324 3536 2540 3603 Deca-

231 3645 392 3686 num
422 3635 488 3688 et
521 3623 894 3710 Capitulum
930 3637 1214 3688 vestrum
1246 3624 1744 3710 pertinentibus,
1777 3647 2045 3712 quarum
2080 3625 2230 3691 estis
2260 3627 2539 3712 patroni,

233 3731 461 3776 semen
496 3714 676 3777 verbi
697 3711 824 3776 Dei
857 3713 952 3776 sin
1001 3711 1120 3775 ulis
1152 3710 1332 3775 annis
1365 3725 1657 3796 tempore
1688 3734 1979 3801 congruo
2010 3727 2075 3778 et
2102 3714 2445 3800 presertim
2476 3716 2541 3778 in

232 3798 730 3888 quadragesima
787 3821 906 3884 per
979 3809 1321 3886 requentes
1369 3799 1737 3878 conciones,
1773 3801 1876 3864 vel
1921 3822 2037 3885 per
2083 3825 2197 3866 vos
2241 3803 2411 3886 ipsos
2441 3803 2544 3865 vel

232 3909 352 3973 per
398 3887 558 3952 alios
613 3899 826 3951 vestra
885 3909 1040 3951 cura
1084 3900 1150 3952 et
1193 3885 1513 3951 industria
1582 3887 1953 3965 mittendoS,
2006 3889 2179 3973 apud
2225 3889 2541 3974 populum

232 3974 568 4040 habendas
615 3974 959 4052 seminetiS,
992 3996 1074 4038 ne
1105 3987 1375 4061 propter
1404 3974 1726 4040 defectum
1767 3973 2083 4039 doctrinae
2113 3974 2178 4039 in
2211 3976 2271 4040 le
2319 4000 2354 4040 e
2389 3976 2540 4055 Dei,

227 4083 400 4148 grex
451 4061 712 4140 Christi,
767 4062 1009 4148 pabulo
1059 4063 1208 4130 vitae
1259 4083 1390 4126 non
1443 4075 1684 4147 pastuS,
1737 4085 1850 4146 per
1894 4063 2128 4127 famem
2176 4087 2290 4128 ver
2337 4066 2358 4128 i
2414 4064 2547 4130 Dei

231 4151 447 4236 perire
478 4150 544 4214 in
574 4152 932 4216 animarum
973 4167 1329 4215 vestrarum
1363 4172 1558 4238 grave
1584 4149 1939 4235 periculum
1972 4166 2260 4239 cogatur.
2326 4155 2546 4240 Atque

231 4239 383 4304 ideo
415 4251 487 4304 ut
517 4239 815 4304 ecclesias
847 4261 1091 4318 omneS,
1125 4259 1398 4325 quarum
1443 4239 1596 4302 estis
1627 4239 1911 4323 patroni,
1947 4241 2265 4324 spirituali
2299 4242 2548 4326 pabulo

231 4327 588 4412 pascendas
621 4327 882 4405 curetis,
905 4328 968 4390 in
1004 4327 1236 4393 virtute
1268 4339 1508 4391 sanetae
1533 4324 1921 4390 obedientiae
1941 4328 2123 4392 vobis
2148 4327 2543 4418 injungimus

232 4427 298 4479 et
330 4416 735 4481 mandamus·
829 4414 936 4480 Ad
969 4414 1132 4494 haec,
1167 4414 1318 4502 quia
1347 4435 1574 4498 nuper,
1607 4414 2089 4500 perversissima
2113 4416 2235 4480 hae
2261 4429 2545 4504 tempes-

229 4515 385 4583 tate,
420 4504 805 4569 labefactata
827 4501 1072 4568 Christi
1102 4503 1256 4582 fide,
1282 4501 1577 4566 nonnulli
1608 4502 1876 4568 heretici
1909 4525 2040 4568 non
2072 4505 2268 4568 modo
2298 4505 2548 4591 reliqua

230 4605 637 4658 sacramenta
665 4613 968 4678 spernere
999 4593 1115 4659 sed
1137 4613 1364 4744 manui,
1388 4589 1583 4656 etiam
1603 4589 1947 4658 sceleratas
1972 4589 2039 4656 in
2073 4606 2543 4662 sacramentum

1395 4699 1442 4742 e
