3000 5117
801 523 1219 578 Arrsnmx.
1261 523 1448 576 Amr.
1491 523 1837 580 mcccxn.
2030 485 2045 490 ’
2362 501 2479 582 cxi

180 683 254 752 ln
294 685 478 772 cujus
506 685 602 752 rei
634 685 1066 752 testimonium
1098 685 1376 772 sigillum
1403 699 1693 752 nostrum
1723 686 2145 774 praesentibus
2174 689 2481 754 duximus

179 773 657 859 apponendum.
757 775 1053 838 Vestram
1114 775 1517 859 majestatem
1578 789 1914 841 conservet
1974 775 2336 842 Altissimus
2394 777 2481 841 ad

177 861 454 948 regimen
489 874 560 926 et
587 861 1128 945 gubernacionem
1155 859 1384 946 populi
1411 860 1511 926 sui
1540 861 1811 930 feliciter
1840 885 1957 950 per
1980 881 2274 950 tempora
2300 886 2483 950 pros-

177 967 324 1032 pera
349 959 416 1014 et
443 947 774 1034 longaeva.
862 948 1042 1013 Data
1069 948 1246 1034 apud
1278 948 1595 1013 Dunolm·

407 1329 553 1374 x-cr.
607 1327 1218 1374 nocuum-omnm
1251 1330 1579 1376 cnrrum
1615 1328 1690 1375 m
1724 1331 2251 1382 nummisma.

1119 1447 1281 1518 [ηας.
1307 1444 1376 1497 11.
1399 1443 1438 1498 f.
1462 1448 1545 1512 8.]

269 1553 610 1626 Universis
657 1575 897 1627 sanctae
944 1562 1166 1626 matris
1210 1562 1501 1629 ecclesiae
1539 1562 1687 1629 filiis
1716 1575 1937 1649 pateat
1966 1589 2085 1652 per
2109 1586 2477 1655 proesentes,

264 1648 346 1712 od
395 1669 540 1723 nos,
581 1648 953 1734 Capitulum
1008 1648 1300 1714 ecclesiae
1351 1650 1840 1731 Dunolmensis,
1872 1655 2147 1722 dilectos
2194 1660 2379 1726 nobis
2410 1664 2477 1726 in

239 1734 431 1799 bristo
483 1735 730 1802 fratres
779 1735 1126 1824 Hugonem
1187 1737 1272 1800 de
1329 1737 1566 1802 Monte
1620 1738 1776 1803 Alto
1828 1753 1896 1805 et
1933 1741 2339 1811 willielmum
2394 1750 2479 1816 de

193 1819 506 1886 Giseburn
559 1821 764 1888 nostri
816 1821 1186 1887 monasterii
1239 1823 1605 1902 monachos,
1636 1826 2051 1911 conjunctim,
2084 1844 2153 1896 et
2199 1833 2476 1915 divisim,

188 1902 268 1972 ita
293 1909 467 1996 quod
498 1932 634 1973 non
666 1909 749 1973 sit
777 1908 1001 1974 melior
1031 1909 1328 1975 condicio
1349 1911 1721 1996 occupantis
1750 1929 2197 1997 procuratores
2222 1935 2477 1988 nostros

188 2007 249 2058 et
291 2009 654 2061 attornatos
701 1996 966 2060 facimus
1019 1997 1323 2081 speciales
1375 1999 1460 2063 ad
1489 2001 1990 2083 comparendum
2020 2025 2141 2088 pro
2170 2006 2375 2088 nobis,
2409 2025 2478 2077 et

177 2081 431 2147 nomine
459 2097 710 2160 nostro,
739 2104 954 2148 coram
983 2084 1386 2148 serenissimo
1414 2085 1705 2170 principe
1734 2099 1803 2150 et
1833 2087 2099 2154 domino
2120 2106 2343 2160 nostro
2362 2096 2481 2162 do-

188 2167 352 2232 mino
407 2167 760 2248 Edwardo,
795 2168 926 2234 Dei
976 2171 1198 2252 gracia
1229 2170 1413 2258 Rege
1450 2172 1708 2258 Angliae
1738 2172 1987 2253 illustri,
2022 2177 2128 2243 die
2157 2179 2480 2251 dominica

188 2257 468 2340 proxime
496 2271 653 2342 post
682 2256 918 2321 festum
947 2271 1188 2322 sanctoe
1221 2257 1454 2322 Mariae
1489 2257 1927 2343 Magdalenae‚
1960 2261 2027 2325 in
2059 2266 2483 2350 parliamento

191 2364 298 2406 suo
347 2344 640 2410 tenendo
693 2345 868 2429 apud
921 2344 1219 2409 Lincoln.
1250 2344 1336 2408 ad
1387 2345 1791 2410 tractandum
1822 2370 2014 2433 super
2066 2357 2475 2436 tangentibus

192 2442 410 2494 statum
441 2433 636 2530 regni
667 2445 736 2495 et
765 2428 926 2508 aliis,
960 2453 1158 2516 super
1185 2431 1416 2517 quibus
1441 2431 1705 2498 tractari
1734 2434 1975 2499 ibidem
2005 2443 2374 2524 contigerit,
2409 2459 2476 2510 et

193 2515 486 2581 ordinatis
540 2517 782 2582 ibidem
829 2517 1394 2596 consenciendum,
1446 2532 1513 2584 et
1562 2518 1780 2584 omnia
1830 2522 1955 2586 alia
1998 2528 2387 2608 generaliter
2414 2549 2481 2599 et

195 2602 547 2686 specialiter
569 2602 882 2681 facienda,
903 2627 1049 2691 quae
1075 2604 1310 2670 ibidem
1331 2627 1416 2670 ex
1437 2617 1619 2689 parte
1641 2622 1859 2672 nostra
1880 2611 2023 2674 fieri
2044 2615 2476 2700 requiruntur,

195 2703 394 2754 ratum
437 2703 508 2756 et
556 2691 811 2755 firmum
841 2689 1124 2757 habituri
1154 2693 1458 2779 quicquid
1491 2692 1748 2777 praefati
1777 2713 2223 2778 procuratores
2253 2706 2476 2786 nostri,

194 2777 286 2840 vel
315 2799 478 2842 unus
509 2799 759 2857 eorum,
793 2777 1053 2843 nomine
1085 2793 1312 2844 nostro
1339 2780 1611 2844 fecerint
1655 2781 1761 2845 vel
1787 2781 2013 2848 fecerit
2043 2786 2105 2849 in
2136 2791 2475 2873 premissis.

201 2860 268 2926 ln
295 2864 472 2949 cujus
502 2864 602 2928 rei·
635 2865 1072 2930 testimonium
1118 2864 1400 2950 sigillum
1427 2889 1767 2932 commune
1795 2873 2057 2954 capituli
2088 2877 2286 2941 nostri
2317 2902 2483 2964 prae-

193 2951 480 3015 tentibus·
506 2963 610 3016 est
639 2974 1021 3038 appensum.
1110 2951 1291 3016 Data
1342 2951 1651 3022 Dunelm.
1704 2954 1767 3018 in
1802 2957 2105 3042 Capitulo
2149 2979 2393 3046 nostro,
2440 2991 2482 3032 v

195 3034 485 3105 kalendas
511 3039 560 3105 J
566 3037 696 3118 ulii,
731 3061 903 3105 anno
931 3039 1204 3105 Domini
1235 3039 1572 3105 millesimo
1605 3049 1805 3105 ccc¹¹²⁰
1838 3043 2248 3118 duodecimo.

355 3409 526 3457 xcn.
576 3409 831 3455 LITERA
883 3408 1081 3453 MISSA
1133 3408 1414 3453 DOMINO
1467 3411 1713 3455 Pmom
1769 3411 1856 3456 ΒΤ
1903 3414 2181 3464 DEcANo
2212 3419 2307 3466 m!

355 3495 781 3543 AUKELANDB
839 3496 930 3542 UT
983 3495 1238 3542 BssENT
1279 3495 1543 3545 vchRn
1596 3499 2002 3547 GENERALES
2056 3505 2130 3550 m
2181 3508 2305 3552 AB·

356 3585 608 3631 nucu
639 3585 860 3631 IPSIUS
892 3584 1200 3629 mentm.

645 3700 814 3768 [cart.
837 3699 952 3752 m.
971 3698 1010 3750 f.
1032 3701 1154 3759 278,
1173 3701 1222 3760 b,
1243 3705 1302 3752 et
1323 3700 1476 3769 otig-
1493 3704 1543 3751 2.
1567 3706 1615 3752 2.
1638 3702 1831 3757 Ponttf.
1851 3706 1912 3759 r.
1943 3709 2020 3775 1.1

281 3817 596 3886 lli-cardus
645 3817 1067 3904 permissione
1108 3816 1326 3883 divina
1356 3817 1811 3888 Dunelmensis
1845 3823 1905 3888 E
1951 3825 2201 3912 iscopus
2229 3829 2483 3897 dilectis

204 3904 332 3968 filiis
378 3905 592 3972 Priori
642 3903 931 3971 ecclesiae
979 3918 1219 3969 nostrae
1249 3905 1731 3987 Dunelmensis,
1762 3922 1831 3974 et
1992 3935 2156 3977 cano
2186 3917 2480 3983 ecclesiae

205 4005 424 4058 nostrae
467 3991 874 4081 prebendalis
920 3991 1002 4057 de
1035 3992 1405 4073 Aukeland,
1437 3995 1713 4060 salutem
1760 3999 2044 4080 graciam
2083 4017 2149 4064 et
2177 4001 2480 4068 benedic-

207 4081 457 4150 cionem.
554 4080 912 4166 Cupientes
963 4092 1036 4144 ut
1077 4078 1400 4145 commissi
1447 4081 1631 4147 nobis
1684 4081 2011 4167 regiminis
2063 4105 2217 4152 cura
2261 4091 2384 4154 rite
2414 4106 2483 4157 et

209 4175 332 4232 tute
359 4180 586 4254 agatur
633 4167 1054 4254 sollicitoeqne
1098 4167 1412 4232 custodiae
1441 4167 1810 4252 deputetur,
1845 4169 1931 4234 de
1959 4173 2183 4236 vestris
2212 4173 2481 4243 circum-

208 4255 550 4337 speecione,
582 4255 920 4333 fidelitate,
953 4269 1017 4319 et
1063 4255 1380 4320 industria
1421 4255 1667 4340 plenius
1715 4257 2118 4325 confidentes
2156 4282 2275 4327 vos.
2323 4285 2479 4332 con-

204 4337 457 4421 junctim
508 4355 574 4408 et
627 4342 878 4407 divisim
932 4341 998 4405 in
1051 4343 1285 4406 nostris
1331 4342 1594 4407 civitate
1641 4355 1711 4406 et
1760 4342 2001 4409 diocesi
2034 4346 2477 4434 Dunelmensj,

213 4446 386 4510 quam
413 4429 522 4495 diu
552 4453 670 4496 nos
701 4430 926 4496 abesse
957 4429 1321 4513 contigerit,
1356 4445 1611 4494 nostros
1639 4429 1907 4495 facimus
1940 4446 2003 4497 et
2034 4437 2481 4504 constituimus

215 4511 456 4582 vicarios
474 4517 824 4603 generales,
894 4516 982 4584 Et
1000 4516 1412 4586 examinandi
1433 4539 1983 4607 quarumcumque
2001 4521 2398 4591 eleccionum
2418 4529 2486 4591 in
