3000 5117
411 446 616 519 CCCXi
913 470 1119 520 1115'1'.
1159 470 1519 521 DUNELM.
1562 470 2026 520 SCRIPTORES
2064 470 2278 521 TRES.

403 632 674 715 juratos,
709 648 776 696 et
807 630 1228 711 examinatos,
1278 630 1601 719 inquisivit
1657 631 2031 719 diligencius
2064 630 2423 709 veritatem,
2481 644 2549 696 et
2581 654 2739 697 cum

417 741 532 820 per
562 718 735 785 dicta
763 734 828 783 et
859 718 1302 804 deposiciones
1343 718 1711 804 hujusmodi
1764 740 2205 805 personarum,
2248 734 2328 784 ut
2358 719 2734 805 praefertun,

407 807 786 892 juiatarurn,
843 822 1181 893 ceteraque
1227 806 1617 871 documenta
1668 806 1951 890 legitima
1984 828 2195 871 coram
2242 806 2383 892 ipso
2414 808 2741 891 producta

417 892 706 957 exhibita
725 907 792 957 et
824 893 1115 992 probata,
1163 909 1562 978 compertum
1604 892 1813 957 fuerat
1856 895 2058 978 ipsum
2112 894 2407 958 Electum
2436 893 2635 958 fuisse
2664 908 2739 959 et

420 1002 555 1043 esse
589 980 790 1043 virum
838 981 920 1044 ad
975 979 1340 1064 hujusmodi
1394 980 1778 1063 dignitatem
1838 980 2307 1065 suscipiendam
2354 980 2631 1045 habilem
2664 998 2740 1046 et

419 1067 770 1151 >domenum
847 1067 1117 1131 liberum
1213 1081 1280 1131 et
1353 1066 1438 1130 de
1522 1068 1734 1131 liber-o
1824 1068 1885 1131 le
1932 1067 2241 1153 itimoque
2316 1067 2737 1132 matrimonio

421 1168 850 1239 procreatum,
913 1152 980 1217 in
1039 1166 1234 1218 aetate
1293 1152 1599 1237 legitima,
1660 1170 1723 1218 et
1782 1091 2007 1218 ordgne
2068 1154 2417 1219 sacerdocii
2478 1156 2739 1220 notorie

422 1242 862 1341 constitutum,
909 1262 1106 1305 sacroe
1152 1240 1403 1340 paginae
1447 1242 1899 1339 professorem,
1956 1240 2245 1305 ordinem
2278 1245 2483 1305 saneti
2524 1241 2741 1307 Bene-

424 1329 578 1392 dit-ti
605 1350 907 1413 expresse
940 1328 1314 1413 professum,
1369 1328 1432 1391 in
1483 1326 1921 1413 spiritualibus
1962 1344 2027 1392 et
2081 1328 2539 1412 temporalibus
2582 1352 2739 1414 pro-

425 1416 640 1479 vidum
673 1430 742 1479 et
772 1416 1142 1492 discretum,
1176 1436 1251 1479 ac
1281 1414 1418 1479 aliis
1451 1414 1757 1478 virtutum
1798 1415 2037 1479 meritis
2068 1415 2553 1500 multipliciter‘
2540 1417 2740 1505 insig-

425 1503 655 1579 nitum,
704 1502 938 1565 dictam
973 1524 1230 1589 quoque
1263 1500 1647 1566 eleccionem
1680 1502 1764 1565 de
1812 1500 1951 1585 ipso
1982 1504 2239 1579 factam,
2284 1519 2427 1602 post
2456 1472 2743 1587 diligen-

426 1603 556 1655 tem
597 1588 1144 1654 examinacionem
1199 1603 1265 1653 et
1307 1588 1765 1653 discussionem
1791 1589 2101 1674 ejusdem,
2136 1612 2210 1653 ac
2242 1590 2446 1653 tocius
2478 1612 2742 1674 proces-

423 1700 532 1741 sus
564 1676 765 1740 habiti
810 1679 874 1739 in
908 1676 1132 1740 eadem
1181 1675 1303 1774 rite
1355 1688 1422 1738 et
1475 1674 1760 1759 legitime
1790 1675 2200 1753 celebratam,
2248 1676 2439 1740 fuisse
2470 1692 2537 1741 et
2566 1700 2733 1753 esse,

424 1763 748 1849 nichilque
793 1762 1230 1849 impedimenti
1277 1762 1340 1826 in
1395 1785 1472 1826 ea
1518 1777 1698 1846 parte
1744 1762 2179 1839 intervenisse,
2212 1763 2550 1848 quominus
2599 1765 2741 1848 ipsa

425 1850 664 1914 eleccio
692 1850 782 1914 sic
813 1850 1138 1915 celebrata
1167 1849 1375 1913 valeat
1417 1850 1801 1926 confirmari,
1832 1850 2094 1914 servatis
2121 1850 2320 1950 igitur
2350 1850 2643 1934 primitus
2669 1851 2739 1913 in

428 1960 508 2001 ea
537 1950 718 2022 parte
749 1937 1044 2001 omnibus
1097 1950 1165 2001 et
1216 1934 1482 2021 singulis
1525 1936 1613 2000 de
1650 1936 1801 2021 jure
1854 1936 2191 2023 requisitis,
2238 1936 2475 2001 dictam
2508 1938 2741 2002 elecci-

427 2047 622 2088 onem
681 2024 767 2088 de
813 2024 952 2108 ipso
998 2023 1195 2087 fratre
1245 2016 1549 2087 Johanne
1607 2024 1890 2107 Burnby,
1946 2038 2268 2109 tamquam
2324 2025 2409 2089 de
2459 2046 2741 2109 persona

427 2110 626 2177 habili
657 2124 722 2173 et
752 2109 1027 2195 ydonea,
1052 2126 1128 2174 ut
1157 2108 1594 2194 praemittitur,
1626 2111 2037 2181 celebratam
2066 2110 2440 2175 meritorum
2470 2134 2737 2176 suorum

427 2196 690 2273 intuitu,
725 2197 1060 2262 commissa
1089 2196 1210 2260 sibi
1240 2197 1624 2261 auctoritate
1656 2197 2020 2274 ratificavit,
2042 2198 2445 2282 approbavit,
2480 2212 2549 2263 et
2578 2221 2741 2263 con-

429 2284 706 2348 firmavit
753 2283 1104 2385 diffinitive,
1135 2300 1202 2347 et
1247 2284 1309 2346 in
1349 2282 1621 2368 scriptiS,
1654 2306 1999 2385 curamque
2029 2300 2097 2348 et
2128 2284 2409 2384 regimen
2444 2286 2739 2371 ejusdem

429 2371 800 2435 monasterii
847 2372 979 2435 sive
1020 2372 1367 2448 Prioratus,
1415 2392 1563 2433 cum
1610 2372 1737 2434 suis
1772 2370 2025 2454 juribus
2057 2386 2124 2435 et
2156 2373 2565 2455 pertinenciis
2596 2373 2741 2436 uni-

429 2459 648 2537 versiS,
705 2458 912 2523 eidem
971 2458 1200 2523 Electo
1252 2472 1317 2522 et
1369 2458 1750 2522 confirmato
1804 2458 2199 2546 integraliter
2250 2459 2613 2537 commisit3
2658 2482 2741 2524 ac

431 2547 636 2631 ipsum
687 2548 754 2610 in
799 2546 1197 2632 corporalem
1267 2546 1733 2629 possessionem
1788 2560 1855 2609 et
1898 2546 2141 2612 realem
2188 2546 2566 2624 eorundem,
2614 2570 2740 2631 per

435 2633 979 2699 Archidiaconum
1042 2648 1328 2696 nostrum
1389 2631 1911 2709 Dunclmensem,
1972 2646 2088 2697 aut
2148 2632 2279 2717 ejus
2324 2634 2735 2734 deputatum,

431 2719 653 2784 debite
700 2721 915 2784 induci
961 2722 1304 2819 mandavit,
1353 2741 1603 2783 necnon
1636 2734 1873 2783 caetera
1904 2719 2055 2784 fecit
2086 2734 2151 2785 et
2184 2722 2515 2805 expedivit
2549 2722 2609 2783 in
2656 2744 2743 2785 ea

433 2822 618 2892 parte.
672 2806 1024 2870 necessaria
1075 2820 1136 2870 et
1192 2808 1276 2869 de
1311 2827 1461 2905 Jure
1512 2806 1833 2893 requisita,
1868 2820 2064 2906 prout
2108 2830 2191 2871 ex
2224 2807 2379 2873 actis
2410 2809 2537 2871 suis
2582 2808 2740 2872 inde

435 2894 767 2972 confectiS,
800 2908 866 2958 et
913 2916 1126 2957 coram
1175 2892 1359 2956 nobis
1405 2893 1734 2971 exhibitis,
1766 2916 1841 2957 ac
1872 2894 1935 2957 in
1969 2894 2241 2993 registro
2272 2910 2497 2959 nostro
2524 2916 2743 2958 rema-

429 2980 730 3045 nentibus
775 2980 977 3067 liquet
1022 2978 1399 3055 manifeste;
1453 2980 1706 3065 juribus
1752 2993 1964 3045 tamen
2014 2982 2263 3057 nostris,
2296 2994 2429 3046 tam
2476 2984 2743 3045 racione

433 3068 860 3153 prerogativae
879 3082 1120 3133 nostra:
1149 3067 1367 3151 regiae.
1387 3088 1582 3153 quam
1608 3067 1933 3151 dignitatis
1956 3067 2349 3151 episcopalis,
2375 3067 2560 3131 nobis
2590 3090 2743 3152 per-

433 3155 808 3232 tinentibus,
858 3176 1110 3219 necnon
1157 3154 1351 3217 dictae
1395 3169 1635 3218 nostrae
1681 3154 2063 3218 cathedralis
2106 3154 2393 3219 ecclesiae
2424 3155 2743 3219 libertati-

433 3243 576 3319 buS,
609 3241 978 3340 privilegiis,
1029 3254 1096 3305 et
1114 3240 1523 3340 dignitate,
1505 3264 1574 3303 m
1618 3240 1916 3305 omuibus
1946 3263 2197 3341 semper
2226 3241 2435 3305 salvis.
2535 3241 2738 3307 Unde

431 3350 552 3393 nos
583 3327 913 3413 praemissa
957 3327 1172 3426 omnia
1201 3342 1268 3392 et
1309 3328 1581 3411 singula,
1617 3328 1729 3405 sic,
1766 3345 1836 3391 ut
1880 3328 2311 3412 praemittitur,
2345 3350 2461 3413 per
2486 3327 2741 3392 dictum

433 3429 723 3479 nostrum
755 3413 1251 3477 commissarium
1301 3429 1367 3478 et
1419 3436 1635 3478 colam
1668 3436 1749 3478 eo
1780 3428 1945 3493 acta,
1978 3414 2166 3491 facta,
2200 3414 2395 3491 dicta,
2429 3430 2631 3498 gesta,
2664 3430 2743 3480 et

431 3500 840 3567 laudabiliter
868 3501 1242 3583 expedita,
1227 3522 1288 3563 m
1335 3500 1770 3565 testimonium
1818 3501 1905 3565 rei
1938 3516 2143 3585 gestae
2170 3501 2557 3566 auctoritate
2586 3524 2744 3566 nos·

435 3602 536 3652 tra
563 3586 886 3651 ordinaria
914 3586 1302 3651 ratificamus
1333 3600 1400 3650 et
1425 3589 1874 3672 approbamus,
1906 3610 1981 3653 ac
2012 3612 2090 3653 ea
2116 3588 2335 3653 omnia
2362 3603 2430 3651 et
2460 3588 2737 3673 singula,

431 3687 746 3761 quantum
793 3673 860 3735 in
909 3673 1092 3736 nobis
1139 3688 1258 3749 est,
1315 3688 1543 3737 tenore
1598 3676 2016 3759 proesencium
2074 3676 2741 3743 confirmamus.1n

429 3782 706 3847 quorum
759 3763 1042 3823 omnium
1087 3774 1152 3823 et
1198 3759 1593 3843 singulorum
1640 3762 2075 3826 testimonium
2106 3778 2300 3848 atque
2332 3763 2527 3825 fidem
2560 3762 2743 3845 sigil-

431 3850 578 3913 lum
597 3862 885 3912 nostrum
916 3846 997 3911 ad
1030 3868 1249 3911 causas
1301 3848 1729 3932 proesentibus
1759 3863 1858 3913 est
1889 3872 2265 3934 appensum.
2361 3848 2539 3912 Data
2568 3848 2745 3913 vice-

428 3937 593 4000 simo
650 3934 880 4037 quinto
939 3933 1042 3997 die
1104 3934 1330 3997 mensis
1397 3933 1804 4012 Novembris,
1854 3958 2027 4000 anno
2076 3934 2341 3999 Domini
2404 3955 2457 3997 Μ
2464 3943 2743 3999 ‘'ccccm‘’

419 4022 950 4113 quiuquagesimo
1009 4038 1216 4099 sextu,
1269 4034 1335 4086 et
1387 4036 1636 4087 nostrae
1686 4023 2123 4089 translacionis
2184 4045 2354 4087 anno
2414 4044 2589 4086 nono
2620 4022 2745 4086 de-

422 4114 619 4179 cimo.
