3000 5117
830 490 1329 547 malumus
1366 494 1469 545 ns
1507 494 1906 545 emmane.
2385 478 2518 547 141

232 652 595 723 Matutinus
624 670 692 722 et
738 678 965 723 omnes
1014 654 1169 721 alias
1226 654 1447 721 Horas
1485 654 1822 721 canonicas
1871 654 2060 721 simul
2117 654 2356 723 dicant.
2453 658 2530 725 In

230 744 451 811 diebus
483 766 639 810 vero
672 744 1035 810 Dominicis
1058 756 1125 809 et
1146 742 1285 808 aliis
1307 743 1485 808 festis
1508 741 1870 828 duplicibus
1893 764 2114 809 omnes
2135 746 2530 811 conveniant

230 831 293 895 in
322 831 623 918 Capella.
696 834 1011 917 (Sequim-
1037 834 1341 898 Statutum
1367 833 1514 895 bene
1528 833 1846 914 prolixum
1875 834 1952 921 dc
1976 834 2214 897 orando
2229 852 2358 915 pro
2387 836 2532 899 ani-

228 922 441 985 mabus
475 922 857 985 Randanum
896 921 1219 1001 Episoepi,
1280 920 1594 983 Edwards·
1642 920 1862 1001 Reqis,
1921 920 2058 1003 ὅτ.)
2151 918 2422 1007 Insuper
2465 920 2530 983 in

230 1006 571 1091 praefatum
606 1004 972 1091 Collegium
1004 1022 1151 1069 vm.
1184 1003 1526 1071 Scholares
1547 1005 1906 1084 saeculares,
1939 1006 2048 1093 qui
2069 1004 2534 1072 Grammaticae

230 1093 325 1158 vel
362 1091 807 1179 Philosophiae
836 1090 1271 1177 principaliter
1299 1090 1660 1169 intendant,
1691 1104 1971 1181 quatuor
1996 1091 2242 1159 scilicet
2269 1093 2356 1160 de
2383 1094 2538 1159 civi-

232 1194 363 1245 tate
392 1180 500 1245 vel
527 1179 793 1245 Diocesi
813 1178 1259 1257 Dunelmensi,
1290 1178 1425 1243 duo
1447 1178 1534 1243 de
1557 1178 1868 1245 Dominio
1891 1178 1976 1245 de
2002 1179 2534 1261 Alverton-scire,

228 1280 295 1331 et
322 1268 459 1332 duo
490 1267 579 1333 de
613 1265 923 1331 Dominio
952 1264 1237 1351 ejusdem
1270 1266 1336 1331 in
1372 1264 1929 1353 Howedenscyre,
1961 1288 2078 1353 per
2107 1287 2197 1333 lv.
2227 1266 2330 1334 vel
2356 1291 2422 1334 v·
2450 1268 2538 1335 de

226 1352 583 1455 senioribus
600 1366 668 1419 et
692 1351 1167 1454 discretioribus
1190 1350 1534 1418 Monachis
1563 1352 1870 1455 Duneim.
1902 1353 2176 1458 astrictis
2187 1353 2274 1457 ‘in
2304 1378 2531 1423 eorum

226 1454 643 1594 ὟὟὟὟὟ
662 1438 1932 1627 Ὗ,ὟὟ3,ὟὟ,’3Ὗ’Ὗ’Ὗ,ὟὟ,ὟὟ’ὟὟ
1939 1440 2534 1617 gestatam:

226 1615 309 1681 de
336 1617 433 1681 eis
457 1629 755 1681 constare
783 1613 1045 1701 poterit,
1090 1631 1205 1679 aut
1232 1614 1319 1681 de
1363 1616 1624 1680 civitate
1659 1628 1726 1681 et
1786 1614 2050 1691 Diocesi
2088 1616 2534 1697 Dunelmensi,

226 1702 277 1765 si
317 1701 389 1773 in
434 1702 577 1767 aliis
620 1701 871 1767 duabus
912 1702 1139 1787 patriis
1170 1701 1327 1767 tales
1356 1701 1594 1788 reperti
1623 1724 1754 1769 non
1799 1702 2062 1783 fuerint,
2093 1717 2162 1769 et
2211 1726 2250 1770 e
2301 1720 2534 1771 contra

222 1790 307 1854 ad
336 1788 843 1854 nominationem
876 1788 1199 1855 dictorum
1238 1788 1560 1855 seniorum
1621 1810 1736 1876 per
1791 1789 2080 1858 Priorem
2131 1790 2536 1858 Dunelmen-

222 1899 361 1942 sem
390 1875 838 1945 admittentur.
932 1876 1187 1953 Quibus
1233 1875 1648 1943 scholaribus
1706 1878 1776 1942 in
1825 1876 2108 1943 secunda
2163 1900 2380 1945 mensa
2427 1902 2521 1945 se-

220 1984 443 2029 orsum
474 1986 519 2028 a
548 1962 915 2040 Monachis,
946 1984 1095 2029 cum
1132 1962 1389 2029 Clerico
1414 1974 1483 2029 et
1513 1963 1652 2029 aliis
1693 1964 1848 2031 dicti
1883 1963 2164 2051 Collegii
2205 1965 2536 2033 servienti-

218 2053 341 2117 bus
370 2049 825 2138 providebitur
868 2072 983 2135 per
1016 2048 1305 2116 Priorem
1345 2072 1459 2115 seu
1494 2050 1851 2119 Custodem
1881 2065 1994 2118 aut
2021 2066 2382 2140 receptores
2411 2054 2526 2121 de-

216 2138 550 2204 nariorum
583 2136 707 2203 loci
737 2158 958 2203 eorum
988 2138 1184 2203 statui
1214 2151 1674 2223 competenter,
1707 2152 1775 2205 et
1804 2139 1904 2205 bis
1955 2138 2024 2205 in
2075 2162 2246 2205 anno
2293 2142 2530 2207 tunicis

218 2239 287 2292 et
346 2224 625 2310 caputiis
684 2224 1081 2301 vestientur3
1156 2236 1222 2290 et
1288 2246 1403 2311 per
1466 2223 1758 2291 Priorem
1815 2248 1928 2291 sen
1991 2226 2348 2293 Custodem
2399 2228 2524 2293 loci

216 2313 447 2379 debite
508 2311 993 2397 regulabuntur,
1042 2325 1116 2376 ut
1172 2309 1239 2374 in
1294 2309 1565 2399 Capella
1620 2310 1752 2378 duo
1794 2312 2074 2379 serviant
2131 2313 2527 2415 temporibus

216 2398 610 2487 opportunis
639 2399 971 2465 exorando
1019 2419 1143 2485 pro
1193 2399 1410 2464 anima
1448 2396 1610 2463 dicti
1645 2398 2051 2479 Fundatoris,
2101 2415 2168 2467 et
2197 2400 2336 2466 aliis
2365 2413 2529 2467 tem»

218 2488 495 2573 poribus
526 2485 592 2551 in
626 2485 833 2551 Scolis
862 2498 931 2550 et
960 2486 1111 2551 alibi
1138 2484 1453 2550 doctrinae
1481 2507 1619 2552 suae
1671 2484 2006 2573 invigilent
2043 2486 2403 2577 diligenter,
2449 2512 2526 2555 ac

217 2576 287 2639 in
320 2574 477 2639 aula
506 2585 575 2639 et
603 2573 761 2638 locis
790 2573 927 2638 aliis
970 2572 1243 2638 honesta
1294 2571 1662 2653 ministeria,
1695 2576 2044 2641 secundum
2089 2574 2267 2663 quod
2316 2575 2525 2641 Priori

217 2685 333 2727 seu
374 2660 655 2747 Custodi
684 2662 885 2725 visum
916 2659 1064 2739 fuit,
1096 2659 1327 2725 libenti
1372 2660 1590 2725 animo
1639 2674 2082 2749 exequantur3
2129 2661 2282 2727 dum
2313 2677 2528 2730 tamen

216 2772 343 2836 per
386 2772 469 2815 ea
511 2770 737 2815 eorum
770 2748 1087 2835 profectus
1132 2746 1197 2811 in
1250 2746 1532 2812 moribus
1561 2760 1676 2812 aut
1729 2747 2136 2815 Scholasticis
2179 2748 2530 2839 disciplinis

221 2837 605 2903 nullatenus
634 2834 1059 2922 impediatur3
1106 2856 1355 2899 necnon
1398 2834 1465 2898 in
1515 2834 1692 2899 omni
1737 2834 1884 2901 loco
1913 2848 1977 2901 et
2009 2850 2300 2921 tempore
2331 2838 2526 2905 vitam

218 2924 568 2991 honestam
628 2923 863 2989 ducere
921 2932 1279 2990 teneantur.
1373 2924 1742 3002 [Succedunt
1787 2924 2031 2989 Statum
2085 2926 2223 2989 alia
2271 2924 2531 3009 Collegit·

222 3014 667 3078 Dunelmensis
700 3009 897 3078 Oxou.
942 3012 1035 3077 Et
1058 3010 1349 3091 obliyatio
1378 3010 1722 3075 Οοηυεηᾱιε
1765 3010 2198 3074 Dunelmensis
2240 3010 2532 3077 Ecclesae‘oe

222 3102 317 3164 ad
339 3100 693 3164 solvendam
721 3099 1040 3163 mammam
1070 3099 1201 3161 200
1228 3116 1477 3163 marcas
1509 3096 1786 3174 Custodi,
1815 3096 2012 3163 Sociis
2041 3103 2101 3161 et
2139 3096 2534 3164 scholaribus

223 3190 379 3251 didi
422 3186 685 3265 colleqia·
709 3186 779 3247 in
794 3182 1253 3265 perpensumff]

320 3273 519 3336 Anno
554 3268 803 3335 Gratiae
846 3288 977 3334 Mc(
988 3288 1263 3349 chxxx,
1287 3280 1522 3335 octavo
1543 3268 1650 3335 die
1681 3268 1915 3335 mensis
1945 3268 2116 3349 maii,
2151 3268 2312 3335 feria
2337 3291 2526 3358 quar-

228 3368 318 3437 ta,
365 3354 644 3439 contigit
692 3376 864 3421 anno
922 3354 1035 3420 illo
1093 3356 1265 3421 circa
1312 3356 1538 3423 horam
1567 3356 1694 3422 diei
1743 3369 2058 3444 quartam,
2113 3356 2276 3423 obiit
2332 3358 2526 3423 bonae

224 3444 557 3509 memorias
577 3442 866 3508 Thomas
895 3442 980 3507 de
1004 3442 1299 3509 Hatfield
1321 3444 1654 3529 episcopus
1682 3442 2133 3509 Dunelmensis
2155 3444 2328 3529 apud
2351 3466 2531 3511 man-

226 3554 376 3685 {²1:¹3
398 3551 831 3684 εὲῗέῃὲἷῖαἳί
856 3529 2066 3706 ἒῖᾒῖᾛέιὲ“οξιὲἰ”ἶιῗέαἶῗ”ἳ,ῗξῖὲ
2083 3533 2529 3686 “ffizssffiffi

1315 3663 1335 3695 2
1791 3662 1812 3696 9

226 3721 325 3774 est
346 3707 661 3784 delatum,
694 3704 1047 3771 comitante
1104 3725 1355 3789 semper
1382 3726 1530 3768 cum
1581 3725 1850 3789 corpore
1900 3726 1976 3769 ac
2023 3707 2244 3771 missas
2293 3707 2527 3794 saepius

228 3794 599 3861 celebrante
632 3792 957 3878 Episcopo
1020 3790 1504 3868 Herefordensi,
1564 3811 1710 3856 cum
1770 3790 1982 3857 multis
2041 3790 2182 3857 aliis
2237 3793 2529 3879 personis

228 3880 589 3947 valentibus
619 3900 697 3944 ac
724 3876 1067 3963 praeclaris.
1158 3876 1445 3961 Cognita
1496 3890 1704 3941 morte
1731 3878 2022 3963 pastoris,
2053 3878 2353 3944 monachi
2384 3880 2528 3945 Du-

228 3969 610 4044 nelmenses,
641 3978 943 4051 tanquam
972 3986 1098 4049 pro
1154 3978 1337 4049 patre
1387 3964 1846 4052 benignissimo
1891 3963 2333 4044 condolentes,
2388 3969 2526 4055 ejus

230 4055 507 4120 animam
567 4050 855 4117 omnium
920 4048 1219 4115 Creatori
1270 4049 1562 4115 devotius
1607 4051 2208 4117 recommendarunt
2237 4076 2257 4130 3
2327 4053 2528 4121 missis

228 4142 482 4207 duobus,
506 4137 814 4204 fratribus
836 4136 921 4203 ad
948 4136 1283 4203 dominum
1340 4136 1586 4222 Regem
1639 4160 1760 4224 pro
1803 4137 2083 4223 eligendi
2109 4138 2368 4205 licentia
2411 4143 2529 4208 ob·

227 4228 513 4294 tinenda.
609 4223 893 4303 Interim,
940 4224 1499 4312 appropinquante
1563 4224 1692 4303 die,
1740 4247 1870 4310 quo
1917 4224 2128 4291 suerat
2177 4227 2526 4295 tradendus

226 4312 677 4383 ecclesiasticae
750 4312 1114 4398 sepulturae,
1168 4324 1576 4378 accesserunt
1616 4326 1992 4379 executores
2057 4312 2213 4381 dicti
2280 4315 2528 4383 domini

582 4518 611 4544 ⁸
646 4516 970 4571 Arrtxmx.
1008 4512 1110 4569 No.
1145 4528 1459 4573 cmxxxvm,
1494 4528 1672 4566 cxcvx.
1715 4526 1942 4571 cxcvnt.
1978 4528 2166 4567 cxcix.
