3000 5117
642 479 1065 539 APPEme.
1122 480 1305 537 Anu.
1344 486 1875 540 mccccxxxvr.
2233 470 2444 543 ccxlv

146 669 277 714 cum
308 663 431 713 uno
460 668 615 733 pare
646 648 1047 714 urceolarum
1079 660 1143 711 et
1187 666 1316 711 uno
1347 649 1656 733 paxbred.
1753 648 1920 715 Item
1953 649 2099 735 lego
2133 650 2430 719 Henrico

146 738 219 801 de
272 735 555 821 Langley
610 757 803 800 uuam
852 735 1045 798 ollam
1084 734 1329 817 argenti
1378 736 1631 819 poteler
1659 735 2055 816 deauratam,
2089 752 2425 823 operatam

143 844 273 887 cum
330 844 453 887 una
510 821 667 886 turri
722 821 787 885 in
834 841 967 884 uno
1016 822 1300 905 turragio
1352 842 1544 906 super
1573 824 2052 907 coopertorium
2105 825 2415 911 ejusdem,

142 925 318 994 prout
360 910 421 972 in
452 908 629 973 dicto
666 906 1027 973 Inventario
1054 917 1164 974 etc.
1259 908 1421 972 Item
1456 908 1604 991 lego
1634 908 1908 974 Johanni
1946 911 2180 997 Barley
2210 933 2408 977 unum

140 996 375 1080 ciphum
404 1011 781 1080 coopertum
811 994 1063 1078 argenti
1092 993 1403 1061 deaurati.
1523 996 1687 1059 Item
1722 996 1870 1079 lego
1907 996 2198 1062 Roberto
2230 998 2416 1064 Stro-

142 1082 273 1145 ther
300 1102 489 1147 unum
520 1083 778 1167 ciphum
809 1092 1185 1165 coopertum
1210 1078 1455 1163 argenti
1490 1080 1660 1157 albi3
1705 1082 1986 1147 Johanni
2011 1083 2182 1172 Bary
2211 1107 2412 1150 unum

140 1169 373 1253 cipbum
412 1168 661 1253 argenti
690 1167 843 1243 albi,
876 1185 945 1231 et
978 1165 1342 1230 willielmo
1378 1168 1610 1231 Newes
1641 1189 1836 1232 unum
1867 1169 2126 1254 ciphum
2158 1174 2410 1255 argenti

139 1254 269 1331 albi,
288 1256 479 1339 juxta
508 1254 966 1319 discrecionem
998 1266 1415 1317 executorum
1446 1276 1758 1324 meorum.
1857 1256 2022 1320 Item
2054 1257 2202 1343 lego
2229 1260 2414 1323 cuili-

136 1341 233 1405 bet
259 1342 583 1427 capellano
611 1343 697 1406 de
720 1339 965 1425 capella
989 1360 1131 1403 mea
1150 1339 1441 1404 familiari
1464 1353 1756 1425 tempore
1777 1341 2000 1406 mortis
2025 1366 2190 1408 meae
2213 1368 2409 1409 unam

134 1430 356 1505 robam,
396 1429 595 1513 juxta
642 1425 1097 1492 discrecionem
1150 1440 1572 1491 executornm
1622 1448 1935 1494 meorum.
2034 1430 2200 1495 Item
2253 1432 2406 1496 volo

133 1514 309 1599 quod,
355 1528 663 1601 quantum
708 1514 792 1577 ad
833 1535 914 1577 ea
940 1534 1087 1599 quae
1116 1528 1263 1577 sunt
1293 1511 1481 1576 michi
1515 1513 1734 1579 debita
1763 1536 1874 1599 per
1905 1529 2195 1582 tenentes
2228 1540 2404 1583 meos

133 1602 186 1662 in
208 1601 536 1686 bondagio‚
568 1624 683 1665 seu
714 1600 901 1665 aliter
929 1599 1013 1663 ad
1037 1598 1456 1676 voluntatem,
1492 1599 1854 1688 ubicunque
1885 1602 2143 1680 suerint,
2171 1626 2408 1669 execu-

134 1700 281 1751 tores
324 1688 449 1753 mei
502 1689 783 1752 habeant
831 1698 1209 1768 potestatem
1260 1686 1626 1750 remittendi
1659 1687 1750 1751 eis
1780 1702 2028 1773 partem
2063 1688 2163 1753 vel
2195 1702 2407 1755 totum

131 1772 309 1837 debiti
356 1773 668 1859 praedicti,
726 1772 949 1837 habita
999 1772 1524 1836 consideracione
1577 1772 1660 1837 ad
1708 1796 1930 1839 eorum
1980 1775 2283 1861 inopiam,
2335 1792 2402 1842 et

130 1860 449 1925 secundum
500 1860 677 1947 quod
722 1860 874 1924 Deo
904 1859 1103 1942 magis
1134 1858 1435 1943 placitum
1468 1860 1626 1935 fore,
1661 1876 1728 1925 et
1756 1862 1946 1925 saluti
1975 1862 2210 1926 animae
2239 1884 2404 1929 meae

130 1946 304 2031 magis
347 1948 739 2012 crediderint
778 1946 1107 2031 expedire.
1197 1946 1363 2009 Item
1396 1945 1544 2029 lego
1573 1946 1846 2030 proefato
1873 1950 2402 2014 reverendissimo
2495 2000 2507 2005 -

130 2036 273 2115 patri
298 2034 575 2098 ,Iohanni
612 2033 1113 2118 Archiepiscopo
1146 2032 1535 2097 Eboracensi
1559 2033 1794 2097 librum
1823 2050 2114 2099 vocatum
2145 2040 2400 2119 Augus-

130 2119 275 2183 tinus
303 2120 381 2185 de
408 2120 697 2186 Civitate
730 2120 881 2197 Dei,
906 2118 1437 2185 reverendissimo
1467 2119 1632 2203 patri
1665 2119 1928 2185 domino
1955 2120 2048 2184 W.
2079 2122 2402 2209 Episcopo

132 2204 505 2273 Norwicenci
546 2207 775 2272 librum
810 2206 1137 2271 meliorem
1170 2218 1463 2270 vocatum
1501 2205 1782 2271 Moralia
1811 2207 2134 2290 Gregorii,
2169 2210 2402 2293 magis-

128 2304 215 2354 tro
263 2292 549 2359 Roberto
598 2294 896 2371 Rolston‚
928 2291 1179 2356 custodi
1208 2314 1459 2375 magnae
1487 2292 1864 2376 garderobae
1895 2295 2140 2358 domini
2179 2295 2394 2385 Regis,

127 2378 293 2443 alium
356 2381 591 2445 librum
653 2394 947 2445 vocatum
1014 2377 1290 2442 Mor-alia
1355 2378 1681 2463 Gregorii,
1747 2380 2052 2469 magistro
2111 2382 2396 2447 Johanni

130 2463 317 2530 Frank
340 2468 648 2552 magistro
666 2466 949 2531 Johanni
969 2464 1366 2529 cancellariae
1384 2465 1630 2530 domini
1658 2466 1850 2555 Regis
1872 2468 2020 2553 (nic)
2036 2468 2262 2531 librum
2287 2488 2400 2532 vo-

130 2566 315 2617 catum
340 2554 801 2630 Historiarum,
836 2552 1100 2616 domino
1126 2550 1443 2615 Nicholao
1483 2552 1902 2637 Wymbbessh
1933 2576 2126 2617 unum
2162 2555 2398 2619 librum

126 2658 395 2723 magnum
446 2640 923 2707 collectionum
962 2660 1047 2703 ex
1080 2638 1293 2701 Libris
1323 2639 1659 2702 beatorum
1693 2640 2009 2704 Jeronimi
2039 2654 2106 2705 et
2141 2645 2400 2731 Augus·-

126 2723 245 2802 tini,
288 2727 563 2792 Johanni
624 2725 915 2791 Radcliff
956 2724 1349 2790 thesaurario
1402 2724 1665 2803 hospicii
1725 2727 1849 2791 mei
1904 2726 2134 2792 librum
2189 2734 2398 2793 conti-

124 2825 351 2876 nentem
398 2813 719 2899 Epistolas
768 2812 951 2877 Pauli
995 2811 1295 2895 glosataS,
1340 2812 1626 2875 Johanni
1687 2812 1949 2877 Neuton
2005 2815 2238 2879 rectori
2289 2840 2398 2880 ec-

124 2897 307 2962 clesiae
358 2900 749 2985 parochialis,
803 2901 887 2964 de
950 2899 1197 2981 Bretby
1245 2920 1439 2982 super
1497 2897 1729 2975 Wiske,
1783 2899 1980 2963 Ebor.
2043 2900 2258 2978 Dioc.‚
2322 2903 2402 2965 li·-

122 2981 283 3048 brum
324 3004 620 3051 vocatum
673 2986 925 3071 Pupilla
972 2984 1247 3059 Occuli3
1295 2998 1489 3070 prout
1538 3004 1762 3048 omnes
1807 2985 1953 3049 libri
1995 2986 2062 3049 in
2092 2987 2396 3053 Inventa-

120 3068 2399 3243 {itaemegaffl‘aeffiz‘affessfficssssz'tssifflff“izabuff‘t'ssfmlfifissuioessffss

489 3211 507 3228 ο
864 3206 881 3221 ·
1400 3202 1419 3234 9
2143 3205 2162 3235 9

120 3250 212 3305 ew.
294 3246 457 3311 Item
501 3247 657 3329 lego
701 3246 911 3309 eidem
956 3242 1247 3309 eeclesiae
1292 3264 1456 3307 meae
1500 3242 1732 3307 librum
1763 3260 2057 3308 vocatum
2095 3246 2398 3331 Notyng-

119 3325 244 3391 ham
304 3354 489 3417 super
550 3330 927 3415 Evangelia·
1053 3330 1217 3393 Item
1278 3329 1431 3417 lego
1485 3329 1808 3393 communi
1871 3326 2185 3405 Librariae
2224 3334 2394 3397 Uni-

120 3417 394 3481 versitatis
424 3418 647 3486 Oxou.
702 3415 1167 3482 Reductor‘rum
1217 3414 1491 3491 Morale,
1527 3414 1591 3478 in
1643 3416 1897 3480 duobus
1942 3418 2394 3484 voluminibus.

124 3497 265 3565 Item
321 3504 463 3589 lego
508 3504 839 3569 communi
884 3504 1201 3567 Librariae
1250 3502 1652 3589 Cantabrigg
1699 3501 2048 3567 Lecturam
2075 3504 2390 3589 integram

124 3582 387 3655 Nicholai
446 3592 531 3656 de
570 3590 745 3667 Lim,
800 3591 865 3653 in
920 3589 1122 3653 tribus
1154 3586 1603 3664 voluminibus,
1652 3599 1720 3651 et
1767 3590 2112 3655 Lecturam
2168 3594 2393 3658 Mora·

120 3668 227 3737 lem
266 3678 569 3761 ejusdem,
594 3678 657 3739 in
706 3698 840 3740 uno
884 3674 1225 3739 volumine.
1318 3675 1486 3738 Item
1541 3675 1690 3759 lego
1739 3676 2034 3761 Collegio
2080 3676 2386 3743 Dunelm.

128 3756 313 3825 Oxon.
360 3763 593 3828 librum
624 3763 943 3847 integrum
990 3758 1333 3843 Augustini
1380 3782 1576 3846 super
1623 3761 2028 3841 Psalterium,
2077 3764 2144 3826 in
2185 3767 2391 3829 tribus

120 3845 539 3915 voluminibus.
658 3850 823 3913 Item
883 3848 1032 3931 lego
1084 3845 1373 3930 collegio
1400 3847 1590 3910 Aulae
1651 3846 2107 3913 Universitatis
2163 3850 2390 3919 Oxonae

122 3927 320 3998 librum
384 3948 687 4000 vocatum
764 3934 1157 4018 Augustinus
1226 3932 1311 3996 de
1386 3931 1668 3997 Civitate
1728 3932 1886 4000 Deie
2002 3934 2170 3997 Item
2237 3936 2394 4020 lego

127 4016 385 4105 Collegio
435 4022 729 4107 Capellae
788 4044 979 4085 novae
1043 4020 1263 4084 Beatae
1326 4018 1561 4083 Mariae
1617 4018 1941 4083 Leicestre
1983 4018 2214 4088 librum
2274 4043 2392 4087 vo-

120 4115 303 4169 catum
362 4108 713 4173 Racionale
768 4106 1175 4183 Divinorum,
1232 4118 1297 4171 et
1350 4127 1550 4169 unum
1610 4103 1885 4169 Messale
1935 4126 2152 4169 meum
2198 4130 2402 4193 snper

121 4208 231 4271 quo
259 4206 511 4277 egomet
564 4194 853 4260 solebam
882 4193 1229 4258 celebrare.
1323 4191 1485 4255 Item
1532 4191 1682 4273 lego
1729 4190 2030 4275 Collegio
2055 4192 2140 4256 de
2174 4194 2392 4259 Main-

122 4289 297 4342 cestre
344 4280 581 4345 librum
632 4296 929 4346 vocatum
986 4279 1208 4344 Flos-es
1261 4275 1574 4342 Bar-nardi
1598 4299 1624 4351 ς
1659 4288 1853 4359 prout
1905 4276 2050 4341 libri
2094 4280 2390 4364 praedicti

47 4368 49 4379 '
122 4357 173 4421 in
222 4364 387 4430 dicto
452 4368 819 4433 Inventario
872 4388 1017 4430 meo
1074 4364 1231 4429 locis
1288 4362 1618 4449 praedictis
1677 4361 2130 4428 institulantur.
2222 4368 2390 4433 Item

128 4442 255 4533 lego
331 4453 597 4519 domino
692 4452 1031 4517 willielmo
1106 4450 1433 4535 Damyon,
1539 4449 1790 4514 decano
1853 4450 2117 4536 capellae
2199 4474 2390 4532 meae,

1178 4554 1223 4605 Q
1256 4540 1294 4598 3
