3000 5117
744 468 1169 523 APPENDIx.
1212 470 1399 519 ANN.
1442 466 1848 521 MLxxxm.
2377 472 2466 526 xv

202 662 259 705 se
285 636 525 723 deipsis
548 633 789 721 aliquid
814 632 1217 709 intromittat,
1246 632 1363 697 nisi
1388 654 1505 717 per
1527 654 1904 699 consensum
1925 632 2208 719 ipsorum
2233 647 2297 699 et
2329 658 2466 699 mo-

200 726 517 791 nachorum
564 722 909 787 licentiam.
1004 718 1385 785 Decedente
1444 720 1687 798 Priore,
1754 722 2025 786 liberam
2079 720 2466 789 electionem

198 813 469 877 fratribus
492 810 799 895 promitto
824 835 843 885 ς
876 809 989 894 qui
1022 806 1274 871 Priores
1304 807 1478 871 omni
1513 821 1800 893 tempore
1823 809 1972 874 vitoe
2004 831 2137 875 suoe
2157 809 2458 888 existant,

199 916 253 965 et
277 900 465 963 libera
506 896 716 961 officia
776 917 892 959 sua
918 894 1331 979 adimpleant.
1427 894 1770 960 Testificor
1799 899 1998 961 eciam
2031 898 2207 985 quod
2259 897 2468 963 domi-

197 1010 297 1051 uus
328 986 469 1050 Rex
519 986 607 1049 ab
636 982 935 1047 omnibus
985 980 1560 1046 consuetudinibus
1608 1005 1720 1049 eos
1750 1006 1898 1047 cum
1931 983 2292 1049 hominibus
2339 986 2466 1048 suis

197 1074 417 1159 penitus
443 1070 741 1147 absolvit,
837 1089 1194 1155 uaecunque
1248 1068 1331 1133 ad
1376 1090 1681 1135 coronam
1718 1070 1955 1156 Regis*
1991 1072 2054 1135 in
2083 1085 2469 1157 perpetuum

199 1158 559 1226 attinuerint.
658 1157 747 1232 Et
792 1092 1041 1221 domini
1093 1156 1489 1221 Lanfrancus
1535 1169 1602 1221 et
1647 1156 1936 1222 Thomas
1983 1159 2470 1245 Archiepiscopi

199 1264 256 1313 et
294 1270 409 1347 ego
458 1244 771 1321 similiter,
804 1265 1027 1307 omnes
1065 1243 1383 1320 ecclesias,
1418 1264 1838 1331 quascunque
1888 1246 1952 1308 in
1984 1245 2224 1311 diocesi
2255 1260 2474 1313 nostra

200 1332 611 1423 adquisierint,
644 1330 733 1395 eis
766 1332 1001 1395 liberas
1031 1344 1098 1394 et
1130 1330 1377 1416 quietas
1422 1332 1871 1408 concedimus3
1922 1344 1994 1397 ut
2027 1332 2292 1397 vicarios
2321 1356 2470 1399 suos

200 1444 423 1507 semper
450 1421 515 1485 in
548 1422 645 1484 eis
676 1430 983 1494 statuant,
1014 1418 1123 1504 qui
1176 1417 1259 1481 de
1289 1417 1620 1483 beneficiis
1649 1439 1872 1484 earum
1925 1418 2046 1483 illis
2075 1442 2330 1505 semper
2369 1444 2472 1487 re·

202 1510 549 1594 spondeant,
572 1506 761 1571 nobis
785 1526 940 1569 vero
961 1518 1029 1569 et
1058 1506 1530 1569 successoribus
1563 1506 1792 1571 nostris
1811 1506 1895 1571 de
1925 1528 2080 1571 cura
2113 1510 2469 1573 animarum

198 1597 521 1663 intendant.
628 1594 871 1659 Omnes
919 1591 1321 1677 praescriptas
1374 1592 1724 1671 libertates,
1780 1593 2148 1682 dignitates,
2189 1618 2302 1661 seu
2355 1596 2473 1659 ho-

200 1706 380 1763 nores,
432 1682 587 1748 Deo
640 1693 707 1747 et
736 1692 963 1745 sancto
998 1679 1362 1745 Cuthberto
1393 1692 1459 1744 et
1494 1680 1824 1745 Prioribus
1855 1680 2000 1761 suis,
2035 1696 2360 1767 praecepto
2405 1695 2473 1747 et

200 1770 556 1835 auctoritate
613 1768 859 1834 domini
913 1767 1113 1851 Papae
1168 1766 1491 1852 Gregorii,
1540 1768 2010 1854 imperpetuum
2059 1771 2372 1849 concedo,
2407 1783 2476 1835 et

198 1857 627 1923 inviolabiliter
644 1853 972 1921 observari
994 1853 1318 1939 praecipiO.
1406 1854 1475 1919 si
1495 1855 1638 1942 quis
1658 1878 1810 1921 vero
1829 1856 1996 1921 hanc
2016 1870 2250 1923 nostrae
2270 1857 2475 1924 dona-

199 1943 369 2010 tionis
412 1958 687 2021 cartam,
719 1941 840 2007 nisi
895 1941 963 2004 in
1006 1940 1237 2005 melius
1284 1963 1425 2006 eam
1474 1945 1888 2021 converterit,
1921 1944 2210 2011 minue.e
2245 1946 2345 2011 vel
2377 1945 2472 2011 in-

198 2033 452 2117 fringere
499 2027 1005 2118 praesumpserit,
1039 2027 1291 2113 proefati
1347 2029 1550 2114 Papae
1599 2046 1666 2097 et
1718 2030 1958 2097 domiui
2017 2032 2362 2099 Lanfranei
2405 2047 2474 2099 et

200 2120 451 2202 Thomae
506 2117 1163 2203 Archiepiscoporum
1208 2129 1274 2180 et
1328 2138 1471 2181 mea
1517 2118 1903 2184 auctoritate
1948 2140 1988 2185 a
2017 2119 2288 2186 Domini
2317 2121 2477 2187 Jesu

200 2206 421 2272 Christi
450 2204 785 2271 consortio
836 2216 1188 2288 separetur,
1224 2214 1289 2267 et
1321 2218 1634 2289 perpetuo
1663 2206 2078 2273 anathemate
2129 2209 2478 2293 condemp-

196 2308 387 2359 netur.
478 2296 717 2357 Arnen.
811 2290 920 2367 Et,
954 2302 1027 2355 ut
1076 2290 1215 2355 haec
1268 2291 1670 2358 confirmatio
1703 2315 1848 2359 mea
1877 2293 1940 2357 in
1971 2306 2262 2359 eternum
2293 2295 2480 2359 firma

198 2393 577 2465 permaneat,
611 2392 969 2466 presentem
1002 2389 1245 2441 cartam
1276 2378 1538 2464 propria
1566 2402 1758 2446 manu
1788 2380 1972 2466 signo
2001 2395 2242 2447 sanctae
2273 2383 2478 2446 crucis

198 2468 462 2554 impressi
512 2482 589 2533 et
624 2462 1020 2531 confirmavi.
1118 2464 1291 2529 Haec
1322 2482 1500 2533 carta
1529 2470 1912 2533 confirmata
1939 2481 2037 2533 est
2065 2469 2238 2555 apud
2276 2469 2482 2535 west-

198 2555 663 2631 monasterium,
700 2560 842 2617 1111⁰
874 2573 1043 2616 anno
1073 2552 1474 2639 episcopatus
1507 2556 1650 2631 mei,
1683 2556 1746 2619 in
1777 2555 2046 2623 consilio
2075 2554 2318 2621 domini
2351 2559 2476 2621 mei

204 2644 308 2709 W.
342 2642 565 2728 Regis,
599 2639 1025 2727 praesentibus
1056 2641 1351 2706 omnibus
1382 2642 1694 2728 episcopis
1747 2643 2004 2729 Angliae
2029 2658 2096 2710 et
2125 2644 2477 2711 baronibus

200 2746 255 2795 et
282 2730 667 2819 quibusdam
694 2724 1259 2793 subscribentibus.
1440 2728 1545 2795 Va
1715 2730 1776 2795 le
1953 2744 2039 2800 te.

358 2906 635 2990 Signum
664 2920 729 2967 4
766 2900 1081 2967 Willielmi
1118 2900 1548 2968 Dunelmelsis
1583 2908 1732 2989 [ita]
1769 2902 2090 2988 Episcopi.

354 2994 630 3079 Signum
662 2999 727 3054 4·
764 2987 1107 3055 Lausi-anci
1141 2990 1648 3078 Archiepiscopi.

358 3089 437 3142 4.
457 3082 733 3168 Signum
768 3078 1043 3142 Thomoe
1084 3076 1620 3165 Archiepiscopi.†

364 3170 643 3253 Signum
678 3166 929 3231 Odonis
962 3176 1021 3230 ÷
1062 3164 1427 3229 Baiocensis
1468 3165 1789 3251 Episcopi.

360 3255 636 3341 Signum
670 3253 958 3319 Gosfridi
992 3263 1059 3313 ·ῡ·
1094 3252 1569 3319 Costanciencis
1603 3251 1922 3337 Episcopi.

366 3343 643 3427 Signum
678 3340 964 3407 Wlstani
997 3350 1063 3405 4-
1089 3340 1415 3425 Episcopi.

362 3430 641 3519 Signum
678 3428 929 3495 Bisonis
960 3438 1027 3488 ·ῡ·
1054 3426 1380 3511 Episcopi.

361 3519 641 3603 Signum
677 3516 957 3601 Remigii
988 3526 1055 3577 -i-
1090 3514 1413 3601 Episcopi.

364 3604 639 3694 Signum
672 3612 738 3667 4-
774 3604 959 3669 Pauli
994 3600 1288 3667 Abbatis.

370 3693 647 3780 Signum
677 3695 745 3755 ÷
788 3689 1137 3756 walkelini
1174 3688 1495 3774 Episcopi.

372 3778 647 3863 Signum
678 3785 745 3837 4-
783 3777 1101 3844 Osmundi
1137 3776 1285 3841 But.
1324 3774 1652 3860 Episcopi.

366 3865 643 3954 Signum
672 3865 1019 3951 AEgelwini
1219 3913 1236 3929 .

370 3951 645 4037 Signum
684 3953 1051 4019 Aedmundi
1093 3951 1363 4016 Abbatis
1395 3958 1479 4017 4.

375 4040 649 4124 Signum
675 4040 973 4105 Turstini
1006 4049 1071 4104 4·
1106 4038 1379 4104 Abbatis
1419 4035 1880 4101 GlastonieniS.

370 4125 643 4214 Signum
679 4128 983 4192 Scolaudi
1016 4126 1289 4191 Abbatis
1322 4133 1408 4189 4.
1438 4182 1443 4189 ,

370 4213 647 4298 Signum
683 4215 957 4280 Turoldi
990 4224 1055 4279 4-
1088 4212 1382 4280 Abbatis.

594 4418 603 4423 ·
983 4395 1009 4420 ·
1048 4390 1179 4441 This
1202 4390 1333 4441 word
1358 4390 1403 4439 is
1424 4386 1717 4438 interlined.

272 4460 300 4521 †
336 4456 455 4509 The
490 4472 642 4508 name
674 4456 735 4507 of
764 4459 853 4510 the
889 4459 1209 4527 Archbishcp
1234 4456 1293 4510 of
1322 4456 1465 4511 York
1492 4454 1688 4509 follows
1725 4454 1838 4507 that
1880 4452 1940 4505 of
1973 4452 2063 4508 the
2091 4452 2414 4521 Archbishop
2452 4452 2512 4505 of

215 4518 545 4592 Canterbury
567 4527 621 4578 in
640 4524 733 4579 the
756 4542 895 4580 same
916 4526 1038 4579 line.
