3000 5117
495 504 529 568 1.
551 505 639 570 14
972 517 1167 568 ffls‘r.
1211 517 1561 570 nunu-m.
1616 514 2069 570 SCRIPTORES
2098 515 2307 568 rans.

496 680 956 747 confessionem
1009 680 1363 765 detegeret.
1469 679 1668 746 Unde
1722 677 2006 757 tandem,
2064 676 2229 744 sicut
2254 677 2451 744 homo
2502 674 2799 742 elevatus

497 791 688 854 supra
713 790 802 832 -se
833 781 1099 854 propter
1131 768 1412 832 savorem
1444 779 1512 832 et
1540 765 1824 856 graciam
1854 765 2293 851 multiplicem,
2326 785 2521 852 quam
2550 764 2801 830 habere

497 881 566 922 se
589 855 936 933 senciebat,
968 869 1038 920 et
1065 855 1174 954 qui
1207 866 1471 941 propter
1491 853 1815 920 neminem
1838 852 2191 920 dimitteret
2215 852 2428 918 dicere
2452 851 2553 918 vel
2578 851 2801 918 facere

495 943 670 1030 quod
725 943 944 1019 libeat,
1005 942 1227 1007 Priore
1278 957 1344 1006 et
1380 940 1731 1028 Suppriore
1781 940 2123 1040 agentibus
2152 954 2361 1019 extra,
2394 939 2479 1005 de
2508 939 2799 1005 claustro

497 1028 763 1108 recedit,
790 1033 984 1094 -circa
1027 1029 1408 1114 principium
1451 1028 1681 1094 mensis
1717 1027 1900 1106 Maii,
1926 1050 2096 1093 anno
2128 1027 2352 1112 gratiae
2384 1047 2569 1092 mccc
2602 1026 2803 1094 trice·

497 1117 659 1183 simo
703 1116 936 1202 primo,
983 1116 1091 1181 die
1141 1114 1488 1194 dominica,
1538 1115 1703 1181 hora
1733 1137 2164 1200 vesperarum,
2196 1136 2316 1201 per
2336 1128 2590 1200 portam
2620 1115 2801 1180 occi-

498 1205 838 1271 dentalem·
856 1205 1170 1268 transiens
1201 1215 1270 1268 et'
1298 1203 1631 1270 batellum.
1730 1202 1917 1268 Prior
1945 1223 2117 1281 vero,
2150 1202 2275 1268 hoc
2304 1202 2593 1280 audiens,
2624 1201 2807 1266 misit

500 1294 751 1380 aiiqtros
801 1294 913 1380 qui
975 1289 1151 1356 illum
1211 1289 1807 1376 comprehenderet,
1862 1287 1975 1355 sed
2026 1289 2293 1355 minime
2345 1289 2795 1376 profecerunt.

509 1382 996 1466 Advertensque
1070 1378 1252 1444 Prior
1308 1377 1484 1464 quod
1542 1376 1757 1456 literas
1812 1399 2007 1463 super
2064 1375 2323 1442 licentia
2378 1377 2517 1461 ejus
2575 1397 2803 1441 secum

500 1468 752 1544 habuit,
785 1481 852 1532 et
882 1466 1056 1553 quod
1088 1467 1350 1530 veniens
1378 1464 1462 1530 ad
1499 1465 1763 1530 Curiam
1794 1464 1933 1529 illas
1956 1462 2045 1528 ibi
2068 1463 2459 1542 ostenderet,
2484 1475 2551 1528 et
2574 1485 2807 1528 earum

502 1552 840 1620 occasione
890 1553 1243 1618 creditores
1294 1552 1388 1617 ibi
1435 1551 1603 1616 forte
1635 1550 1971 1629 inveniret,
2002 1549 2173 1616 misit
2201 1563 2679 1637 procuratorem
2708 1550 2805 1616 ad

507 1641 770 1707 Curiam
813 1657 960 1704 cum
1008 1639 1216 1704 literis
1237 1637 1651 1704 revocatoriis
1676 1637 1890 1727 sigillo
1918 1637 2185 1724 capituli
2214 1637 2625 1724 consignatis.
2722 1638 2811 1702 In

547 1729 738 1794 uibus
788 1727 990 1792 lite-ris
1047 1726 1320 1792 asseruit
1373 1749 1442 1791 se
1493 1724 1681 1792 P'rior
1732 1724 2247 1790 circumventum
2284 1747 2403 1812 per
2452 1723 2807 1810 praefatum

503 1752 888 1892 ii'ohannenz,
939 1815 1002 1880 in
1051 1813 1462 1879 concessione
1509 1827 1577 1878 et
1608 1812 2089 1898 consignatione
2121 1811 2400 1877 licentiae
2430 1812 2552 1878 sibi
2581 1811 2801 1891 factae,

505 1925 626 1968 nec
669 1925 774 1967 eas
821 1902 906 1967 de
955 1924 1272 1967 consensu
1303 1902 1568 1967 fratrum
1602 1923 1949 1978 emanasse,
1980 1915 2048 1966 et
2074 1923 2143 1966 se
2170 1923 2281 1965 eas
2310 1901 2395 1965 de
2426 1899 2617 1985 pleno
2644 1922 2808 1964 con-

504 2012 692 2056 sensu
720 1988 987 2075 capituli
1010 2011 1363 2054 revocasse.
1440 1987 1624 2054 Misit
1644 1989 1839 2053 etiam
1863 1987 2074 2052 literas
2093 1987 2463 2053 monitorias
2484 1987 2809 2073 praedicto

503 2071 817 2156 Johanni,
865 2076 1064 2164 quod,
1097 2075 1151 2140 si
1195 2075 1325 2140 cito
1355 2098 1424 2140 se
1452 2075 1810 2161 expediens
1840 2074 1909 2139 in
1944 2075 2143 2140 Curia
2172 2075 2255 2139 de
2284 2073 2407 2139 hiis
2436 2096 2585 2162 quae
2616 2097 2807 2140 suam

505 2164 966 2230 conscientiam
1010 2164 1513 2240 concernebant,
1540 2161 1781 2228 rediret
1809 2162 2103 2240 domum,
2133 2162 2423 2227 Priorem
2453 2173 2523 2227 et
2551 2161 2811 2226 confra-

507 2267 638 2316 tres
684 2253 1007 2336 graciosos
1055 2250 1175 2316 sibi
1221 2250 1578 2326 iuveniret;
1631 2249 1808 2337 quod
1845 2249 1905 2313 si
1928 2249 2148 2328 nollet,
2182 2263 2408 2314 contra
2436 2271 2604 2328 eum,
2636 2249 2811 2314 sicut

505 2353 735 2404 contra
784 2356 1164 2425 apostatam,
1222 2338 1627 2426 insurgerent
1683 2337 2043 2404 unicordes,
2150 2337 2467 2403 Monente
2528 2358 2682 2402 vero
2738 2336 2809 2400 in

513 2425 712 2492 Curia
757 2437 1176 2512 procuratore
1195 2425 1455 2510 capituli
1494 2425 1690 2510 juxta
1718 2425 1987 2489 formam
2018 2439 2084 2490 et
2114 2423 2239 2488 vim
2268 2437 2665 2510 praetactam,
2698 2444 2807 2488 re-

507 2537 535 2576 s
586 2513 770 2578 ondit
791 2535 860 2578 se
889 2516 1060 2579 forte
1085 2536 1211 2599 per
1234 2512 1741 2600 quinquennium
1770 2534 2061 2598 sequens,
2093 2513 2268 2598 quod
2301 2511 2698 2589 intendebat,
2734 2511 2809 2576 in

512 2537 716 2665 gutia
754 2599 1009 2665 minime
1053 2599 1521 2686 perfecturum.
1618 2599 2011 2688 Procurator
2037 2597 2441 2683 ergoliteras
2464 2611 2805 2664 revocato-

511 2687 632 2752 rias
664 2687 730 2751 in
761 2687 1085 2752 auditorio
1115 2686 1482 2772 publicavit,
1508 2709 1627 2750 nec
1652 2708 1781 2750 non
1805 2699 1875 2751 et.
1896 2685 2292 2751 inhibitorias
2314 2687 2809 2772 quibuscunque

511 2775 996 2852 mercatorihuS,
1045 2797 1129 2839 ne
1182 2796 1329 2839 cum
1383 2797 1462 2838 eo
1510 2772 1987 2852 contraherent,
2032 2795 2191 2860 quas
2228 2772 2424 2838 etiam
2454 2772 2543 2837 ibi
2574 2773 2810 2837 habuit

509 2861 715 2950 sigillo
745 2860 1012 2947 capituli
1039 2862 1470 2946 consignat-tw.
1566 2861 1751 2926 Prior
1781 2883 1937 2926 vero
1967 2859 2155 2924 domi·
2174 2857 2629 2946 pronunciavit
2652 2881 2812 2924 eum

509 2962 892 3034 apostatam,
919 2962 1004 3027 et,
1027 2948 1370 3036 praemissis
1391 2947 1847 3012 monitionibus
1864 2971 1985 3012 con
2038 2947 2188 3026 ruiS,
2211 2947 2487 3012 inhibuit
2506 2946 2813 3012 omnibus

512 3051 578 3101 et
621 3035 884 3122 singulis
927 3037 1012 3102 de
1055 3035 1450 3122 professione
1479 3035 1765 3100 ecclesiae
1800 3035 1995 3100 Dune
2026 3037 2279 3114 mensis,
2311 3036 2433 3099 sub
2460 3056 2660 3121 poena
2686 3055 2813 3098 ex-

509 3123 1124 3196 communicationi&
1168 3145 1362 3210 quam
1407 3140 1669 3200 extunc,
1718 3145 1799 3188 ne
1831 3122 2059 3211 aliquis
2088 3121 2147 3186 ei
2178 3123 2539 3208 pecuniam,
2562 3121 2807 3206 jocale‚

512 3225 747 3286 vestes,
803 3211 905 3277 vel
957 3211 1194 3287 literaS,
1249 3233 1360 3276 seu
1408 3210 1733 3288 nuncium,
1789 3232 2174 3297 quocunque
2226 3207 2447 3274 colore
2499 3208 2807 3286 mitteret,

513 3299 636 3362 nisi
673 3298 794 3364 sibi
827 3298 925 3362 vel
967 3296 1309 3383 Suppriori
1359 3319 1476 3360 suo
1520 3299 1697 3382 prius
1726 3297 1837 3361 illa
1862 3297 2272 3372 ostenderet3
2330 3309 2396 3360 et
2422 3296 2542 3359 sub
2572 3295 2811 3360 eadem

514 3407 708 3470 poena
735 3386 1064 3472 praecepit,
1091 3396 1162 3447 ut
1187 3383 1458 3470 quilibet
1486 3383 1705 3449 literas
1733 3407 1850 3472 per
1877 3406 2022 3450 eum
2054 3382 2175 3447 sibi
2204 3381 2553 3448 destinatas
2574 3381 2813 3446 admit-

513 3482 719 3550 teret,⁴
761 3484 827 3536 et
877 3470 1186 3535 admissas
1239 3469 1505 3546 clausas,
1560 3484 1633 3535 ut
1684 3471 1949 3556 accepit,
2004 3471 2141 3537 sine
2192 3471 2537 3558 apercione
2596 3468 2811 3533 Priori

516 3557 887 3622 ostenderet
930 3555 1216 3624 indilate.
1315 3556 1597 3630 Quidam
1644 3579 1820 3646 ergo,
1866 3557 1929 3623 ei
1956 3558 2277 3637 benevoli,
2312 3558 2527 3623 literas
2554 3555 2813 3621 oblatas

515 3643 608 3708 eis
661 3644 1002 3709 admittere
1047 3642 1468 3720 recusabant;
1518 3643 1811 3709 nolentes
1846 3667 1955 3710 eas
1982 3643 2327 3709 ostendere.
2351 3669 2373 3721 3
2400 3643 2659 3733 quidam
2692 3641 2817 3708 ad-

517 3729 740 3796 missas
789 3745 1181 3818 aperuerunt
1207 3752 1234 3805 ·,
1275 3743 1342 3794 et
1391 3731 1641 3816 utrique
1672 3731 1736 3794 in
1762 3731 2152 3796 sentenciam
2181 3730 2567 3799 inciderunt.
2660 3731 2812 3816 Ap-

515 3817 781 3905 pellavit
833 3832 1045 3884 tamen
1089 3816 1418 3883 Johannes
1449 3819 1512 3881 in
1560 3817 1761 3883 Curia
1802 3831 2031 3884 contra
2058 3817 2529 3882 revocationem
2560 3829 2627 3880 et
2654 3838 2815 3902 pro-

515 3906 1004 3971 nunciacionem
1063 3918 1130 3969 et
1183 3905 1599 3970 monitionem
1661 3904 1778 3969 sibi
1838 3905 2097 3983 factam,
2172 3926 2461 3968 asserens
2514 3903 2813 3970 Priorem

515 3993 944 4081 lapidatorem
983 3995 1148 4078 [εἰσ]
1165 4005 1240 4058 et
1266 3991 1531 4057 diversis
1560 3990 1927 4057 criminibus
1955 3991 2287 4070 irretitum,
2318 4012 2566 4056 necnon
2596 4005 2663 4056 et
2691 4013 2817 4056 ex-

518 4080 1058 4146 communicatum
1091 4100 1177 4144 ex
1207 4102 1398 4144 causa
1429 4078 1902 4156 Archidiaconi,
1936 4091 2008 4144 ut
2040 4101 2236 4179 supra
2264 4078 2421 4142 folio
2450 4090 2684 4166 quarto
2706 4077 2815 4142 vel

521 4169 722 4232 tercio
769 4169 1096 4244 recitatur,
1149 4167 1233 4231 ad
1279 4166 1414 4231 ntale
1461 4164 1737 4266 signum,
1776 4166 1957 4249 [÷]*
2006 4180 2077 4232 et
2120 4167 2271 4230 ideo
2308 4187 2433 4229 non
2466 4165 2819 4229 tenebatur

521 4254 786 4318 obedire
817 4255 900 4320 ei.
975 4255 1185 4318 Immo
1209 4255 1292 4318 de
1318 4253 1713 4318 conscientia
1734 4254 2070 4319 tenebatur
2092 4266 2317 4318 contra
2344 4274 2487 4316 eum
2508 4253 2819 4338 prosequi

521 4340 587 4406 in
637 4340 857 4421 Curia,
904 4341 1067 4407 sicut
1113 4363 1370 4407 causam
1416 4340 1726 4418 ecclesiae,
1774 4363 1897 4406 nec
1941 4342 2026 4408 ad
2057 4339 2449 4407 contrarium
2480 4337 2699 4405 induci
2729 4339 2819 4404 de

1358 4521 1384 4548 ⁴*
1408 4516 1507 4568 See
1528 4530 1659 4584 page
1685 4519 1799 4578 109,
1821 4517 1997 4570 above.
