3000 5117
561 463 656 539 Ivi
1047 483 1250 534 ms'r.
1287 482 1648 534 DUNELm.
1681 485 2149 536 SCRIPTORE-:s
2182 483 2394 537 trans.

570 649 898 714 carebunt.
996 645 1352 732 Episcopus
1399 667 1551 711 sane
1605 645 2079 722 DunelmensiS,
2127 646 2365 712 intuitu
2414 657 2477 712 et
2507 649 2860 714 considera-

575 738 758 801 cione
795 733 969 820 pacis
1001 731 1202 811 istius,
1235 733 1585 818 saepedicto
1619 735 1859 800 Abbati
1892 749 2023 800 tam
2052 757 2169 798 suo
2199 757 2393 821 quam
2423 734 2707 800 ecclesi'ae
2736 759 2859 802 suae

575 822 833 889 nornine
863 819 1146 898 indulsit,
1181 833 1251 884 ut
1282 823 1364 885 ab
1395 820 1674 886 ecclesiis
1704 824 1787 887 ad
1818 821 2149 887 ecclesiam
2174 823 2256 887 de
2278 822 2657 908 Tynemuth
2676 823 2862 909 perti-

576 911 880 976 nentibus
911 908 1100 972 liceat
1132 908 1341 972 eidem
1381 909 1618 972 Abbati
1648 923 1715 973 et
1738 909 2039 973 fratribus
2062 909 2306 974 fructus
2330 910 2523 975 solito
2546 911 2859 976 uberiores

577 996 926 1084 percipere,
974 1009 1043 1059 et
1086 993 1422 1080 pensiones
1467 1018 1687 1060 earum
1730 996 2189 1062 decedentibus
2218 997 2511 1084 personis
2542 997 2893 1082 praesenti--

577 1085 722 1162 buS,
777 1105 970 1168 supra
1018 1105 1210 1168 quam
1259 1082 1438 1168 prius
1484 1083 1733 1148 solvere
1784 1099 2270 1162 consueverant,
2325 1084 2417 1149 ad'
2455 1084 2863 1174 quadraginta

581 1193 938 1236 marcarum
985 1191 1300 1234 summam
1359 1191 1617 1254 augere.
1727 1170 1884 1248 Nos,
1936 1170 2150 1256 igitur,
2210 1171 2485 1256 praefato
2544 1171 2861 1256 conjudice

581 1273 808 1323 nostro
855 1257 1140 1334 absente,
1191 1255 1307 1321 sed
1354 1256 1709 1321 absentiam
1760 1277 1939 1321 suam
1992 1279 2079 1321 ex
2131 1259 2336 1323 causis
2378 1257 2753 1323 necessariis
2801 1271 2860 1322 et

583 1345 1042 1410 sufficientibus
1091 1356 1462 1422 excusante,
1521 1344 2010 1409 transactionem
2064 1346 2251 1409 istam
2298 1359 2504 1410 ratam
2551 1345 2866 1422 habentes,

585 1433 966 1499 auctoritate
1024 1431 1207 1494 nobis
1268 1444 1334 1495 et
1392 1443 1714 1517 potestate
1774 1453 2076 1496 concessa
2132 1431 2589 1497 monasterium
2654 1432 2863 1496 Sancti

594 1520 826 1585 Albani
875 1519 956 1582 ab
1004 1517 1410 1602 impeticione
1465 1518 1917 1584 Dunelmensis
1967 1519 2255 1584 ecclesiae
2306 1541 2501 1605 super
2530 1522 2669 1607 jam
2709 1519 2869 1584 dicta

587 1605 859 1672 ecclesia
902 1617 968 1669 et
1011 1605 1405 1690 pertinentiis
1451 1605 1589 1690 ejus
1618 1605 2086 1691 imperpetuum
2116 1606 2525 1684 absolvimuS,
2562 1620 2629 1672 et
2656 1605 2871 1692 praefa-

587 1709 718 1759 tam
772 1691 1264 1757 transactionem
1319 1693 1565 1757 cunctis
1618 1693 2012 1792 temporibus
2065 1693 2463 1759 decrevimus
2514 1694 2863 1760 valituram.

596 1784 830 1846 Actum
885 1778 1256 1856 Warewici,
1304 1802 1475 1844 anno
1528 1779 1890 1845 Dominicae
1936 1781 2386 1846 incarnationis
2437 1788 2869 1859 M⁰c⁰nxx1111,

587 1869 794 1956 pridie
825 1865 968 1930 idus
1004 1865 1408 1932 Novembris·

593 2051 706 2096 tate
742 2042 1034 2109 Gospatrici
1073 2042 1190 2092 erit.
1259 2039 1335 2091 Et
1371 2041 1428 2092 si·
1453 2041 1640 2108 aliquis
1676 2043 1742 2094 de
1764 2044 1925 2095 bobus
1948 2043 2194 2096 defecerit
2215 2061 2304 2112 pro
2326 2059 2645 2112 unoquoque
2664 2045 2799 2096 bove
2821 2043 2875 2108 iii

595 2110 781 2163 solidos
803 2110 961 2161 dabit.
1037 2109 1092 2160 Si
1113 2116 1288 2160 autem
1312 2110 1423 2174 ipse
1445 2109 1785 2176 Gospatricus
1801 2111 1910 2162 filio
1934 2128 2028 2164 suo
2050 2111 2147 2163 vel-
2160 2113 2437 2180 praedictus
2458 2112 2607 2164 filius
2626 2114 2679 2164 ei
2710 2127 2875 2178 auper-

591 2181 802 2234 vixerit.
826 2177 1075 2229 relevabit
1101 2184 1291 2227 terram
1313 2175 1480 2228 dando
1515 2176 1572 2228 lx
1606 2178 1782 2240 horas,-
1790 2185 1847 2230 et
1884 2181 2063 2231 eodem
2086 2187 2236 2246 pacto
2258 2187 2313 2232 et
2336 2181 2528 2232 honore
2552 2181 2752 2232 tenebit
2784 2193 2877 2244 quo

591 2246 927 2313 praedecessor
948 2261 1072 2295 suus
1095 2251 1351 2295 tenuerat.
1456 2245 1699 2312 Cumque
1719 2255 1894 2298 autem
1917 2247 2007 2299 ille
2026 2255 2290 2314 superstes
2309 2247 2374 2299 ad
2396 2259 2634 2300 extrema
2657 2247 2778 2298 vite
2798 2245 2872 2296 de-

595 2314 820 2375 venerit,
853 2320 970 2363 tota
1005 2319 1146 2363 terra
1183 2313 1471 2363 remanebit
1510 2315 1564 2362 in
1605 2313 1829 2365 dominio
1853 2316 2024 2366 Sancti
2047 2323 2102 2366 et
2132 2315 2523 2375 Monachorum,
2546 2317 2661 2366 sine
2682 2313 2881 2380 inpedi-

593 2391 772 2433 mento
787 2386 844 2432 et
865 2379 1122 2431 calumnia
1142 2380 1497 2446 cujuscunque
1518 2380 1751 2439 haeredis,
1776 2383 1851 2433 ita
1866 2382 2074 2448 quidem
2098 2382 2383 2434 instaurata
2404 2393 2461 2435 et
2482 2383 2640 2450 plena
2658 2383 2885 2433 omnibus
2955 2409 2956 2412 =

593 2451 751 2502 rebus
789 2447 924 2498 sieut
959 2447 1132 2498 fuerat
1169 2448 1278 2513 ipsa
1318 2446 1402 2498 die
1435 2463 1539 2513 qua
1581 2451 1635 2498 in
1681 2449 1988 2502 infirmitate
2010 2449 2213 2502 decidit.
2284 2450 2386 2502 Sed
2408 2458 2465 2502 et
2486 2459 2609 2518 post
2629 2450 2878 2502 decessum

593 2532 746 2568 auum
772 2517 890 2566 Deo
909 2522 964 2566 et
987 2514 1245 2581 praedictis
1269 2515 1418 2566 Mart
1457 2517 1600 2566 ribus
1622 2517 1933 2569 stantunam
1958 2517 2215 2584 quandam
2236 2533 2385 2569 suam
2403 2519 2579 2570 villam
2604 2534 2695 2585 pro
2707 2517 2881 2568 animae

595 2601 704 2636 auae
740 2581 1094 2648 redemptione
1129 2585 1375 2634 concessit
1450 2585 1717 2635 abendam.
1804 2585 2081 2646 Praeterea,
2104 2585 2148 2636 si
2170 2601 2201 2636 a
2234 2586 2493 2637 monachis
2514 2588 2875 2638 convenienter

595 2653 942 2702 summonitus
960 2648 1120 2701 fuerit
1144 2649 1212 2701 ad
1231 2649 1418 2716 placita
1429 2667 1607 2702 eorum
1632 2667 1721 2718 per
1743 2653 1794 2703 N
1797 2654 2182 2708 orthumbriam.
2198 2654 2377 2705 venire
2394 2653 2567 2705 debet.
2634 2654 2708 2704 Et
2728 2655 2880 2704 scien·

598 2721 723 2770 dum
747 2725 827 2770 est
845 2717 981 2784 quod
1003 2719 1113 2784 ipse
1136 2718 1474 2783 Cospatricus-
1484 2719 1679 2770 obtulit
1700 2721 1973 2772 donatione
1988 2728 2241 2787 perpetua
2258 2722 2374 2773 Deo
2395 2728 2457 2772 et
2474 2724 2671 2773 sanctis
2697 2720 2880 2783 Marty-

596 2788 741 2838 ribus
775 2785 1034 2852 praedictis
1067 2785 1330 2837 ecclesiam
1371 2785 1436 2836 de
1476 2785 1890 2856 Edoluingeham
1914 2804 2032 2839 cum
2056 2797 2197 2839 terra
2218 2790 2375 2840 unius
2396 2805 2622 2840 carrucae
2646 2787 2811 2838 solida.
2830 2791 2881 2837 et

599 2855 790 2922 quieta,
814 2853 879 2904 de
901 2869 1002 2919 qua
1025 2861 1222 2904 exeunt
1245 2854 1475 2919 quinque
1501 2853 1661 2914 horae,
1683 2871 1801 2920 quae
1822 2863 1947 2906 sunt
1981 2857 2046 2907 de
2066 2856 2140 2922 iiij
2164 2855 2321 2906 libris.
2406 2857 2463 2908 Si
2494 2865 2674 2908 autem
2699 2856 2883 2921 Gospa·

597 2923 758 2973 tricus
779 2922 1172 2972 conventionem
1197 2921 1260 2970 de
1284 2922 1542 2986 praedictis
1565 2924 1716 2972 terris
1741 2931 1919 2973 tenere
1936 2923 2163 2974 noluerit
2182 2931 2275 2974 aut
2300 2925 2580 2989 nequierit,
2604 2924 2783 2975 reddet
2802 2937 2879 2972 eas
2955 2963 2956 2966 η

597 2988 782 3041 solidas
798 2997 854 3041 et
878 2990 1076 3054 quietas
1099 2990 1163 3038 ab
1180 3003 1332 3038 omne
1353 2987 1576 3040 clamore
1593 2997 1648 3041 et
1660 2989 1917 3042 calumnia
1933 2991 2286 3056 cuiuscunque
2304 2991 2523 3042 haeredis
2548 2994 2649 3052 sui,
2666 2998 2885 3042 tantum-

597 3057 750 3108 modo
771 3073 924 3108 suum
949 3055 1222 3122 superplus
1243 3055 1471 3106 habebit.
1583 3058 1739 3108 Hanc
1760 3060 2155 3109 conventionem
2180 3059 2516 3125 Gospatricus
2538 3066 2596 3111 et
2618 3059 2758 3110 filius
2778 3057 2884 3123 ejus

602 3125 773 3176 Adam
795 3125 1113 3190 juraverunt
1136 3139 1195 3174 su
1233 3139 1292 3173 er
1313 3139 1496 3189 corpus
1520 3124 1717 3176 Christi
1738 3133 1794 3176 et
1816 3125 2068 3176 feretrum
2094 3127 2275 3177 Sancti
2295 3126 2486 3177 Albani
2520 3143 2579 3178 se
2601 3136 2881 3177 servam-os

599 3191 1681 3322 {ffsssstzrti‘ssssifib‘itess&bitti-{3333
1692 3191 2217 3311 Eissssissae‘wfflssi
2225 3194 2302 3310 {1²2
2325 3193 2884 3326 ἓῗέξθΐῃῖἱξῖἓὲὲῖ

603 3326 900 3377 Rodbertus
921 3326 1064 3376 filius
1090 3295 1374 3385 Anskitilu,
1403 3325 1715 3378 willielmus
1758 3297 2173 3379 filius’Turstini
2212 3277 2473 3380 unguinis
2494 3328 2641 3380 filius
2664 3326 2883 3388 Geroldg

600 3394 790 3454 Lucas,
833 3390 1148 3452 Turchilluffi
1175 3393 1242 3439 W
1249 3392 1507 3454 illielmus,
1552 3395 1669 3446 Ada
1700 3395 1842 3445 filius
1866 3395 1975 3446 Gos
2010 3395 2175 3452 atrici.
2200 3395 2504 3447 Mainardus
2532 3395 2711 3462 judas,
2736 3392 2883 3446 wido

598 3459 943 3511 marescaldus
967 3460 1141 3527 Regis,
1169 3459 1464 3526 Hunespac.
1485 3461 1806 3528 Radulphus‚
1834 3461 1951 3513 Toli
2007 3478 2037 3513 e
2052 3463 2532 3524 westmonasterio,
2555 3463 2812 3514 Aluutnus
2824 3461 2885 3511 de

599 3526 1032 3591 Uuathamstede,
1073 3525 1387 3579 willielmus
1424 3527 1489 3580 de
1530 3530 1827 3594 Ostreham‚
1848 3531 2135 3599 Turgarus,
2160 3529 2419 3582 Radulfus
2447 3531 2625 3598 judas,
2648 3529 2883 3582 leofuui-

593 3611 710 3646 nus.

671 3711 844 3778 Lai-ge
865 3710 982 3762 oval
1003 3710 1124 3762 seal.
1193 3712 1270 3763 St.
1296 3710 1480 3772 Alban,
1505 3713 1632 3764 with
1669 3712 1761 3765 the
1782 3713 1921 3781 palm
1956 3714 2019 3767 of
2043 3715 2386 3784 Martyrdom.
2455 3714 2740 3785 Engraved
2758 3713 2882 3764 hom

601 3779 706 3832 this
724 3781 1025 3846 impression
1048 3780 1099 3830 in
1127 3781 1471 3831 Cluuerbuclc’s
1491 3784 1876 3846 Hertfm-dshire.

671 3913 969 3966 Numerous
990 3912 1142 3963 other
1162 3911 1485 3973 documenta,
1508 3911 1571 3965 of
1594 3915 1797 3966 antient
1819 3914 1956 3979 date,
1977 3913 2197 3968 relative
2216 3922 2271 3968 to
2294 3915 2386 3967 the
2401 3914 2669 3983 exchange
2690 3912 2753 3966 of
2762 3911 2884 3964 Tin-

601 3981 785 4034 mouth
810 3983 1041 4032 between
1068 3980 1160 4031 the
1194 3983 1527 4031 monasteries
1548 3979 1609 4030 of
1634 3981 1867 4033 Durham
1904 3982 2005 4034 and
2048 3983 2124 4035 St.
2149 3982 2381 4044 Alban's,
2404 3999 2522 4050 may
2558 3983 2624 4034 be
2644 3979 2803 4033 found
2828 3981 2883 4029 m

606 4049 893 4116 Hodgson's
913 4046 1402 4112 Nerthumberlaud‚
1419 4049 1547 4100 Part
1569 4049 1704 4116 111„
1721 4049 1841 4104 Vol.
1864 4051 1963 4116 11.,
1983 4049 2193 4120 printed
2214 4050 2348 4104 from
2367 4051 2459 4105 the
2476 4049 2718 4120 originale
2732 4047 2889 4102 indic

605 4116 837 4169 Durham
861 4113 1162 4183 Treasury..
