3000 5117
588 475 686 542 84
1085 489 1296 540 ms‘r.
1335 487 1693 539 nusum.
1728 486 2189 539 SCRIPTORES
2217 485 2433 538 rans.

597 649 784 714 nimis
833 645 1172 718 dilexerat.
1271 648 1659 713 Proefecerat
1704 645 1943 713 eumin
1972 645 2401 725 cardinalem3
2436 659 2505 712 et
2536 647 2910 713 decanatus

602 736 1120 802 Lincoluiensem
1165 750 1234 802 et
1289 734 1813 799 Londoniensem
1859 749 1926 799 et
1956 734 2159 799 multa
2184 735 2503 799 beneficia
2530 734 2799 820 pinguia
2830 733 2909 796 in

605 824 843 911 Anglia
889 823 950 887 ei
997 818 1195 891 dedit.
1292 821 1449 888 Erat
1483 821 1739 908 juvenis
1765 821 1931 886 bene
1952 835 2305 899 naturatuS,
2338 820 2454 886 sed
2484 821 2671 885 nimis
2703 821 2913 885 luxu-

599 911 826 977 riosus.
941 909 1118 975 Odio
1168 907 1365 993 igitur
1415 907 1654 973 Prioris
1700 921 2104 994 suggesserat
2151 908 2512 993 Episcopus
2549 908 2771 994 Papae,
2826 919 2911 970 ut

597 997 672 1062 ei
703 996 1025 1062 conferret
1060 995 1425 1060 Prion-atum
1453 995 1535 1059 de
1573 995 2027 1079 coldingham.
2118 995 2253 1060 Sed
2289 994 2460 1071 ReX,
2489 995 2653 1059 sicut
2679 996 2909 1059 bonus

601 1096 666 1148 et
697 1082 1360 1167 mudena-respondit
1395 1081 1638 1146 nunciis
1673 1080 1899 1166 Papoe,
1928 1079 2234 1145 “Miror”
2268 1080 2559 1168 {inquitfl
2587 1091 2731 1146 “ex
2762 1103 2912 1167 quo

605 1171 794 1254 Papa
814 1182 1067 1233 tantum⁴
1095 1167 1305 1252 diligi-t
1349 1169 1529 1232 illum
1562 1182 1865 1253 nepotem
1888 1190 2097 1245 suum,
2130 1169 2305 1255 quod
2330 1167 2485 1232 wult
2507 1167 2720 1233 facere
2743 1188 2911 1232 eum

601 1257 854 1340 nigrum
885 1255 1338 1324 monachum.”
1393 1255 1481 1320 Et
1510 1254 1632 1319 illis
1662 1255 2109 1332 asserentibus,
2143 1253 2473 1341 qnod-hoe
2495 1274 2627 1318 non
2651 1252 2915 1337 cogita-

599 1339 684 1406 vit
713 1368 735 1419 ς
781 1357 855 1407 et.
901 1342 1112 1417 Rex-3·
1143 1342 1287 1407 “Et
1331 1363 1448 1427 per
1497 1355 1783 1406 sanctum
1818 1341 2035 1405 Deum
2066 1363 2201 1406 non
2230 1339 2498 1406 habebit
2529 1340 2915 1405 Prior-atum

598 1430 800 1508 illum,
847 1430 982 1493 nisi:
1012 1427 1239 1494 fecerit
1283 1450 1349 1492 se
1391 1429 1825 1504 monachum3
1887 1427 1991 1492 Ita
2033 1429 2205 1491 enim
2248 1440 2472 1514 posset
2520 1427 2699 1512 Papa
2743 1448 2916 1491 con-

599 1516 766 1581 ferre
797 1516 1148 1602 quamlibet
1192 1513 1560 1580 abbathiam
1592 1515 1656 1578 in
1695 1513 1928 1599 Anglia
1954 1513 2361 1579 saecularibus
2388 1535 2407 1589 3
2445 1527 2515 1580 et
2534 1513 2915 1578 destruere-

601 1620 707 1666 tur
763 1603 1182 1688 eleemosyna
1229 1615 1458 1666 nostra
1510 1615 1584 1667 et
1636 1600 2123 1685 progenitorum
2169 1601 2595 1664 nostrorum.”
2690 1601 2915 1665 Beata

601 1703 793 1767 terra,
841 1690 1024 1774 cujus
1080 1689 1228 1752 Rex
1274 1688 1525 1756 nobilis.
1641 1686 1922 1752 Veniens
1973 1686 2159 1752 Prior
2188 1687 2270 1752 ad
2302 1686 2576 1765 curiam,
2596 1708 2743 1752 rece
2796 1699 2911 1750 tus

600 1791 699 1840 est
741 1798 784 1840 a
824 1776 1007 1860 Papa
1055 1789 1124 1841 et
1167 1774 1606 1840 cardinalibus·
1640 1795 1787 1839 cum
1818 1775 2061 1838 favore.
2186 1774 2423 1874 [Unde
2460 1774 2641 1858 Papa
2670 1774 2731 1836 vi
2780 1795 2911 1837 ens

599 1861 990 1948 eleganciam
1017 1883 1336 1948 personae,
1367 1883 1618 1926 morum
1650 1860 2098 1938 maturitatem,
2130 1859 2471 1925 scienciam
2494 1876 2561 1926 et
2588 1860 2911 1947 eloquen-

600 1950 785 2028 ciam,
832 1948 1158 2014 fatebatur
1186 1971 1253 2012 se
1299 1970 1430 2012 non
1477 1949 1684 2012 solum
1715 1947 1988 2048 pessime
2018 1947 2134 2013 sed
2165 1947 2520 2032 pessissime
2548 1969 2799 2012 errasse
2830 1948 2910 2010 in

597 2036 1016 2123 suspensione
1037 2036 1194 2121 ejus,
1227 2048 1296 2100 et
1319 2057 1464 2099 eum
1497 2035 1779 2100 restituit
1808 2049 2039 2098 octavo
2068 2034 2232 2115 kat]
2260 2032 2664 2100 Novembris.
2758 2033 2907 2100 Sed

598 2147 720 2210 pro
752 2123 1158 2189 restitutione
1187 2121 1361 2186 mille
1391 2143 1635 2186 marcas
1657 2125 1852 2202 [suae]
1876 2142 2148 2186 camerae
2176 2121 2339 2185 solvi
2366 2120 2611 2186 statuit.
2706 2119 2910 2184 Prior

602 2232 777 2288 vei-0,
818 2213 908 2274 sic
953 2208 1306 2286 restitutae,
1363 2207 1428 2272 in
1459 2208 1639 2273 curia
1668 2221 1959 2273 mortuus
1980 2221 2098 2286 est,
2131 2207 2362 2294 quinto
2390 2207 2533 2272 idus
2576 2207 2913 2284 Ianuarii,

601 2319 778 2363 anno
827 2295 1098 2362 Domini
1143 2315 1328 2360 mccc
1370 2292 1668 2380 septimo,
1719 2309 1787 2360 et
1836 2297 2060 2359 omnia
2107 2294 2281 2359 bona
2324 2315 2461 2372 sua,
2514 2294 2685 2381 equi,
2738 2317 2917 2359 vasa

605 2397 940 2468 argentea,
960 2383 1108 2447 libri
1149 2397 1215 2447 et
1243 2381 1487 2466 jocalia
1512 2404 1785 2448 camerae
1823 2381 2023 2466 Papoe
2052 2380 2409 2446 confiscata
2430 2395 2602 2446 sunt.
2712 2379 2913 2446 Nota.

603 2472 824 2549 etiam,
873 2469 1058 2557 quod
1100 2491 1274 2533 anno
1329 2468 1598 2534 Domini
1658 2489 1841 2534 Mccc
1943 2470 2145 2546 uinto,
2196 2467 2375 2531 missi·
2416 2480 2568 2532 sunt
2616 2469 2917 2552 juvenes

609 2557 902 2622 monachi
971 2556 1311 2621 duedecim
1373 2555 1545 2639 apud
1627 2491 2081 2638 colding‘iiam,
2154 2568 2225 2619 et
2274 2553 2363 2619 ibi
2411 2555 2497 2619 ab
2572 2553 2913 2640 Episcopo

603 2644 804 2714 sancti
851 2643 1137 2708 Andreae
1180 2641 1480 2708 ordinati.
1572 2644 1897 2707 Antonius
1926 2641 2097 2706 enim
2120 2654 2426 2727 reputans
2460 2640 2749 2707 Priorem
2780 2663 2916 2706 ex-

603 2731 1148 2796 communicatum
1215 2742 1282 2794 et
1341 2729 1617 2814 majores
1674 2728 1963 2813 capituli,
2024 2727 2232 2793 noluit
2288 2729 2534 2814 aliquos
2593 2727 2917 2793 ordinare

605 2832 1041 2903 praesentatos
1081 2837 1200 2902 per
1259 2816 1464 2900 ipsus..
1556 2816 1757 2896 [Cum
1826 2815 1973 2880 Rex
2035 2815 2296 2902 Angliae
2358 2814 2715 2879 Edwardus
2776 2815 2915 2880 sibi·

616 2904 908 2970 Scociam
953 2902 1386 2990 subjugasset,
1421 2915 1489 2966 et
1531 2902 1877 2968 fidelitates
1904 2916 1975 2966 et
2003 2901 2306 2986 homagia
2332 2900 2675 2986 acciperet,
2708 2901 2915 2966 alter-

605 3006 822 3057 catum
862 3004 964 3058 est
993 2991 1168 3056 inter·
1189 2991 1384 3053 istum
1420 2988 1707 3054 Prior-em
1746 2989 2095 3054 Ricardum
2125 3003 2191 3052 et
2224 2989 2321 3053 H.
2350 2987 2437 3054 de
2467 2987 2917 3066 Horncastre,

611 3079 904 3145 Priorem
947 3077 1034 3142 de
1077 3075 1535 3160 coldingham,
1580 3075 1725 3162 quis
1768 3097 1992 3140 eorum
2039 3074 2417 3140 fidelitatem
2468 3073 2633 3158 Regi
2664 3074 2915 3140 ’facere

605 3167 909 3231 deberet=
957 3163 1125 3228 dixit
1169 3162 1340 3228 enim
1396 3162 1586 3227 Prior
1644 3161 1957 3226 Ricardus
2002 3185 2071 3228 se
2129 3161 2366 3228 debere
2422 3162 2657 3240 facere,
2717 3163 2913 3249 quod·

607 3253 828 3318 onmia
876 3251 1264 3337 pertinentia
1315 3248 1401 3314 ad
1459 3247 1895 3337 coldingham
1938 3263 2090 3314 sunt
2126 3249 2363 3314 collata
2390 3249 2544 3315 Deo
2572 3263 2642 3315 et
2670 3261 2907 3313 sancto

615 3340 1006 3414 cuthberto,
1073 3336 1306 3401 Priori.
1334 3348 1401 3400 et
1459 3336 1809 3400 conventui
1860 3335 2310 3414 Dunelmensi,
2360 3350 2431 3402 et
2478 3335 2671 3400 etiam
2718 3336 2911 3422 quod.

614 3427 802 3490 Prior
843 3425 929 3488 de
976 3422 1406 3506 coldingham
1459 3423 1715 3487 dativus
1756 3436 1882 3501 est,
1924 3424 2074 3488 ideo
2117 3445 2238 3488 nec
2281 3423 2478 3488 debet
2514 3421 2909 3492 fidelitatem

609 3513 824 3578 facere
889 3512 1078 3594 Regi,
1141 3531 1262 3574 nec
1321 3509 1755 3574 obedientiam
1806 3509 2113 3596 episcopo
2162 3509 2366 3574 saneti
2416 3508 2722 3579 Andreae.
2842 3507 2911 3572 E

609 3618 948 3674 eonversO,
996 3618 1170 3674 vero,
1226 3596 1557 3661 asserebat
1608 3596 1789 3660 Prior
1840 3597 1923 3660 de
1985 3596 2452 3681 coldingham,
2502 3617 2701 3680 grave
2758 3619 2911 3662 esse

614 3685 825 3752 Priori
877 3681 1296 3749 Dunelmensi
1351 3681 1570 3748 venire
1614 3681 1701 3747 ad
1744 3683 2235 3768 parliamentum
2284 3683 2483 3768 Regis
2520 3683 2784 3761 Scotiae,
2816 3684 2911 3747 ad

611 3773 980 3840 vocationes
1033 3784 1102 3835 et
1155 3767 1404 3858 synoda
1449 3768 1743 3854 episcopi·
1770 3770 1980 3835 sancti·
2004 3771 2313 3848 Andreae,
2346 3783 2413 3834 et
2460 3770 2663 3854 magis
2700 3791 2913 3856 expe-

612 3860 754 3927 dire
803 3859 1091 3927 Priorem
1138 3857 1220 3922 de
1268 3855 1699 3942 coldingham
1746 3857 2058 3940 praedieta
2101 3857 2311 3921 facer-e
2370 3879 2561 3944 quam
2612 3857 2910 3922 Priorem

611 3947 1139 4014 Dunelmensem.
1232 3941 1378 4008 Istis
1421 3943 1515 4008 sic
1556 3942 2039 4021 altercantibus»,
2075 3943 2243 4009 dixit
2271 3943 2570 4008 dominus
2606 3945 2915 4028 Rogerus

610 4036 699 4101 de
745 4033 1104 4110 Brabazon,
1161 4029 1356 4117 Regis
1393 4029 1809 4116 justiciarius,
1860 4030 2183 4096 “Mavult
2214 4030 2513 4096 dominus
2543 4053 2723 4096 meus
2758 4031 2919 4097 Rex.

611 4124 853 4188 habere
897 4119 1241 4185 fidelitates
1272 4140 1384 4182 seu
1417 4117 1719 4204 homagia
1746 4118 2021 4183 duorum
2053 4140 2247 4204 quam
2278 4117 2526 4190 unius,”
2556 4132 2624 4182 et
2654 4119 2747 4183 ita
2775 4133 2920 4184 tam

613 4209 802 4276 Prior
835 4207 1308 4282 Dunelmensis,
1343 4225 1537 4292 quam
1570 4206 1651 4271 the
1688 4205 2121 4291 coldingham
2152 4205 2525 4272 fidelitatem
2554 4227 2674 4293 pro
2706 4205 2919 4272 cold-

611 4296 884 4387 ingham·
910 4295 1074 4383 Regi
1104 4293 1309 4380 fecit]
