3000 5117
569 476 811 550 clxxiv
1069 500 1275 550 msr.
1315 497 1673 551 DUNELM.
1714 500 2179 552 semri-omas
2214 502 2428 581 funs.

571 660 946 747 Hagthorp,
993 658 1260 741 clericis,
1303 661 1773 731 Lichefeldens.
1808 676 1875 730 et
1907 660 2215 729 Dunelm.
2246 662 2416 728 dioc.
2452 661 2877 728 Postmodum

567 748 800 813 eodem
839 749 946 815 die
992 788 1084 801 —-
1132 749 1198 815 in
1236 750 1563 837 Hospitali
1614 754 1699 819 de
1754 750 2125 829 Shireburm
2174 752 2241 815 in
2288 750 2567 838 quadam
2600 772 2871 829 camera,

567 834 778 900 dictus
821 836 1126 922 magister
1163 838 1502 905 Uthredus
1536 838 1959 927 personaliter
1988 838 2304 904 accedens
2348 838 2431 902 ad
2462 837 2881 924 praesenciam

567 924 950 989 venerabilis
998 926 1197 1009 patris
1241 928 1556 1011 praedicti‚
1604 929 1727 993 sibi
1772 929 2073 1011 exposuit
2116 924 2875 1014 negocium-praedictum

567 1026 638 1074 et
685 1032 940 1077 causam
992 1010 1310 1079 adventus
1363 1058 1446 1071 -
1490 1018 1589 1080 'et-
1612 1014 1783 1082 idem
1814 1013 2195 1079 venerabilis
2224 1026 2409 1099 pater
2436 1014 2879 1100 respondebat

566 1098 688 1162 sub
740 1099 863 1164 ista
913 1099 1140 1165 sorma-
1233 1110 1277 1143 “
1302 1102 1475 1167 Volo
1519 1102 1609 1169 ibi
1638 1103 1971 1189 hospitari,
2003 1115 2102 1166 set
2130 1100 2345 1188 palam
2374 1100 2547 1166 facio
2580 1100 2877 1165 omnibus

566 1183 674 1249 hic
719 1187 1142 1269 praesentibus
1171 1188 1350 1275 quod
1381 1212 1515 1255 non
1544 1204 1641 1255 est
1670 1188 2047 1256 intencionis
2078 1210 2263 1267 meae,
2298 1210 2421 1253 nec
2442 1190 2597 1265 erit,
2634 1187 2879 1252 ibidem

565 1272 764 1358 recipi
783 1274 934 1358 jure
955 1296 1103 1339 meo
1135 1274 1500 1362 Episcopali
1524 1277 1791 1343 racione
1810 1274 2193 1341 visitacionis
2216 1298 2379 1341 meae
2400 1274 2727 1341 faciendoe
2756 1276 2875 1329 —''

431 1402 456 1411 -
570 1358 1004 1425 Praesentibus
1053 1396 1146 1411 —
1199 1362 1490 1429 Roberto
1536 1365 1622 1429 de
1681 1363 2265 1450 Hemmyngburgh
2308 1376 2375 1429 et
2428 1362 2725 1429 Ricardo
2794 1366 2877 1428 de

571 1444 811 1533 Rypon
843 1446 1044 1513 Ebor.
1077 1464 1145 1514 et
1175 1450 1485 1517 Dunelm.
1521 1452 1713 1517 Dioc.
1744 1450 2039 1518 testibus.

743 1819 892 1868 CLV.
972 1819 1292 1865 Pnowslo
1329 1819 1598 1865 uthMA
1628 1822 1907 1867 DOMINO
1940 1790 2270 1867 RofiERTo
2304 1820 2392 1865 DE
2426 1820 2708 1865 WALLE-

744 1908 996 1952 woRTn
1063 1908 1408 1958 QUONDAM
1479 1910 1830 1954 BchEstffi
1892 1908 2383 1954 DUNBLMENSIS
2445 1908 2697 1953 PRIOR!

743 1994 882 2038 Pan
941 1994 1261 2039 Pmonnm
1323 1996 1411 2040 ΕΤ
1477 1996 1885 2041 CAPITULUM
1946 1996 2268 2043 EJUSDBM
2320 1992 2548 2041 'FACTA
2609 1994 2702 2040 2⁶1·

737 2080 1103 2131 CONCESSA.

1415 2201 1575 2271 [neg.
1596 2202 1677 2255 11.
1700 2201 1790 2255 fol.
1810 2203 1932 2259 31⁴.
1951 2203 2031 2268 b.]

653 2320 973 2386 Noverint
1025 2321 1324 2398 universi,
1375 2334 1729 2405 pra-sentes
1774 2319 1991 2385 literas
2050 2318 2418 2405 inspecturi,
2476 2316 2656 2419 quod
2720 2318 2877 2383 licet

561 2408 811 2474 dudum
863 2408 1176 2474 dominus·
1211 2408 1537 2473 Johannes
1585 2407 1670 2472 de
1724 2407 1937 2492 Akley
1968 2407 2265 2494 supprior
2292 2407 2585 2472 ecclesiae
2620 2406 2885 2471 Dunel-

559 2497 794 2562 mensis
826 2509 891 2562 et
919 2496 1212 2581 ejusdem
1244 2494 1368 2561 loci
1386 2496 1784 2572 Conventus,
1817 2495 2113 2561 Prioratu
2138 2508 2431 2572 vacante,
2458 2494 2883 2559 attendentes
2971 2510 2972 2517 ¹

561 2583 811 2649 labores
841 2584 1128 2648 assiduos
1179 2605 1340 2670 quos
1392 2584 1691 2647 dominus
1722 2582 2053 2648 Robertus
2079 2581 2163 2647 de
2201 2582 2635 2659 Walleworth,
2668 2602 2883 2668 quon-

562 2671 712 2735 dam
749 2670 937 2735 Prior
973 2670 1166 2734 dictae
1197 2671 1514 2749 ecclesiae,
1560 2670 1730 2735 circa
1756 2670 2009 2735 salubre
2038 2672 2325 2755 regimen
2356 2669 2674 2753 ejusdem,
2710 2684 2779 2735 et
2808 2670 2877 2732 in

559 2758 700 2822 aliis
729 2756 950 2821 officiis
979 2757 1278 2823 sustinuit
1307 2758 1643 2835 indefesse,
1676 2779 1751 2823 ac
1776 2756 2271 2844 preminenciam
2292 2771 2495 2822 status
2526 2757 2649 2834 sui,
2674 2778 2875 2843 quam

560 2845 628 2908 in
687 2845 864 2909 dicto
909 2844 1218 2933 regimine
1279 2844 1526 2923 habuit,
1577 2860 1785 2910 certas
1832 2844 2173 2931 porciones
2232 2844 2611 2910 facultatum
2676 2842 2877 2929 ipsius

559 2933 870 3013 ecclesiae,
925 2955 1058 2998 una
1107 2955 1254 2997 cum
1292 2933 1558 2999 cameris
1610 2946 1679 2997 et
1730 2933 1981 3020 capella
2026 2946 2095 2998 et
2125 2932 2263 2997 aliis
2310 2932 2459 2996 vitoe
2492 2931 2869 2995 necessariis

555 3020 726 3087 infra
751 3021 1000 3087 Cellam
1032 3020 1114 3087 de
1144 3018 1481 3109 Fynkhall,
1508 3044 1630 3107 pro
1662 3020 2135 3087 sustentacione
2164 3020 2523 3085 honorifica
2552 3022 2713 3083 vitae
2736 3042 2877 3084 suas
2968 3064 2970 3105 ,

556 3130 637 3177 cx
676 3109 962 3175 unanimi
983 3131 1293 3174 consensu
1326 3124 1782 3175 concesserunt
1809 3121 1874 3172 et
1904 3108 2410 3191 assignaverunt,
2443 3107 2528 3171 ad
2558 3106 2871 3193 frequen·
2968 3148 2970 3173 η

556 3211 692 3263 tem
743 3211 961 3263 tamen
1002 3196 1377 3262 instanciam
1439 3193 1690 3281 praefati
1742 3195 1984 3261 domini
2036 3194 2333 3273 Roberti,
2393 3207 2463 3258 et
2511 3194 2875 3258 amicorum

554 3305 846 3363 suorum,
891 3306 1008 3348 nos
1047 3284 1378 3349 Johannes
1417 3282 1604 3347 Prior
1633 3296 1701 3347 et
1736 3283 2110 3349 Conventus
2142 3280 2511 3367 saepedictae
2540 3281 2863 3358 ecclesia»,

554 3373 794 3437 dictam
840 3371 1382 3436 sustentacionem
1442 3371 1505 3434 in
1538 3372 1807 3435 formam
1834 3383 2210 3457 sequentem
2240 3368 2543 3433 duximus
2574 3390 2876 3433 commu-

555 3458 865 3534 tandam3
905 3457 1205 3522 videlicet
1261 3458 1462 3544 quod,
1527 3470 1818 3523 cessante
1892 3456 2303 3522 concessione
2370 3456 2877 3521 sustentacionis

557 3545 942 3630 supradictae
995 3558 1064 3609 et
1107 3543 1360 3631 penitus
1404 3545 1751 3623 annullata,
1797 3544 2036 3609 habeat
2067 3566 2185 3629 pro
2215 3556 2359 3608 toto
2388 3554 2687 3628 tempore
2710 3544 2875 3609 vitae

554 3654 690 3697 suae
723 3632 971 3697 Cellam
996 3646 1273 3696 nostram
1321 3632 1405 3696 de
1449 3632 1723 3709 Jarowe‚
1758 3654 1903 3697 cum
1934 3631 2231 3696 omnibus
2264 3630 2867 3709 commoditatibuS,

555 3719 960 3797 aisiamentiS,
993 3732 1058 3785 et
1078 3719 1214 3784 aliis
1240 3718 1645 3804 pertinenciis
1676 3718 1985 3783 universis
2014 3740 2133 3804 per
2160 3718 2458 3784 dominos
2486 3717 2871 3783 ,Iohannem

554 3809 638 3875 de
689 3808 974 3894 Lomley-
1015 3821 1082 3872 et
1135 3806 1453 3871 Thomam
1510 3807 1841 3872 Launsells
1890 3805 2219 3893 quondam
2272 3806 2618 3894 magistros
2664 3806 2870 3869 dictae
2966 3830 2968 3856 ε

561 3897 763 3963 cenae
839 3893 1032 3980 ercipi
1065 3896 1404 3973 consuetis,
1425 3916 1557 3959 una
1585 3916 1727 3959 cum
1762 3894 2027 3959 decimis
2051 3895 2395 3979 garbarum
2426 3895 2511 3958 de
2546 3892 2879 3959 schalde-e

547 3984 744 4064 forth,
861 3980 1398 4060 orthschirborne,
1442 3981 1833 4048 Schirborne
1866 3982 2141 4068 Balyon‚
2188 3994 2257 4047 et
2288 3980 2673 4060 Ludworth,
2710 3984 2871 4046 curn

552 4072 800 4139 duabus
831 4070 1060 4136 marcis
1089 4069 1468 4156 recipiendis
1512 4071 1598 4135 de
1628 4070 2014 4135 tenementis
2046 4070 2111 4133 in
2140 4069 2293 4135 villa
2322 4071 2407 4135 de
2436 4070 2677 4147 Jarow,
2712 4092 2867 4157 qaae

553 4158 951 4225 willielmus
1001 4158 1407 4247 Dryciougb‚
1461 4158 1789 4222 Robertus
1838 4156 2054 4244 Mody
2104 4171 2173 4223 et
2224 4158 2520 4223 Thomas
2582 4158 2873 4243 Syrnson

551 4245 750 4311 modo
801 4258 1040 4324 tenent,
1102 4259 1431 4311 reservato
1487 4245 1809 4310 scaccario
1854 4262 2079 4309 nostro
2125 4244 2555 4310 Dunelmensi
2598 4244 2865 4309 residuo

549 4334 758 4400 firmae
787 4333 1104 4399 dictorum
1138 4344 1666 4411 tenementorum,
1692 4356 1813 4419 pro
1830 4334 2306 4398 sustentacione
2332 4354 2447 4399 sua
2475 4346 2547 4397 et
2574 4331 2861 4397 duorum

547 4422 1032 4496 monachorum,
1093 4443 1255 4507 quos
1311 4442 1433 4487 nos
1469 4419 1657 4483 Prior
1716 4419 1816 4484 vel
1848 4442 2244 4487 successores
2274 4420 2501 4498 nostri,
2533 4442 2859 4485 consensu
2964 4484 2966 4495 ,

549 4508 837 4594 ejusdem
935 4504 1178 4574 domini
1267 4506 1563 4588 Roberti,
1664 4506 2151 4575 decreverimus·
2234 4509 2337 4575 vel
2455 4507 2861 4575 decreverim
2965 4516 2966 4522 ’
