3000 5117
779 511 1181 572 uouemus
1239 513 1340 570 m:
1395 511 1907 570 GRAYSTANES.
2381 491 2475 564 51

81 676 118 772 [
169 677 312 742 ricis
337 678 494 757 suia,
523 679 586 742 in
613 701 869 744 camera
885 702 1020 754 sua,
1047 679 1136 744 sic
1161 678 1289 756 ait3
1318 687 1364 722 ‘⁶
1385 679 1583 758 Quod
1605 703 1731 766 ego
1752 681 2027 744 venirem
2057 677 2475 755 Dunelnimn,

169 781 436 850 propter
489 766 952 852 professionem
989 783 1258 831 vestram
1291 789 1507 832 coram
1540 790 1643 830 me
1676 767 2085 844 recitandum,
2109 766 2301 850 juxta
2346 764 2477 826 for·-

169 874 334 916 mam
387 853 612 918 nescio
657 875 852 942 quam
893 853 1032 919 heri
1080 854 1336 933 factam,
1382 877 1500 918 nec
1533 856 1641 919 ubi
1688 855 2089 919 observatam
2122 874 2249 916 non
2284 851 2473 914 video

167 939 516 1004 rationem.-
604 940 702 1006 Ut
753 940 910 1028 quid
957 941 1124 1006 enim
1172 957 1409 1006 starem
1458 943 1540 1006 ad
1590 943 1809 1018 altare,
1842 956 2089 1027 partem
2122 937 2310 1005 officii
2344 935 2470 1001 mei

169 1026 494 1105 faciendo,
543 1040 608 1092 et
638 1041 886 1113 partem
915 1020 1300 1106 omittendo,
1335 1029 1568 1094 derisio
1598 1045 1765 1093 esset
1796 1029 1987 1092 mihiz
2036 1029 2149 1092 sed
2178 1027 2231 1090 si
2261 1025 2475 1090 velitis

168 1113 401 1192 facere,
429 1129 630 1199 prout
647 1115 1010 1180 continetur
1027 1114 1090 1180 in
1109 1115 1630 1194 benedictionali,
1657 1115 1880 1179 dicatis
1902 1114 2081 1191 mihi3
2101 1115 2197 1178 sin
2220 1127 2462 1189 autem,

167 1221 292 1263 non
347 1223 590 1286 ponam
638 1201 726 1265 ibi
781 1202 1032 1285 pedem,
1113 1205 1218 1267 uia
1247 1203 1450 1267 forma
1481 1203 1657 1268 nulla
1690 1219 1807 1278 est,
1841 1216 1909 1266 et
1940 1217 2167 1268 contra
2193 1201 2465 1265 formam

169 1288 540 1352 universa-lis
605 1289 956 1357 ecclesiae.”
1063 1225 1645 1374 (lle-spondentibus
1705 1291 1973 1367 nunciiS,
2033 1289 2207 1376 quod
2268 1286 2467 1352 nichil

171 1375 440 1439 ulterius
497 1376 826 1440 audebant
879 1376 1277 1462 promittere,
1338 1399 1529 1464 quam
1592 1379 1683 1441 eis
1743 1391 1884 1442 erat
1942 1377 2321 1462 injunctum,
2383 1397 2465 1439 ea

165 1461 380 1539 etiam,
434 1485 582 1549 quae
635 1463 766 1548 ipse
814 1463 1109 1548 postulat,
1163 1487 1294 1529 non
1323 1478 1505 1529 erant
1537 1464 1617 1528 de
1648 1463 2006 1528 substanti-a
2032 1463 2467 1548 professioniti,

167 1551 276 1614 sed
322 1551 540 1614 solum
590 1556 922 1637 solempne
969 1567 1210 1628 votum,
1260 1551 1436 1639 quod
1483 1573 1701 1616 coram
1746 1550 1967 1615 Priore
1998 1552 2359 1626 emiserant,
2392 1567 2462 1614 et

167 1658 384 1700 coram
439 1660 523 1702 eo
573 1639 802 1702 iterare
861 1641 1066 1723 parati
1125 1654 1357 1714 erant3
1421 1648 1705 1702 “verum
1766 1639 1929 1715 est,’'
1976 1637 2205 1723 inquit,
2254 1648 2461 1702 “non

165 1737 260 1787 est
288 1724 376 1788 de
409 1723 788 1802 substantia,
819 1726 932 1789 sed
963 1724 1048 1789 de
1079 1725 1242 1790 bene
1271 1747 1432 1802 esse,-
1463 1741 1528 1790 et
1562 1726 1892 1789 honestate
1914 1725 2358 1810 professioni&
2389 1739 2461 1789 et

164 1812 334 1895 quod
362 1834 494 1896 ego
517 1813 879 1877 omitterem
903 1835 1000 1889 ea,
1027 1833 1173 1900 quae
1195 1825 1344 1877 sunt
1371 1812 1740 1890 honestatis,
1764 1814 2041 1878 maxime
2060 1811 2122 1874 in
2144 1811 2281 1889 hiis,
2310 1833 2457 1898 qnoe

163 1897 244 1960 ad
285 1899 576 1964 officium
619 1921 832 1964 meum
879 1901 1224 1984 pertinent,
1261 1921 1386 1965 non
1433 1900 1714 1975 deceret,
1745 1921 1863 1964 nec
1896 1898 2145 1967 faciam.
2240 1897 2465 1963 Testis

163 2003 258 2050 est
299 1987 462 2050 mihi
499 1986 700 2064 Deus,
742 1987 918 2074 quod
949 2008 1078 2051 non
1109 1987 1304 2075 exigo
1333 1986 1456 2050 hoc
1486 1987 1605 2050 nisi
1641 2002 1903 2073 propter
1932 1989 2275 2072 puritatem
2305 2007 2458 2050 con-

159 2073 456 2138 scientim
508 2087 736 2138 vestrae
781 2088 852 2139 et
898 2097 1080 2153 meae,
1133 2088 1205 2139 ut
1248 2073 1440 2139 etiam
1485 2075 1657 2140 scitis
1701 2073 1943 2138 habiles
1971 2087 2041 2139 et
2070 2073 2287 2162 quales
2316 2096 2457 2138 esse

160 2158 438 2225 debetis.
539 2160 848 2226 Redeatie
887 2183 1070 2246 ergo,
1120 2175 1188 2227 et
1225 2184 1351 2246 ego
1403 2162 1655 2226 mittam
1695 2161 2017 2226 vobiscum
2062 2160 2325 2226 fratrem
2362 2161 2449 2228 R.

158 2246 238 2310 ele
293 2247 606 2326 Barnebi,
657 2247 1044 2313 confratrem
1095 2262 1372 2314 vestrum
1402 2270 1429 2325 ’μ
1473 2271 1587 2334 per
1638 2247 1841 2334 ipsum
1883 2248 2271 2314 remandetis
2295 2247 2453 2311 mihi

159 2333 566 2400 voluntatem
598 2336 1016 2401 Conventus:
1057 2336 1230 2401 bene·
1255 2337 1392 2402 scio
1417 2337 1595 2423 quod
1624 2335 1923 2422 superbia
1943 2335 2271 2401 seniorum
2301 2335 2455 2400 facie

157 2435 398 2486 totum.
495 2423 780 2488 Juvenes
831 2422 998 2488 enim
1049 2423 1294 2488 faciunt
1337 2423 1642 2511 quicquid
1690 2426 1783 2488 eis
1834 2423 2027 2488 fuerit
2072 2422 2457 2512 injunctum,-

156 2509 268 2573 sed
297 2509 592 2575 seniores
611 2532 741 2574 non
775 2511 1176 2595 permittunt.
1268 2512 1384 2575 Isti
1413 2525 1562 2576 sunt
1590 2510 1827 2574 similes
1856 2511 2260 2596 magnatibus
2290 2508 2453 2574 mul-

157 2597 258 2673 tis,
325 2599 466 2684 qui,
525 2619 674 2662 cum
723 2611 988 2683 propter
1038 2598 1292 2684 culpam
1351 2620 1531 2662 suam
1589 2600 2155 2677 excommunicati,
2206 2597 2451 2662 debent

157 2683 450 2748 eoelesiae
501 2683 887 2763 satisfacere,
936 2698 1283 2772 antequam
1337 2684 1766 2764 absolvantur,
1801 2685 2027 2751 volunt
2064 2686 2243 2773 quod
2269 2683 2454 2750 satis-

159 2769 358 2836 factio
413 2771 900 2856 praeordinetur,
953 2772 1305 2838 secundum
1361 2771 1757 2837 voluntatem
1818 2796 2059 2852 eorum,
2110 2789 2181 2840 et
2222 2772 2448 2836 volunt

159 2873 328 2924 stare
375 2859 628 2944 judicio
674 2859 983 2925 ecclesiae.
1098 2860 1325 2939 Immo,
1379 2859 1430 2923 si
1485 2859 1641 2948 quid
1690 2859 1779 2924 eis
1838 2861 2196 2945 injunctum
2256 2859 2452 2925 fuerit

160 2959 388 3011 contra
439 2947 855 3025 voluntatem,
905 2947 1130 3014 dicunt
1175 2971 1244 3012 se
1289 2948 1482 3013 malle
1532 2947 2118 3012 excommunicatos
2160 2969 2447 3026 manere,

161 3054 350 3118 quam
403 3034 534 3099 tale
627 3035 737 3099 uid
783 3035 1012 3101 tacere.
1111 3035 1198 3100 Et
1248 3035 1372 3100 hoc
1422 3035 1663 3099 habent
1691 3056 1732 3098 a
1758 3033 2041 3112 diabole,
2072 3035 2225 3121 quia
2251 3034 2451 3098 homo

161 3121 541 3188 christianus
581 3058 793 3187 1{lebet
833 3145 1084 3208 semper
1129 3123 1296 3187 velle
1340 3122 1517 3208 quod
1566 3121 1751 3186 Deus
1793 3120 1954 3199 vult,
2001 3133 2071 3186 et
2122 3120 2328 3185 honor
2354 3133 2453 3185 est

161 3207 509 3274 christiano
550 3210 896 3275 secundum
942 3225 1184 3276 statuta
1217 3209 1504 3274 ecelesiae
1536 3209 1763 3285 vivere,
1794 3220 1861 3272 et
1890 3207 2457 3275 excommtmicato

163 3311 324 3361 esset
353 3297 568 3362 honor
587 3319 804 3362 eoram
838 3311 976 3362 toto
1001 3297 1245 3363 mundo
1271 3295 1480 3362 facere
1546 3296 1675 3361 uod
1694 3295 1961 3361 ecclesia
1987 3296 2455 3360 rationabiliter

163 3383 452 3468 praecipit
502 3385 602 3449 vel
645 3385 970 3471 requirit.”
1061 3385 1169 3450 Ad
1216 3384 1358 3449 haec
1401 3383 1512 3471 qui
1562 3406 1663 3448 am
1708 3382 1791 3448 de
1842 3382 2109 3463 clericiS,
2160 3393 2203 3426 “
2226 3385 2451 3462 Certe,

164 3469 441 3549 domine,
485 3494 598 3536 vos
643 3473 892 3536 debetis
937 3470 1190 3536 deferre
1219 3469 1633 3537 senioribus?
1729 3471 1815 3536 Et
1844 3473 1999 3557 ipse,
2032 3472 2210 3559 quasi
2242 3472 2451 3557 indig-

165 3573 410 3636 nanter,
463 3569 507 3600 “
532 3559 619 3624 Et
669 3581 793 3644 ego
841 3559 1223 3646 dispensabo
1266 3581 1410 3624 cum
1457 3557 1833 3637 senioribuS,
1882 3573 1949 3624 et
1991 3559 2133 3625 aliis
2162 3559 2245 3625 de
2278 3561 2454 3626 Con-

165 3659 376 3724 ventu,
411 3659 484 3710 ut
511 3646 632 3731 ipsi
662 3645 914 3711 veniant
939 3650 1004 3710 in
1025 3647 1270 3725 habitu,
1295 3648 1408 3711 sed
1433 3645 1543 3724 illi,
1569 3646 1725 3711 mihi
1750 3647 2027 3734 quisunt
2048 3647 2113 3710 in
2136 3649 2448 3726 custodia,

163 3731 400 3798 faciunt
447 3747 520 3798 ut
565 3744 666 3798 est
717 3733 1020 3803 dictum.”
1136 3736 1226 3799 Et
1269 3732 1482 3800 clerici
1526 3733 2005 3801 acclamabant:
2055 3745 2099 3778 ‘⁶
2125 3735 2450 3801 satisfacit

161 3817 450 3885 dominus
496 3843 621 3906 pro
671 3821 1076 3886 conventu?
1173 3822 1410 3887 Nuncii
1464 3837 1616 3887 vero
1646 3822 2125 3907 respondente&
2156 3845 2223 3886 se
2252 3820 2449 3887 nichil

163 3906 418 4003 ulterius
445 3931 639 3995 posse
671 3908 898 3988 facere,
927 3924 1343 3989 recesserunt,
1369 3923 1434 3974 et
1458 3909 1753 3975 dominus
1782 3910 1870 3974 R«
1888 3909 1971 3974 de
2001 3910 2275 3975 Barnebi
2296 3931 2443 3974 cum

159 4013 266 4058 eis.

1246 4504 1363 4561 112
