3000 5117
732 502 1143 561 APPnnmx.
1184 504 1369 555 ANN.
1409 500 1948 554 mccccxxxtx.
2263 480 2469 557 cclvii

184 664 591 754 praesentibus
621 678 722 732 est
770 688 1145 752 appensum.
1268 665 1447 731 Data
1494 663 1823 743 Dunelmi,
1853 664 2316 731 sextodecimo
2359 666 2466 732 die

175 754 387 819 mensis
442 755 863 841 SeptembriS,
912 774 1084 818 anno
1145 752 1411 818 Domini
1456 752 1797 817 millesimo
1825 751 2466 839 quadringentesimo

174 842 473 908 tricesimo
503 856 755 910 octavo.

463 1190 693 1254 CCXIX.
742 1208 999 1253 Ll'rssRA
1029 1208 1231 1253 MISSA
1262 1207 1596 1253 BPlscoPo
1645 1206 2126 1255 DUNELMENSI.

983 1326 1143 1395 [Reg.
1168 1326 1247 1377 11.
1272 1326 1423 1377 Parv.
1447 1324 1483 1376 f.
1515 1326 1656 1390 1114

250 1442 801 1511 Reverendissime
830 1442 897 1505 in
931 1440 1195 1507 christo
1225 1454 1433 1527 pater,
1454 1456 1526 1507 et
1554 1442 1816 1508 domine
1841 1445 1927 1507 mi
1957 1444 2450 1529 singularssime‚

172 1546 301 1618 post
344 1532 742 1597 humilimam
786 1528 1512 1607 recommendat-ionem,
1559 1552 1706 1595 cum
1754 1531 2134 1596 obediencia
2161 1530 2340 1595 filiali
2386 1544 2454 1596 et

164 1622 457 1684 continua
509 1616 1019 1703 promptitudine
1047 1616 1488 1701 complacendi
1522 1616 1538 1681 1
1633 1618 1790 1682 Post
1823 1632 2102 1683 vestrum
2133 1640 2452 1683 recessum

169 1708 243 1770 de
273 1706 554 1791 partibus
591 1706 793 1793 [istis]
822 1705 1047 1768 datum
1080 1708 1176 1768 est
1206 1703 1361 1767 mihi
1402 1702 1674 1791 intelligi
1706 1704 1880 1791 quod
1912 1705 2171 1791 quidam
2203 1705 2454 1769 assidue

164 1794 442 1857 laborant
473 1792 654 1879 quod
684 1790 1074 1855 reverendus
1100 1790 1195 1853 vir
1224 1789 1725 1855 Archidiaconus
1765 1791 2184 1857 Eboracensis
2215 1814 2327 1856 vos
2352 1791 2456 1856 in-

164 1880 465 1955 stallabit3
517 1879 693 1966 quod
736 1878 997 1942 cederet
1040 1878 1107 1941 in
1140 1877 1491 1942 maximum
1524 1876 1962 1963 praejudicium
1994 1878 2278 1943 ecclesiae
2311 1879 2457 1942 Du-

164 1968 515 2043 nelmensis,
539 1988 688 2029 cum
718 1964 973 2029 Priores
1005 1964 1471 2028 Dunelmenses
1496 1986 1583 2028 ex
1603 1964 1790 2029 titulo
1818 1966 2152 2031 sufficienti
2173 1966 2456 2030 habeant

166 2052 523 2138 hujusmodi
555 2066 770 2117 actum
808 2051 1265 2116 installacionis
1292 2072 1638 2137 exercere,
1669 2066 1737 2117 et
1787 2052 2052 2119 fuerunt
2097 2052 2456 2139 praedeces-

162 2164 322 2205 sores
353 2142 479 2206 mei
513 2142 581 2204 in
612 2138 880 2225 pacifica
910 2142 1325 2223 possessione,
1358 2138 1600 2225 absque
1629 2138 1753 2203 hoc
1777 2140 1950 2227 quod
1975 2139 2203 2227 aliquis
2231 2139 2458 2204 Archi-

164 2229 458 2293 diaconus
478 2226 905 2292 Eboracensis
926 2226 1009 2290 ad
1032 2225 1395 2311 hujusmodi
1418 2241 1634 2290 actum
1655 2228 2104 2291 installacionis
2128 2248 2456 2314 nunquam

164 2315 359 2380 suerat
388 2314 729 2381 admissus.
803 2314 909 2390 Et,
942 2324 1013 2378 ut
1036 2316 1171 2399 jam
1204 2312 1386 2375 tarde
1404 2334 1550 2377 sum
1574 2313 1974 2392 informatuS,
2005 2314 2220 2379 dictus
2251 2312 2460 2378 domi-

168 2424 274 2465 nus
306 2402 820 2467 Archidiaconus
866 2400 1295 2463 intencionem
1342 2422 1524 2464 suam
1573 2400 1803 2465 fundat
1855 2424 2052 2487 super
2095 2402 2242 2479 hoc,
2277 2399 2456 2488 quod

165 2500 391 2553 tantam
424 2486 919 2575 praerogativam
962 2486 1157 2551 habet
1190 2486 1703 2551 Archidiaconus
1743 2488 2160 2553 Eboracensis
2193 2488 2256 2551 in
2306 2510 2457 2572 pro-

166 2576 361 2640 vincia
400 2572 795 2641 Eboracensi
843 2586 1151 2660 quantam
1202 2572 1397 2637 habet
1435 2573 1940 2639 Archidiaconus
1977 2574 2454 2641 cantuariensis

167 2663 222 2725 in
268 2661 595 2747 provincia
648 2660 1117 2726 cantuariensi.
1212 2660 1345 2724 Sed
1402 2660 1913 2726 Archidiaconus
1978 2661 2454 2727 Cantuariensis

162 2749 428 2814 installat
464 2749 825 2834 Episcopos
862 2747 1149 2833 ejusdem
1169 2746 1548 2831 -provinciae‚
1581 2769 1806 2835 quare,
1839 2762 1962 2814 etc.
2055 2750 2132 2813 In
2163 2770 2292 2836 qua
2321 2770 2456 2813 mae-

164 2836 313 2899 teria
338 2835 477 2899 fieri
526 2835 656 2899 feci
704 2837 767 2898 in
818 2834 1212 2910 uisicionem‚
1244 2848 1313 2898 et
1365 2832 1786 2898 certificatum
1817 2851 1916 2900 est
1945 2835 2136 2900 michi
2213 2836 2344 2901 uod
2389 2834 2456 2899 in

160 2923 430 2987 ecclesiis
464 2857 982 2999 cathedralibus,
1015 2920 1126 2985 ubi
1170 2934 1320 2985 sunt
1368 2920 1644 2997 Priores,
1678 2920 1796 3005 ipsi
1827 2922 2152 2987 installant
2247 2923 2456 3007 pisco-

164 3031 311 3093 pos3
354 3010 473 3075 sed
526 3031 613 3075 an
666 3008 791 3074 hoc
843 3008 1083 3073 saciant
1135 3008 1522 3071 auctoritate
1571 3009 1853 3095 propria,
1891 3009 1988 3072 vel
2037 3030 2122 3073 ex
2153 3010 2455 3073 commis-

157 3096 345 3174 sione,
370 3120 503 3161 non
526 3109 629 3163 est
652 3116 1023 3180 expressum
1056 3095 1123 3158 in
1142 3093 1595 3159 certificatorio
1620 3092 1771 3157 mihi
1797 3095 2202 3179 transcripto.
2272 3094 2453 3173 Ideo,

160 3183 207 3245 si
234 3184 503 3267 placeat,
540 3196 819 3249 vestram
852 3181 1365 3247 dominacionem
1399 3180 1744 3245 cordialius
1767 3202 1992 3259 exoro,
2028 3196 2340 3269 quatenus
2370 3184 2458 3247 ad

160 3269 595 3335 defensionem
634 3269 800 3353 juris
856 3268 1045 3334 vestri
1098 3284 1165 3332 et
1210 3268 1338 3332 mei
1388 3268 1780 3332 demandare
1811 3268 2020 3333 velitis
2049 3268 2238 3333 alicui
2269 3270 2453 3334 vobis

158 3356 322 3420 fideli
348 3371 417 3422 et
438 3369 705 3421 secreto
734 3355 817 3420 ad
846 3355 1301 3442 inquirendum
1346 3354 1429 3419 de
1459 3354 1830 3439 hujusmodi
1883 3370 2030 3421 actu
2079 3356 2143 3419 in
2172 3356 2458 3421 ecclesiis

160 3444 215 3505 in
265 3443 498 3509 cedula
550 3442 895 3511 contentis.
997 3442 1081 3505 Et
1130 3441 1184 3504 si
1232 3441 1663 3506 dominacioni
1707 3455 1940 3507 vestrae
1971 3465 2056 3507 ex
2089 3444 2458 3528 parte-dicti

162 3531 396 3595 domini
440 3529 905 3596 Archidiaconi
942 3540 1115 3593 tacta
1148 3527 1343 3592 suerit
1372 3528 1642 3612 praefata
1671 3530 1962 3611 materia,
1993 3531 2247 3615 placeat
2271 3531 2456 3595 vobis

162 3616 362 3682 dicere
391 3618 575 3704 quod
610 3638 726 3680 vos
754 3630 823 3680 et
862 3616 1151 3680 Priorem
1184 3614 1467 3679 eeclesiae
1504 3627 1734 3679 vestras
1765 3617 2222 3681 Dunelmensis
2247 3617 2455 3705 tangit

158 3703 385 3768 dictum
440 3702 815 3789 negocium,
867 3716 933 3767 et
985 3702 1125 3786 ipso
1178 3701 1544 3767 inconsulto
1573 3722 1701 3766 non
1734 3703 1921 3766 vultis
1951 3704 2107 3769 dare
2137 3705 2328 3768 finale
2359 3726 2458 3767 re-

160 3812 471 3874 sponsum.
620 3790 709 3854 Et
760 3802 1041 3853 vestram
1090 3789 1536 3872 paternitatem
1590 3790 2180 3854 reverendissimam
2229 3790 2313 3853 ad
2358 3792 2458 3853 sui

158 3879 359 3963 gregis
408 3877 707 3961 regimen
762 3890 831 3939 et
888 3874 1195 3939 solacium
1226 3889 1564 3938 conservet
1615 3874 1680 3938 in
1737 3878 2058 3960 prosperis
2103 3875 2456 3939 clemencia

160 3964 523 4030 Salvatoris.
666 3963 923 4047 Scripta
980 3960 1319 4038 Dunelmi,
1374 3968 1524 4025 xxm
1585 3960 1692 4024 (h’e
1751 3959 1986 4026 mensis
2045 3960 2450 4029 Decembris.

168 4050 196 4138 [
240 4139 471 4203 Cedwla
518 4140 603 4202 de
648 4156 776 4219 qua
820 4138 1107 4216 superius
1129 4137 1227 4219 fit
1266 4138 1515 4199 mencio.
1611 4134 1842 4221 [Ibion]
1936 4132 2455 4203 Inoumsunnu

158 4235 250 4287 est
279 4226 416 4313 quis
448 4224 539 4289 de
560 4227 715 4309 jure
748 4222 851 4285 vel
894 4221 1361 4285 consuetudine
1394 4219 1675 4283 installat
1710 4219 2061 4303 Episcopos
2093 4220 2457 4307 infrascrip-

75 4350 78 4387 ÷
162 4321 270 4387 tOS,
306 4310 615 4377 videlicet
654 4307 1177 4385 wintoniensem,
1208 4308 1604 4383 Roffensem,
1635 4304 2135 4371 Bathoniensem
2167 4306 2231 4371 in
2255 4308 2459 4372 eccle-

75 4394 78 4447 ἰ
160 4396 244 4461 sia
276 4394 735 4473 Bathoniensi,
772 4396 1281 4459 coventrensem
1312 4393 1377 4456 in
1424 4392 1696 4458 ecclesia
1728 4392 2172 4472 coventrensi,
2207 4394 2458 4461 Norm‘-

161 4504 425 4562 oensem,
467 4480 1031 4567 wigorniensem,
1060 4494 1125 4545 et
1164 4480 1509 4547 Eliensem.

1274 4587 1317 4628 n
