3000 5117
417 444 758 524 ccccxviii
906 469 1109 520 msr.
1151 467 1508 522 cunum.
1550 469 2013 522 scatr’ronss
2052 471 2264 522 TRES.

431 651 568 698 rem
617 629 790 698 illam
837 645 906 698 et
956 653 1318 720 nuncquam
1365 631 1907 698 intermorituram
1966 633 2497 700 consuetudinem
2560 634 2759 700 novis

427 718 627 784 literis
675 718 945 784 invicem
999 721 1210 786 testati
1263 720 1590 788 fuerimus,
1686 720 1839 784 Non
1886 720 2061 808 quod
2106 721 2459 806 perieulum
2508 722 2615 801 sit,
2656 745 2753 788 ne

429 822 546 871 aut
575 806 776 871 nostri
829 807 1003 892 apud
1055 830 1168 872 vos
1197 822 1312 872 aut
1341 808 1535 872 vestri
1565 807 1738 892 apud
1768 829 1883 870 nos
1914 807 2185 872 vicissim
2216 808 2529 874 memoria
2557 809 2757 876 refri-

431 907 676 982 gescat,
727 917 876 959 cum
933 893 1275 960 verisimile
1323 893 1406 960 sit
1451 894 1639 959 nullis
1688 907 2048 978 temporum
2110 895 2355 981 injuriis
2415 897 2753 984 nullisque

430 981 852 1066 procellarum
906 981 1090 1046 minis
1141 982 1314 1046 illam
1367 1003 1556 1066 posse
1600 981 1973 1046 labefactari
2018 981 2392 1061 amiciciam,
2428 1007 2577 1070 quai
2607 999 2753 1049 tam

429 1067 592 1132 altas
651 1067 899 1134 radices
953 1069 1108 1158 egit,
1171 1091 1447 1156 quaeque
1506 1091 1699 1153 super
1756 1069 2005 1133 firmam
2065 1069 2239 1134 illam
2298 1084 2569 1156 petram,
2624 1073 2749 1159 qui

437 1155 688 1221 Cristus
745 1169 865 1233 est,
926 1155 1303 1221 inconcussa
1343 1155 1513 1240 jecit
1568 1155 2005 1223 fundamenta.
2138 1157 2267 1222 Sed
2326 1157 2748 1223 scribendum

431 1241 673 1307 idcirco
703 1242 889 1307 uobis
918 1243 1059 1321 fuit,
1093 1265 1176 1308 ne
1206 1245 1554 1328 majoribus
1586 1244 1818 1306 nostris
1849 1241 1913 1310 in
1945 1244 2065 1307 hac
2098 1255 2281 1309 tanta
2308 1266 2381 1308 re
2410 1245 2754 1334 negligen-

431 1329 640 1394 ciores
681 1328 1050 1395 habeamur.
1153 1330 1269 1407 Ut,
1303 1329 1522 1415 igitur,
1552 1343 1957 1415 compertum
1988 1329 2297 1410 habeatis,
2328 1331 2486 1395 nihil
2520 1333 2644 1397 hac
2678 1332 2751 1397 in

430 1415 576 1482 luce
625 1416 808 1482 nobis
855 1417 1228 1501 contingere
1273 1439 1484 1503 posse,
1534 1417 1711 1503 quod
1741 1439 1885 1481 cum
1918 1416 2228 1480 amiciciae
2260 1431 2489 1482 vestrae
2520 1420 2747 1504 precio

427 1503 932 1589 comparandum
987 1503 1304 1582 ducimus,
1376 1505 1603 1570 harum
1678 1503 2045 1568 testimonio
2119 1503 2447 1570 literarum
2520 1521 2751 1572 sancte

431 1589 614 1656 vobis
633 1591 1004 1676 policemur,
1031 1614 1168 1670 nos,
1189 1613 1308 1676 pro
1339 1590 1497 1656 virili
1531 1602 1751 1655 nostra
1778 1591 2151 1669 adnixuros,
2191 1607 2259 1656 ut
2287 1614 2503 1677 parem
2534 1593 2743 1671 vobis,

429 1677 660 1742 saltem
719 1678 936 1765 aliqua
979 1701 1066 1743 ex
1117 1694 1324 1764 parte,
1378 1677 1657 1763 graciam
1712 1677 2054 1764 aliquando
2103 1679 2469 1748 referamus.
2602 1681 2745 1745 Vos

431 1763 627 1849 igitur
672 1787 896 1830 omnes
941 1780 1012 1831 et
1064 1765 1366 1850 singulos,
1402 1780 1535 1830 tam
1584 1780 1933 1850 praesentes
1979 1788 2172 1851 quam
2201 1765 2472 1844 futuros,
2507 1766 2570 1830 in
2604 1790 2749 1832 am-

429 1851 724 1935 plexibus
753 1851 1295 1917 confraternitatis
1339 1877 1416 1918 ac
1443 1851 1927 1917 consororitatis
1958 1852 2163 1916 nostri
2192 1852 2453 1938 capituli
2492 1853 2746 1919 Dunel-

429 1938 668 2002 mensis
733 1954 1064 2024 gratanter
1137 1939 1520 2025 recipimus;
1590 1961 1843 2003 necnon
1916 1939 2199 2004 omnium
2276 1941 2739 2025 suffragiorum

427 2023 874 2124 spiritualium,
907 2025 1240 2092 missarum
1293 2027 1614 2104 videlicet,
1649 2027 2042 2104 oracionum,
2080 2025 2460 2111 vigiliarum,
2494 2028 2745 2093 elemo-

423 2133 728 2190 smarum,
752 2112 1163 2200 jejuniorum,
1211 2114 1769 2192 abstinenciarum,
1806 2113 2364 2197 praedicacionum,
2400 2115 2745 2203 indulgen-

425 2197 690 2277 ciarum,
723 2213 1211 2288 ceterorumque
1241 2223 1793 2288 quorumcumque
1826 2200 2078 2285 pietatis
2110 2224 2402 2286 operum,
2437 2224 2585 2289 quae
2616 2225 2741 2288 per

425 2307 547 2350 nos
598 2298 667 2351 et
712 2308 1108 2352 successores
1141 2302 1390 2352 nostros
1423 2301 1555 2353 tam
1608 2287 1673 2351 in
1713 2287 1891 2351 dicto
1922 2301 2139 2352 nostro
2172 2289 2558 2353 monasterio
2592 2289 2746 2354 Du-

427 2373 738 2438 nelmensi
767 2396 956 2462 quam
989 2373 1053 2438 in
1097 2374 1253 2438 locis
1297 2374 1560 2460 singulis
1590 2375 1674 2440 ab
1705 2375 1933 2438 eodem
1966 2375 2475 2460 dependentibus
2506 2399 2742 2462 perpe·

425 2458 552 2524 tuis
584 2473 946 2546 temporum
977 2460 1439 2546 agitacionibus
1469 2463 1775 2546 perficere
1806 2461 2179 2546 dignabitur
2208 2461 2423 2527 divina
2450 2463 2731 2542 bonitati,

423 2561 737 2634 quantum
769 2549 838 2613 in
868 2549 1070 2626 uobiS,
1103 2548 1388 2613 unanimi
1412 2549 1693 2613 omnium
1726 2562 2014 2613 nostrum
2048 2571 2357 2613 consensu
2392 2551 2737 2636 participes

425 2658 542 2699 vos
570 2635 711 2699 fieri
741 2635 941 2701 libere
969 2634 1403 2701 concedimus.
1495 2635 1723 2724 Itaque
1753 2657 1898 2699 cum
1932 2637 2205 2721 primum
2236 2637 2547 2701 cerciores
2578 2639 2741 2702 facti

425 2721 736 2788 fuerimus
753 2737 1113 2788 vestrorum
1137 2724 1500 2811 quempiam
1528 2722 1915 2788 confratrum
1941 2746 2358 2812 sororumque
2378 2727 2441 2788 in
2466 2724 2741 2791 Christo

423 2808 585 2873 Jesu
644 2810 762 2874 hac
823 2833 908 2875 ex
967 2810 1101 2876 vita
1171 2810 1539 2886 decessisse,
1599 2809 1826 2874 iisdem
1898 2809 2326 2894 spiritualibus
2398 2811 2740 2878 beneficiis

423 2895 761 2963 defunctos
823 2911 1086 2975 vestrOS,
1153 2897 1413 2962 Christo
1461 2898 1631 2963 bene
1678 2898 1973 2983 juvante,
2034 2897 2435 2978 donabimuS,
2498 2899 2739 2986 quibus

426 2999 676 3049 nostros
723 2983 1006 3070 ipsorum
1052 2983 1278 3050 fratres
1325 2983 1637 3071 impertiri
1686 2984 1980 3052 solemus.
2078 2986 2157 3050 In
2210 2987 2391 3071 cujus
2422 2985 2515 3050 rei
2551 2988 2739 3052 testi-

425 3070 714 3136 monium
773 3070 1047 3156 sigillum
1106 3095 1445 3138 commune
1510 3071 1798 3160 Capituli
1871 3071 2075 3136 nostri
2150 3074 2571 3157 praesentibus
2632 3090 2739 3139 est

421 3177 800 3256 appensum.
891 3159 1068 3224 Data
1115 3159 1448 3238 Dunelmi,
1501 3159 1564 3224 in
1612 3159 1811 3224 domo
1858 3173 2079 3224 nostra
2130 3159 2487 3247 capitulari,
2539 3177 2736 3226 sexto

419 3243 530 3344 die
577 3246 814 3345 mensis
865 3245 1116 3326 Marcii,
1150 3269 1322 3312 anno
1371 3247 1637 3313 Domini
1686 3245 2025 3312 millesimo
2069 3245 2586 3336 quingentesimo
2616 3250 2737 3316 de-

421 3353 596 3397 cimo
625 3346 922 3418 septimo,
