3000 5117
771 591 1176 645 nom-:arus
1229 594 1342 643 nn
1387 591 1903 644 enum-anns.
2394 569 2497 658 97

89 756 126 854 [
173 749 382 813 sancti
429 745 755 816 S'witbuni
814 751 1114 836 proximo
1171 764 1505 840 sequente,
1568 753 1811 819 seilicet
1869 753 2011 818 idus
2070 753 2247 829 Julii,
2302 765 2490 818 tanta

173 835 484 900 videlicet
529 859 842 924 aquarum
871 838 1263 916 inundantia,
1297 841 1472 926 quod
1504 840 1680 904 fluvii
1712 840 2017 906 terminos
2048 841 2267 905 solitos
2298 839 2488 910 mira-

169 920 397 987 biliter
449 938 888 1002 excesserunt,
948 923 1166 1012 fruges
1226 941 1292 991 et
1355 927 1584 992 herbas
1640 927 1963 1013 proximas
2018 928 2481 1003 demerserunt,

172 1009 568 1075 molendina·
604 1025 673 1074 et
715 1025 942 1098 stagna
985 1025 1422 1096 asportarunt,¹
1463 1027 1530 1078 et
1574 1013 1814 1078 domus·
1856 1013 2095 1079 vicinas
2148 1025 2487 1077 noctanter

171 1094 626 1182 ingredientes
671 1097 1030 1184 diruerunt,
1087 1111 1154 1163 et
1201 1099 1364 1163 viros
1395 1113 1462 1165 et
1489 1100 1811 1178 mulieres,
1844 1111 1989 1164 cum
2022 1099 2301 1184 parvulis
2335 1099 2485 1163 suba

171 1199 573 1248 merserunt.-
655 1183 936 1247 Tantam
993 1183 1473 1250 inundationem
1514 1187 1723 1252 nullus
1772 1201 1923 1252 tunc
1953 1199 2273 1272 superstes
2302 1207 2483 1249 reco-

171 1267 316 1345 luit,
365 1291 494 1333 nec
545 1283 788 1335 tantam
819 1271 1139 1334 caristiam
1215 1289 1412 1336 nanta
1439 1285 1537 1337 est
1567 1294 1709 1337 eam
1740 1271 2055 1359 insequta,
2090 1293 2211 1336 nec
2242 1285 2483 1336 tantam

173 1355 626 1440 poefilenciam
693 1357 911 1421 boum.
1032 1357 1178 1421 Ven
1225 1359 1451 1422 ebatur
1514 1358 1909 1446 quarterium
1981 1357 2287 1422 frumenti
2361 1379 2485 1442 pro

173 1443 614 1527 quadraginta
664 1442 906 1520 solidis,
956 1454 1021 1506 et
1066 1465 1204 1543 prae
1249 1444 1692 1527 magnitudine
1736 1445 1939 1521 famis,
1974 1443 2383 1508 mortuisunt
2414 1443 2482 1508 in

175 1529 442 1613 campis,
497 1527 636 1607 viis,
683 1541 752 1594 et
781 1525 1035 1606 semit‘ss,
1068 1551 1133 1592 m
1169 1529 1551 1607 civitatibus,
1583 1543 1649 1596 et
1680 1542 1887 1607 extra,
1922 1545 2018 1596 tot
2049 1530 2245 1595 millia
2276 1529 2483 1593 homi-

173 1637 354 1692 num,
405 1617 590 1702 quod
643 1619 752 1680 vix
807 1629 944 1680 erat
993 1615 1102 1716 qui
1155 1616 1476 1700 sepeliret.
1588 1615 1669 1680 I-n
1722 1617 1983 1682 civitate
2038 1615 2479 1682 Londoniensi

174 1705 666 1768 aesthnabantur
689 1701 918 1786 viginti
949 1702 1146 1766 nullia
1171 1701 1505 1767 hominum
1537 1703 1774 1767 mortui
1804 1703 2331 1788 propter‘famem
2360 1701 2481 1766 ino

175 1807 368 1853 a'nno.
455 1789 618 1854 Erat
649 1812 814 1876 ergo
837 1789 955 1853 iste
985 1789 1282 1853 omnibus
1312 1789 1537 1853 diebus
1568 1791 1885 1875 prioratus
1916 1790 2013 1854 sui
2040 1789 2271 1854 talibus
2294 1787 2478 1852 malis

175 1875 524 1960 fatigatus3
556 1875 1136 1941 contributionibus
1167 1875 1382 1954 etiam,
1416 1890 1485 1941 et
1507 1876 1769 1942 decimis
1794 1876 2127 1963 papalibus
2149 1887 2476 1950 oneratus,

173 1963 352 2048 quod
395 1962 524 2026 nisi
569 1961 794 2025 fuisset
837 1960 1087 2040 fortior,
1135 1963 1202 2026 in
1234 1984 1316 2027 eo
1345 1963 1603 2048 spiritus
1632 1963 1993 2028 defecisset.
2086 1961 2481 2049 Aggravavit

165 2050 400 2132 jugum
431 2050 576 2133 ejus
607 2069 778 2111 mors
809 2047 1040 2113 festina
1070 2049 1394 2135 Episcopi,
1433 2049 1515 2114 R.
1540 2050 1625 2114 de
1664 2049 1933 2130 Kellaw,
1966 2063 2033 2116 et
2060 2048 2297 2114 electio
2325 2047 2477 2112 sub-

175 2149 425 2221 Quta,
461 2136 546 2200 de
573 2133 818 2222 quibus·
833 2147 933 2199 est
958 2135 1361 2212 dicendum]

1101 2548 1249 2596 CAP·
1295 2551 1561 2597 XXXVII·

924 2689 1073 2753 [Mu.
1112 2691 1242 2760 Cap.
1265 2708 1435 2745 cmxx.
1467 2694 1556 2746 fol.
1585 2687 1741 2760 210.]'

257 2833 454 2898 Anno
515 2829 790 2896 Domini
849 2849 1036 2896 mccc
1068 2832 1537 2910 sextodecimo,
1602 2833 1669 2897 in
1715 2832 1879 2898 festo
1924 2834 2129 2900 sancti
2164 2833 2474 2910 Dionisii‘,

171 2921 446 2984 moritur
485 2916 802 2982 Ricardus
831 2919 1194 3002 episcopus,
1225 2920 1398 3003 apud
1449 2919 1894 2996 Middelham3
1940 2921 2051 3008 qui
2092 2921 2264 3007 prius
2295 2921 2473 2986 illam

171 3006 504 3088 pulchram
535 3026 856 3069 cameram
886 3005 971 3068 de
1004 3003 1346 3083 Stockton,
1373 3021 1441 3071 et
1471 3007 1825 3072 manerium
1858 3007 1941 3072 de
1981 3008 2265 3072 Wellhall
2280 3011 2477 3092 juxta

174 3091 542 3158 Eboracum
575 3091 660 3157 ad
681 3089 1008 3156 sexdecim
1037 3091 1330 3156 milliaria
1345 3093 1799 3158 aedificaverat.
1850 3095 2251 3180 Frequenter
2278 3093 2473 3156 etiam

169 3179 233 3242 in
281 3180 422 3244 vita
467 3199 586 3243 sua
634 3178 1040 3264 promiserat,
1096 3178 1271 3264 quod
1327 3179 1671 3244 conventui
1741 3180 1840 3261 [in
1888 3181 2055 3260 fine]
2084 3178 2475 3264 relinqueret

169 3266 484 3352 capellam
515 3287 719 3342 suam,
751 3264 1072 3328 librariam
1119 3280 1184 3329 et
1229 3287 1380 3330 vasa
1423 3280 1750 3355 argentea.
1844 3266 1974 3332 Sed
2023 3264 2185 3328 tales
2217 3263 2482 3350 reliquit:

165 3367 581 3430 executores,
607 3351 976 3415 infirmitate
1005 3367 1509 3436 praeoccupatus,
1542 3352 1653 3454 qui
1683 3353 1765 3418 de
1788 3351 2109 3437 praed'rctis
2143 3349 2465 3436 [omnino]

163 3440 354 3506 aliter
383 3439 792 3503 ordinabant.
881 3436 1210 3516 [Dederat
1254 3438 1427 3503 enim
1470 3458 1581 3503 um
1610 3438 2088 3521 consanguineo
2118 3459 2235 3500 suo
2264 3437 2470 3502 eccle-

162 3526 323 3591 siam
355 3525 445 3590 de
478 3524 850 3610 Seggefeld,
883 3535 948 3586 et
979 3524 1132 3608 ipse,
1153 3527 1384 3590 timens
1406 3524 1645 3611 privari
1660 3547 1759 3602 ea,
1792 3523 1945 3588 fecit
1967 3524 2087 3588 sibi
2116 3523 2353 3588 amicos
2382 3521 2474 3587 de

163 3613 356 3698 Rege
411 3624 480 3677 et
531 3611 684 3688 suist,
717 3611 801 3675 de
840 3609 1225 3675 succedente
1281 3611 1605 3696 Episcopo
1647 3623 1717 3675 et
1744 3613 1896 3688 suis,
1930 3633 2083 3675 cum·
2106 3631 2471 3674 mammona

159 3698 525 3787 iniquitatis
576 3699 662 3762 de
709 3696 894 3761 bonis
933 3696 1242 3774 defuncti,
1275 3719 1392 3760 nec
1437 3696 1861 3762 creditoribus
1888 3701 2025 3783 ejus
2052 3696 2465 3773 satisfaciens,

159 3811 280 3853 nec
311 3785 479 3852 aliis.
549 3783 932 3868 Episcopus,
965 3786 1162 3860 enim,
1189 3784 1556 3848 infirmitate
1580 3796 2079 3868 praeoccupatuS,
2100 3795 2305 3847 totam
2336 3781 2467 3845 dis-

135 3876 554 3961 positionem
585 3891 800 3935 rerum
825 3888 1080 3934 suarum
1122 3882 1189 3934 et
1231 3869 1322 3933 illi
1369 3870 1845 3954 consanguineo
1873 3891 1989 3932 suo
2020 3881 2089 3932 et
2118 3867 2255 3932 aliis
2286 3887 2463 3930 com-

161 3956 531 4027 mittebatl‘
656 3955 806 4042 Ipso
859 3955 1186 4041 Episcopo
1231 3955 1322 4020 sic
1367 3969 1647 4034 mortue,
1679 3955 1745 4020 in
1776 3977 2007 4019 aurora
2035 3951 2163 4016 diei
2202 3951 2469 4037 quidam

159 4047 359 4112 frater
385 4047 586 4110 bonae
612 4044 730 4108 reli
779 4040 962 4118 ionis,
1005 4039 1373 4107 willielmus
1409 4042 1642 4120 senior,
1676 4041 1759 4105 de
1790 4041 2155 4107 Giseburne
2184 4036 2469 4115 nomine,

162 4133 472 4220 fatigatus
524 4151 613 4195 ex
664 4067 888 4192 doffore
935 4141 1004 4191 et
1047 4127 1264 4212 vigilia
1293 4131 1462 4194 circa
1495 4129 1908 4212 Episcopum,
1940 4125 2057 4190 ivit
2085 4124 2168 4189 ad
2196 4145 2467 4209 pausana

161 4221 336 4301 dum,
383 4233 486 4298 ut,
524 4215 782 4281 modico
813 4225 1079 4298 accepto
1109 4236 1396 4299 sompno,
1429 4237 1550 4300 pro
1594 4214 1901 4278 defuncto
1931 4226 2157 4297 postea
2184 4211 2471 4276 celebra-

161 4322 255 4374 ret
286 4333 305 4385 3
350 4323 424 4374 et
467 4304 694 4370 statim
739 4300 1081 4365 videbatur
1108 4301 1190 4381 ei,
1225 4302 1401 4388 quod
1433 4299 1789 4386 Episcopus
1820 4298 1943 4365 fuit
1972 4299 2151 4386 quasi
2180 4299 2247 4364 in
2276 4299 2469 4363 mori-

225 4489 254 4600 ἰ
285 4484 398 4536 For
421 4481 518 4534 the
539 4479 678 4534 will
712 4477 775 4530 of
797 4476 992 4546 Biahop
1017 4475 1270 4540 Kellawe‚
1300 4493 1386 4532 see
1408 4477 1815 4530 Tannum-n
1837 4473 2279 4533 Enonacmtsuz
2302 4470 2355 4523 N
2356 4487 2401 4522 ο.
2422 4469 2471 4519 1.

163 4566 204 4616 p.
1295 4654 1342 4696 G
