3000 5117
514 489 598 561 ’1ὶί
1006 510 1210 559 ms'r.
1243 505 1602 557 DUNELM.
1642 506 2107 558 scnxrronsss
2137 506 2350 557 Tam.

898 879 1104 925 XXXV·
1152 878 1428 925 cuAnTA
1459 878 1780 925 SECUNDA
1807 877 2108 923 ‘HRNRICI
2141 879 2467 924 SECUNDI.

1231 1021 1467 1088 [cosin-⁸
1488 1022 1834 1091 rnnaefipts
1855 1020 1947 1073 fu.
1971 1022 2053 1085 1³,
2073 1022 2152 1089 a]

628 1162 955 1229 Henricus
1008 1163 1158 1229 Rex
1214 1162 1491 1249 Angliae,
1549 1162 1710 1229 Dux
1764 1162 2182 1229 Normanniae
2224 1176 2295 1229 et
2337 1162 2738 1252 Aquitania,
2769 1175 2832 1230 et

540 1248 780 1316 Comes
834 1250 1255 1337 Andegaviae,
1314 1250 1678 1317 comitibus
1732 1249 2131 1329 Justiciariis,
2193 1265 2261 1316 et
2324 1250 2713 1328 Beronibus,
2765 1266 2834 1313 et

538 1339 835 1404 omnibus
886 1338 1184 1404 fidelibus
1234 1339 1383 1417 suis,
1442 1338 1707 1403 Francis
1737 1351 1806 1402 et
1840 1336 2066 1423 Anglis
2093 1338 2180 1403 de
2215 1336 2833 1415 Nerthumberland,

536 1425 835 1491 salutem.
954 1426 1183 1491 Sciatis
1234 1448 1339 1490 me
1390 1423 1781 1490 concessisse
1831 1438 1898 1491 et
1953 1424 2256 1510 praesenti
2315 1425 2541 1490 charta
2601 1424 2836 1490 confir-

539 1534 750 1577 masse
816 1512 969 1579 Deo
1035 1527 1105 1577 et
1166 1512 1406 1578 Sancto
1474 1512 1868 1590 cuthberte,
1935 1524 2006 1577 et
2055 1513 2347 1578 ecclesiae
2409 1508 2838 1577 Dunelmensi

538 1614 610 1663 et
657 1598 931 1684 Hugoni
979 1599 1303 1685 Episcopo
1341 1622 1563 1665 omnes
1593 1599 1923 1664 libertates
1953 1610 2022 1663 et
2049 1598 2284 1665 liberas
2314 1598 2836 1674 consuetudines,

539 1699 609 1750 et
660 1686 1052 1771 quietancias
1110 1709 1267 1775 quas
1325 1701 1762 1752 antecessores
1820 1685 2116 1771 praedicti
2173 1686 2470 1773 Hugonis
2535 1684 2838 1773 Episcopi

540 1772 870 1838 habebant
901 1786 1190 1859 tempore
1225 1773 1501 1839 Henrici
1531 1773 1702 1859 regis
1731 1774 1834 1838 avi
1863 1774 2015 1851 mei,
2047 1774 2150 1839 vel
2179 1775 2450 1840 aliorum
2477 1788 2843 1840 antecesso-

542 1882 688 1924 rum
741 1882 1028 1924 meorum
1088 1862 1347 1945 Regum
1397 1861 1675 1946 Anglioe.
1770 1860 1858 1925 Et
1905 1860 2056 1925 volo
2098 1876 2163 1926 et
2213 1862 2485 1926 firmiter
2527 1857 2841 1946 praecipio

588 1946 718 2011 uod
749 1947 1030 2012 babeant
1059 1946 1258 2012 libere
1287 1961 1358 2012 et
1381 1947 1734 2012 honorifice
1753 1960 1822 2012 et
1845 1948 2064 2034 quiete
2087 1948 2550 2033 applicationes
2585 1947 2840 2012 navium

540 1968 1082 2185 {essem
1106 2034 1497 2207 &5233
1521 2034 1844 2208 {mir
1871 2034 2839 2206 {21335325133132

532 2208 675 2293 ‘pho
724 2207 1121 2273 Lexoviensi
1166 2170 1493 2295 episcopo,
1546 2210 1806 2273 Thoma
1851 2208 2258 2273 Canceliario
2279 2146 2546 2293 pRegni,
2583 2208 2840 2273 Comite

544 2295 915 2381 cornubiae,
970 2294 1053 2363 R.
1104 2295 1362 2361 Comite
1410 2296 1826 2383 Legrocensi,
1878 2293 1974 2364 H.
2017 2296 2102 2362 de
2133 2296 2383 2362 Essexa
2413 2295 2842 2362 Constabula·

542 2381 662 2447 rio.
754 2381 951 2467 Apud
987 2382 1374 2449 Eboracum.

719 2717 953 2761 xxxw.
991 2717 1385 2765 MANDATUM
1418 2722 1819 2767 ALEXANDRI
1853 2724 2044 2769 PAPAE
2074 2724 2312 2769 'renen
2347 2724 2670 2768 OMNIBUS

722 2805 1189 2851 PAROCHIANIS
1274 2809 1347 2852 IN
1443 2810 1968 2856 HALYWERFOLK
2046 2814 2238 2864 QUOD
2319 2812 2673 2856 DENAmos

724 2890 1043 2936 FUMALBS
1087 2895 1177 2937 AD
1226 2895 1582 2941 tanmem
1629 2898 1974 2943 13chaeOE
2028 2898 2348 2947 DUNELM.
2401 2898 2675 2949 ANNUA·

722 2980 860 3027 TIM
888 2980 1355 3032 PEnsoLvAN'r.

1394 3122 1542 3188 {Lm
1565 3126 1774 3180 Sacrist.
1795 3126 1832 3179 ε
1857 3132 1905 3191 s,
1927 3128 2006 3197 ιι]

638 3260 1014 3328 Alexander
1044 3264 1428 3351 Episcopus,
1462 3288 1682 3332 servus
1715 3291 2044 3335 servorum
2083 3268 2228 3344 Dei,
2259 3267 2516 3333 dilectis
2535 3268 2686 3334 filiis
2709 3290 2842 3335 om-

547 3347 737 3447 nibus
767 3349 1204 3415 sacerdotibus
1234 3368 1303 3417 et
1328 3356 1623 3437 personis
1653 3356 1738 3421 de
1775 3356 2232 3423 Haliwerefolk
2261 3356 2532 3420 salutem
2559 3370 2632 3420 et
2661 3378 2846 3441 apos-

548 3435 807 3499 tolicam
854 3436 1391 3505 benedictionem.
1484 3442 1754 3508 Pietatis
1801 3444 2107 3529 operibus
2153 3465 2405 3508 summo
2453 3442 2674 3508 studio
2731 3464 2842 3506 nos

546 3533 809 3622 oportet
848 3522 1206 3622 intendere,
1253 3538 1323 3591 et
1366 3528 1688 3613 quoslibet
1723 3531 1967 3596 Christi
1995 3531 2219 3597 fideles
2247 3530 2511 3596 assiduis
2541 3530 2846 3595 exhorta·

549 3608 842 3672 cionibus
886 3610 1173 3676 invitare.
1264 3613 1592 3689 Quoniam
1635 3640 1807 3696 vero,
1839 3618 2004 3685 sicut
2043 3618 2315 3683 relatum
2347 3630 2447 3683 est
2467 3616 2673 3697 nobis,
2707 3616 2844 3683 haec

550 3696 659 3781 pia
686 3698 1093 3763 consuetudo
1136 3699 1220 3763 ab
1246 3702 1521 3789 antiquo
1549 3705 1842 3771 instituta
1869 3706 2242 3782 dinoscitur,
2273 3722 2344 3770 et
2371 3728 2574 3792 usque
2597 3705 2682 3769 ad
2703 3704 2842 3769 haec

552 3796 851 3869 tempora
877 3784 1239 3865 observata,
1274 3800 1345 3853 ut
1390 3790 1477 3854 de
1508 3790 1773 3879 singulis
1804 3791 2040 3858 scilicet
2063 3792 2414 3879 parrochiis
2445 3794 2696 3870 vestris,
2729 3812 2842 3876 pro

550 3889 809 4021 guaque
861 3870 1079 3951 dom0,
1114 3874 1197 3938 ad
1248 3877 1667 3961 operaciones
1713 3879 2024 3945 Ecclesiae
2081 3878 2256 3946 beati
2287 3878 2654 3959 Cuthberti,
2685 3900 2843 3943 unus

598 3958 847 4023 enarius
894 3963 1223 4027 annuatim
1258 3964 1669 4032 consueverit
1701 3966 2014 4047 exhiberi,
2049 3966 2446 4033 universitati
2475 3981 2704 4033 vestrae
2731 3986 2846 4051 per

553 4046 909 4131 apostolica
973 4048 1211 4134 scripta
1268 4052 1667 4131 mandamus,
1731 4054 2029 4142 quatinus
2084 4054 2540 4141 parrochianos
2600 4067 2844 4117 vestros

552 4144 919 4200 monere-et
956 4135 1333 4221 diligencius
1364 4138 1669 4207 inducere
1701 4142 2032 4220 studeatis,
2063 4157 2130 4209 et
2161 4144 2250 4209 eis
2279 4141 2664 4208 auctoritate
2693 4160 2843 4205 nos-

551 4232 654 4319 tra
705 4220 769 4284 in
818 4238 1230 4306 peccatorum
1280 4248 1544 4292 suorum
1575 4228 1827 4294 veniam
1861 4229 2227 4315 injungatis,
2273 4248 2346 4295 ut
2377 4227 2636 4315 singulis
2665 4225 2840 4292 annis

538 4318 739 4390 Juxta
788 4310 1118 4397 antiquam
1170 4314 1703 4382 consuetudinem
1739 4316 2260 4383 ministerialibus
2287 4316 2618 4403 predictoe
2647 4314 2846 4381 eccl&

548 4392 664 4491 sioe
708 4396 1019 4461 stabilitas
1073 4398 1499 4468 helemosinas
1537 4402 1865 4492 largiatur.
1959 4406 2127 4471 Cum
2159 4418 2380 4473 autem
2410 4400 2842 4471 ministeriales

548 4478 641 4543 111i
672 4481 755 4545 ad
788 4502 912 4559 vos⁸
928 4496 1173 4567 statuto
1192 4500 1483 4573 tempore
1515 4490 1824 4570 venerint,
1851 4494 1944 4559 eis
1966 4494 2053 4559 ad
2075 4493 2414 4561 collectam
2441 4491 2644 4581 ipsam
2673 4508 2844 4555 com-
