3000 5117
867 476 1288 532 APPEme.
1318 480 1505 531 ANN.
1546 475 2068 539 mccccxcnn.
2240 460 2575 539 ccclxxxi

253 662 330 705 as
379 657 530 727 may
580 640 664 705 be
713 654 884 706 most
928 656 1000 709 to
1049 640 1170 734 hys
1216 641 1534 727 pleasour.
1628 640 1779 707 And
1830 663 1901 707 as
1941 640 2043 707 for
2073 664 2181 731 my
2212 645 2456 713 licence
2486 646 2579 714 ad

253 728 633 815 eligendum
688 726 722 793 1
775 728 940 793 have
987 751 1062 793 so
1113 728 1393 815 providit
1433 727 1483 793 it
1516 727 1657 793 that
1686 727 1737 792 it
1768 728 1928 794 shall
1956 727 2040 795 be
2070 730 2377 818 delyverd
2410 751 2573 799 unto

251 836 390 900 you
441 816 622 880 when
674 838 760 902 ye
787 815 948 881 shall
999 815 1132 881 like
1185 828 1256 880 to
1283 814 1649 881 demaunde
1678 814 1728 881 it
1756 813 1835 879 os
1870 838 1978 903 my
2008 818 2375 900 substitute,
2406 843 2573 907 your

252 899 492 967 frende
551 902 684 967 and
742 903 942 981 lover,
989 902 1251 973 meister
1319 900 1529 967 Rauff
1579 900 1779 980 Both,
1839 900 2267 971 chaunnceler
2320 907 2400 973 of
2464 909 2579 975 the

253 988 714 1075 Bishopprick,
761 988 976 1055 whom
1013 990 1042 1057 1
1076 990 1242 1057 have
1271 988 1430 1069 also,
1465 990 1569 1055 sor
1596 989 1715 1077 hys
1746 1011 2002 1075 couyng
2032 990 2091 1056 81
2122 1008 2341 1060 vertue
2370 994 2429 1060 81
2461 996 2575 1061 the

253 1078 411 1142 love
459 1077 601 1141 that
647 1075 731 1142 he
777 1078 988 1143 berith
1038 1093 1196 1143 unto
1223 1100 1379 1165 you,
1425 1075 1760 1163 ordeyned
1792 1090 1860 1141 to
1890 1076 1974 1141 be
2007 1076 2116 1144 the
2145 1079 2474 1147 directour
2500 1082 2582 1148 of

255 1187 434 1250 your
478 1164 790 1229 eleccion.
884 1166 1033 1232 And
1083 1164 1185 1229 sor
1219 1187 1424 1253 youre
1454 1162 1669 1249 goode
1700 1163 1901 1249 spede
1938 1164 1972 1229 I
2000 1165 2163 1232 shall
2192 1167 2386 1255 dayly
2414 1191 2573 1257 pray

257 1266 337 1317 to
382 1251 494 1316 the
529 1250 712 1336 Holy
738 1252 908 1318 Gost
937 1252 998 1317 δι
1030 1252 1236 1339 Saynt
1262 1252 1607 1327 cuthbert,
1640 1263 1709 1316 to
1740 1250 1949 1315 whom
1982 1252 2139 1318 with
2166 1254 2251 1320 all
2283 1279 2391 1342 my
2422 1256 2571 1322 hert

258 1338 418 1403 thus
476 1337 508 1402 Ι
553 1341 888 1403 committe
939 1362 1095 1424 you.
1193 1340 1283 1405 At
1335 1338 1743 1424 cantet-bury
1794 1338 1904 1404 the
1944 1362 2032 1405 xv
2061 1341 2193 1429 day
2220 1342 2299 1408 of
2340 1343 2571 1433 Aprill,

258 1424 421 1490 with
465 1425 580 1491 the
630 1426 850 1492 hande
896 1426 976 1490 of
1007 1450 1174 1513 your
1224 1426 1464 1513 loveng
1516 1424 1783 1491 brother

1532 1559 1883 1629 chaanus
1928 1554 2482 1651 Barnomnissts.

441 1979 684 2029 CCXCV.
737 1978 1116 2025 coumsslo
1149 1975 1448 2023 nmEc'rA
1511 1976 1601 2019 An
1651 1974 2153 2022 DECLARANDOS
2202 1974 2397 2021 Alvrx·

749 2066 970 2112 cubos
1002 2063 1757 2117 Excommumcacmms
1782 2062 2103 2109 MAJORIS.

1067 2183 1224 2253 [Reg.
1249 2182 1355 2236 IV.
1384 2180 1643 2235 Pan-fol.
1665 2184 1775 2253 28.]

347 2298 678 2365 Johannes
729 2296 916 2366 Prior
958 2298 1246 2366 ecclesiae
1273 2298 1661 2365 cathedralis
1708 2298 2186 2377 Dunelmensis,
2224 2308 2293 2363 et
2332 2294 2577 2362 Radul-

259 2387 432 2471 phus
509 2389 686 2453 Both
765 2387 1276 2453 Archidiaconus
1347 2386 1827 2466 Dunelmensis,
1922 2384 2433 2452 reverendissimi
2506 2385 2577 2449 in

265 2474 537 2539 Christo
580 2474 773 2560 patris
831 2491 901 2540 et
953 2472 1194 2540 domini
1248 2474 1494 2540 domini
1544 2474 1820 2539 Thomoe
1878 2472 2293 2539 miseracione
2354 2472 2576 2537 divina

269 2562 754 2648 Archiepiscopi
785 2561 1228 2641 Eboracensis,
1259 2561 1513 2648 Angliae
1556 2561 1863 2648 primatis,
1910 2574 1978 2627 et
2007 2559 2377 2647 apostolicae
2406 2559 2579 2625 sedis

259 2648 478 2733 legati,
523 2650 690 2715 infra
739 2649 1044 2717 diocesim
1105 2650 1615 2729 Dunelmensen,
1658 2650 1813 2716 sede
1875 2646 2222 2736 episcopali
2281 2660 2573 2725 vacante,

261 2736 564 2801 officiales
607 2752 675 2803 et
703 2738 1166 2823 spiritualitatis
1189 2738 1510 2816 custodes,
1546 2737 1849 2803 universis
1900 2749 1966 2802 et
1996 2734 2258 2822 singulis
2284 2733 2571 2811 decaniS,

259 2824 643 2903 rectoribus,
677 2825 949 2903 vicariis,
982 2847 1058 2890 ac
1078 2824 1220 2890 aliis
1240 2824 1651 2890 ecclesiarum
1678 2838 1745 2891 et
1776 2825 2163 2910 capellarum
2196 2821 2578 2908 parochiali-

261 2933 369 2975 um
399 2912 773 2997 capellanis,
806 2914 972 2977 infra
1013 2912 1447 2999 episcopatum
1483 2912 1989 2979 Dunelmensem
2038 2911 2307 2978 ubilibet
2337 2910 2577 2976 consti-

259 3001 441 3077 tutis,
487 2999 755 3065 salutem
787 3000 852 3065 in
885 3002 1195 3065 Domino.
1287 3000 1391 3065 Ne
1399 3000 1795 3150 ¹{ggnorancia
1824 2999 2172 3065 sentenciae
2200 3019 2577 3064 excommu-

256 3085 610 3152 nicacionis
639 3089 898 3175 majoris
919 3086 1302 3153 auctoritate
1325 3110 1398 3151 su
1469 3086 1668 3152 cienti
1717 3088 2153 3152 Romanorum
2174 3084 2577 3170 pontificum,

259 3173 910 3261 Archiepiscoporum
957 3173 1479 3251 Eboracensium,
1514 3187 1580 3240 et
1612 3174 1993 3259 Episcorum
2024 3173 2567 3239 Dunelmensium

257 3282 608 3339 concessae,
639 3277 707 3328 et
735 3284 857 3347 per
875 3262 1205 3351 religiosos
1230 3263 1396 3327 viros
1424 3261 1712 3328 Priorem
1744 3275 1807 3326 et
1842 3262 2251 3327 Conventum
2283 3259 2571 3325 ecclesiae

258 3349 652 3415 cathedralis
685 3349 1142 3416 Dunelmensis
1193 3350 1260 3413 in
1311 3346 1540 3415 eadem
1594 3348 1865 3414 ecclesia
1892 3347 2239 3415 cathedrali
2270 3347 2469 3413 semel
2500 3347 2569 3413 in

258 3458 438 3501 anno
488 3438 914 3522 promulgatas
965 3452 1030 3503 et
1079 3436 1458 3515 fulminatae,
1521 3458 1911 3524 quemquam
1954 3460 1996 3502 a
2056 3448 2299 3501 sanctae
2350 3436 2568 3501 matris

257 3524 558 3590 ecclesiae
601 3524 914 3610 suffragiis
958 3539 1028 3592 et
1081 3526 1318 3591 Christi
1361 3524 1651 3590 fidelium
1694 3522 2285 3590 communicacione
2336 3523 2403 3588 in
2433 3522 2573 3589 ani-

257 3634 514 3677 marum
543 3634 802 3678 suarum
830 3614 1078 3699 grande
1121 3612 1472 3699 periculum
1504 3610 1708 3699 possit
1746 3626 2062 3691 avertere,
2109 3614 2409 3701 quoniam
2440 3634 2571 3677 ma-

255 3698 418 3778 lum,
465 3698 588 3764 nisi
633 3703 986 3785 cognitum,
1033 3700 1118 3765 de
1183 3698 1352 3765 facili
1405 3723 1537 3765 non
1596 3698 1891 3779 evitatur,
1938 3699 2179 3765 idcirco
2224 3722 2343 3765 nos
2378 3701 2576 3785 juxta

257 3787 466 3853 nostri
497 3787 807 3869 debitum,
854 3790 1166 3868 volentes,
1213 3789 1623 3875 quantumin
1654 3787 1838 3853 nobis
1884 3800 1984 3854 est
2028 3788 2383 3853 animarum
2442 3788 2573 3850 dis-

255 3875 516 3962 pendiis
547 3898 908 3957 occurrere,
953 3888 1021 3943 et
1065 3876 1417 3942 earundem
1472 3875 1885 3961 profectibus,
1919 3874 2137 3939 divina
2176 3883 2569 3958 coopmnte

257 3962 634 4044 clemencia,
687 3964 1028 4031 salubriter
1078 3964 1414 4030 intendere
1444 3976 1515 4029 et
1554 3962 1911 4049 providere,
1957 3960 2137 4026 vobis
2192 3973 2262 4025 et
2304 3960 2573 4025 cuilibet

255 4064 548 4117 vestrum
594 4052 1021 4139 proecipimus,
1055 4053 1121 4118 in
1171 4054 1410 4119 virtute
1468 4048 1887 4127 obedienciae‚
1934 4070 2011 4113 ac
2055 4045 2256 4113 eciam
2298 4047 2571 4112 firmiter

258 4140 660 4229 injungendo
707 4142 1105 4221 mandamus,
1172 4153 1489 4228 quatenus
1542 4159 1761 4203 omnes
1804 4149 1874 4203 et
1932 4135 2220 4220 singulos
2264 4133 2569 4199 articulos

257 4227 332 4293 in
362 4229 628 4295 scedula
676 4229 1097 4316 praesentibus
1159 4250 1411 4293 annexa
1461 4238 1799 4291 contentos
1852 4222 2105 4310 publice
2164 4221 2229 4285 in
2289 4221 2571 4289 ecclesiis

259 4317 512 4396 vestris,
566 4316 796 4383 diebus
844 4315 1174 4384 dominicis
1217 4328 1287 4380 et
1341 4313 1482 4379 aliis
1524 4311 1789 4391 festivis,
1860 4334 2008 4377 cum
2076 4312 2283 4396 major
2327 4310 2566 4376 ibidem

261 4406 457 4471 fuerit
489 4405 712 4493 populi
768 4404 1128 4481 multitude,
1177 4401 1344 4466 infra
1392 4404 1726 4465 missarum
1780 4398 2153 4485 solempnia,
2196 4397 2261 4462 in
2320 4400 2569 4488 vulgari

265 4496 629 4582 exponatiS,
661 4494 911 4581 legatis,
945 4489 1301 4581 publicetiS,
1336 4502 1400 4556 et
1423 4487 1858 4571 innotescatis,
1892 4505 1965 4555 ut
2010 4486 2125 4570 hii,
2159 4485 2268 4576 qui
2298 4483 2564 4576 seipsos,
