3000 5117
428 381 703 456 cccxcii
858 402 1061 451 ms‘r.
1103 400 1466 453 DUNELM·
1501 400 1967 453 sempronsss
2008 405 2222 455 runs·

435 564 858 643 sacerdotem,
891 586 1004 629 seu
1036 562 1390 628 ministrum
1423 584 1917 663 quemcumque,
1950 565 2355 645 celebranda,
2404 564 2752 633 celebrans

439 653 604 740 ipse,
659 652 1042 741 quicumque
1073 672 1191 735 pro
1241 664 1535 735 tempore
1583 649 1792 728 fuerit,
1844 653 2109 736 singulis
2161 653 2411 732 diebuS,
2464 654 2751 719 durante

439 741 578 807 vita
621 755 846 817 vestra,
895 761 1014 825 pro
1051 736 1492 803 sacratissimae
1523 752 1751 803 vestrae
1782 738 2127 823 majestatis
2158 742 2365 806 salute
2394 756 2463 805 et
2492 743 2753 807 incolu-

439 828 666 895 mitate
715 848 1024 925 prospero
1073 838 1244 889 statu
1293 839 1358 888 et
1395 823 1567 887 felici
1608 847 1897 890 successu
1929 826 2280 893 solenniter
2310 842 2377 893 et
2406 851 2555 895 cum
2586 844 2751 894 nota

441 916 617 999 leget
633 912 995 979 etcantabit
1025 911 1188 977 hanc
1219 912 1582 976 oracionem
1614 926 2013 998 sequentem,
2050 914 2435 994 Quoesumus,
2466 921 2749 999 omnipo-

444 1012 579 1067 tens
619 1012 680 1067 et
717 1006 1064 1066 misericors
1109 1000 1303 1076 Deus,
1347 1010 1416 1061 ut
1441 1019 1552 1061 rex
1580 1010 1780 1065 noster
1810 1002 2125 1066 Henricus
2150 1008 2460 1085 septimus,
2493 1010 2605 1087 qui
2628 1014 2749 1068 tua

445 1093 842 1154 miseracione
883 1090 1058 1170 requi
1083 1090 1349 1167 suscepit
1369 1088 1805 1167 gubernacula,
1836 1093 2125 1153 virtutum
2152 1095 2417 1154 omnium
2436 1096 2755 1172 percipiet

446 1182 833 1252 incrementa,
881 1177 1098 1258 quihus
1141 1176 1412 1237 decenter
1426 1184 1698 1251 ornatus,
1732 1179 2031 1239 viciorum
2054 1182 2415 1259 voragyinem
2442 1182 2745 1255 devitare,

443 1269 722 1347 corporis
772 1264 1182 1327 incolmnitate
1227 1262 1519 1343 yandere,
1568 1262 1763 1325 hostes
1812 1283 2124 1345 superare,
2172 1274 2232 1327 et
2279 1268 2348 1327 in
2397 1268 2749 1348 tranquilla

419 1374 616 1434 pace,
651 1353 796 1415 dum
839 1354 907 1413 in
934 1352 1224 1413 humanis
1251 1353 1461 1429 eqerit,
1493 1358 1623 1411 tam
1640 1350 1922 1429 feliciter
1930 1355 2137 1455 possit
2159 1373 2269 1415 sua
2296 1361 2573 1433 tempora
2592 1374 2747 1433 per-

445 1443 738 1513 transire,
785 1447 872 1512 ut,
895 1446 1044 1517 post
1081 1437 1263 1516 hujus
1289 1440 1430 1499 vitoe
1456 1456 1721 1512 cursum,
1753 1438 1843 1499 ad
1865 1446 1940 1513 te,
1970 1441 2085 1519 qui
2110 1442 2235 1514 via,
2268 1442 2501 1501 veritas
2523 1449 2583 1503 et
2608 1446 2749 1504 vita

441 1548 527 1603 es,
577 1529 901 1607 yraciosus
943 1525 1146 1587 valeat
1178 1528 1548 1604 pervenire·
1520 1566 1542 1596 ‚
1597 1544 1725 1586 una
1752 1544 1899 1587 cum
1948 1524 2093 1602 hoc,
2126 1538 2395 1603 secret0,
2439 1525 2745 1603 Munera,

444 1632 812 1715 quoesumus,
862 1613 1148 1685 Domine,
1169 1612 1374 1673 oblata
1403 1611 1747 1693 sanctfica,
1780 1620 1851 1673 ut
1874 1614 2043 1676 nobis
2072 1616 2374 1693 uniqeniti
2400 1618 2495 1676 tui
2518 1634 2749 1695 corpus

443 1710 506 1763 et
524 1699 977 1781 sanquisfiant,
1008 1706 1065 1759 et
1077 1699 1316 1773 famulo
1343 1705 1449 1760 tuo
1483 1696 1762 1760 Henrico
1789 1702 2040 1779 septimo
2068 1704 2203 1780 reqi
2228 1709 2399 1762 nostr
2398 1722 2436 1763 o
2462 1703 2553 1763 ad
2576 1708 2745 1781 opti-

399 1848 410 1853 -
445 1790 708 1851 nendam
735 1789 958 1849 animoe
979 1794 1038 1847 et
1061 1788 1337 1865 corporis
1365 1786 1641 1860 salutem,
1666 1795 1727 1847 et
1752 1788 1842 1848 ad
1855 1788 2280 1867 perayendum
2308 1808 2375 1849 tn
2376 1789 2585 1869 firma
2592 1790 2747 1871 fide

443 1883 504 1939 et
529 1876 712 1937 solita
731 1894 891 1953 pace
921 1873 1251 1955 injunctum
1281 1873 1398 1935 sibi
1423 1873 1708 1971 efficium,
1742 1881 1799 1935 te
1824 1873 2139 1953 laryiente,
2162 1893 2279 1953 per
2304 1878 2517 1939 omnia
2536 1878 2745 1957 profi-

437 1965 632 2037 ciant,
645 1971 711 2023 et
734 1981 879 2023 cum
899 1958 1022 2022 hac
1035 1972 1182 2042 post
1199 1956 1671 2034 communione,
1689 1959 1868 2035 Haec,
1888 1980 2247 2041 quaesumus,
2262 1961 2549 2038 Domine,
2568 1967 2746 2027 satu-

443 2051 606 2111 taris
661 2050 1033 2111 sacramenti
1073 2049 1395 2127 percepcio
1431 2047 1753 2127 famulum
1800 2054 1968 2109 tuum
2028 2046 2371 2111 Hem-icum
2418 2054 2745 2129 septimum

443 2155 648 2217 reqem
695 2142 967 2197 nostrum
1011 2134 1092 2197 ab
1136 2134 1410 2195 omnibus
1451 2140 1698 2197 ttoeatur
1724 2134 2021 2210 adversis,
2052 2142 2353 2237 quatenus
2378 2138 2745 2201 diuturnam

443 2231 504 2287 et
522 2240 887 2323 prosperam
909 2223 1099 2283 vitam
1127 2222 1194 2283 in
1221 2221 1668 2301 tranquillitate
1696 2221 1961 2283 ecclesiae
1978 2224 2164 2301 pacis
2190 2224 2479 2302 optineat,
2504 2232 2563 2287 et
2592 2234 2747 2303 post

441 2310 627 2390 limus
669 2310 810 2371 vitoe
852 2309 1166 2371 decursum
1207 2308 1299 2368 ad
1337 2315 1606 2369 eternam
1647 2308 2097 2406 beatitudinem,
2136 2316 2249 2371 tua
2250 2314 2499 2406 ’oracio
2522 2331 2743 2391 coope-

442 2404 640 2470 rante,
676 2397 1021 2475 perveniat.
1114 2392 1278 2457 Cum
1308 2412 1457 2455 vero
1488 2390 1570 2455 ab
1600 2392 1724 2456 hac
1754 2392 1898 2457 luce
1928 2393 2368 2477 mignaveritis,
2402 2395 2688 2462 deinde
2672 2420 2739 2460 in

441 2482 730 2582 qualibet
775 2480 966 2545 missa
996 2478 1328 2563 principali
1361 2479 1444 2543 ad
1475 2478 1680 2563 majus
1710 2480 1845 2543 sive
1876 2502 2189 2545 summum
2220 2482 2421 2547 altare
2442 2484 2739 2548 ecclesiae

409 2569 770 2656 praedictae
803 2589 916 2653 per
943 2567 1219 2653 aliquem
1251 2578 1566 2643 nostrum,
1602 2566 1703 2629 vel
1733 2588 2165 2632 successorum
2199 2582 2587 2669 nostrorum,
2622 2586 2743 2637 aut

443 2657 638 2722 alium
713 2654 1119 2731 monachum,
1191 2652 1471 2729 fratrem,
1534 2653 1639 2717 vel
1696 2655 2119 2731 sacerdotem,
2180 2655 2315 2719 sive
2376 2657 2737 2723 ministrum

440 2764 926 2842 quemcumque,
955 2740 1354 2815 celebranda,
1401 2740 1732 2804 celebrans
1776 2741 1935 2825 ipse,
1984 2742 2373 2829 quicumque
2415 2766 2536 2829 pro
2568 2760 2739 2809 tem-

439 2854 601 2917 pore
661 2830 873 2905 fuerit,
935 2828 1198 2912 singulis
1257 2827 1482 2893 diebus
1542 2826 2007 2913 imperpetuum
2062 2852 2179 2915 pro
2231 2831 2438 2895 salute
2496 2830 2737 2897 animae

440 2936 679 3017 vestroe·
713 2916 1063 2981 solenniter
1107 2934 1174 2979 et
1205 2937 1350 2978 cum
1385 2927 1539 2979 nota
1569 2914 1742 2998 leget
1773 2930 1839 2979 et
1868 2916 2042 2980 dicet
2070 2919 2434 2982 oracionem
2465 2942 2740 3005 sequen-

437 3022 566 3110 tem
623 3004 742 3069 viz.
799 3006 1062 3080 Inclina,
1117 3005 1412 3079 Domine,
1435 3023 1649 3067 aurem
1678 3012 1846 3069 tuam
1872 3006 1963 3067 ad
1976 3025 2193 3085 preces
2219 3015 2484 3082 nostras,
2516 3009 2741 3089 quibus

435 3114 735 3159 misericor
737 3094 920 3157 diam
960 3101 1130 3155 tuam
1174 3092 1478 3171 supplices
1521 3093 1937 3171 deprecamur,
1984 3100 2053 3153 ut
2076 3095 2355 3155 animam
2375 3095 2620 3174 famuli
2638 3099 2741 3158 tui

435 3184 604 3262 reyis
633 3180 904 3243 Hem-ici
931 3182 1189 3259 septimi,
1223 3198 1410 3259 quam
1429 3179 1507 3240 de
1530 3178 1641 3241 hoc
1660 3180 1861 3241 seculo
1882 3180 2439 3259 miqrarejussisti,
2464 3183 2532 3243 in
2542 3184 2738 3261 pacis

433 3289 513 3332 ac
553 3269 708 3331 lucis
752 3269 994 3347 reqione
1039 3268 1388 3339 constituas,
1436 3273 1497 3327 et
1535 3273 1883 3328 sanctorum
1923 3272 2165 3328 tuorum
2178 3266 2409 3347 jubeas
2434 3288 2561 3331 esse
2586 3289 2737 3331 con-

428 3362 674 3430 sortem,
724 3374 852 3415 una
891 3373 1040 3414 cum
1088 3350 1212 3415 hoc
1259 3364 1529 3426 secretu,
1566 3351 1858 3413 Animam
1864 3353 2113 3431 famuli
2136 3357 2232 3415 tui
2258 3356 2425 3435 reyis
2454 3354 2737 3420 Henrici

427 3443 674 3522 septimi
715 3441 796 3502 ab
837 3440 1110 3503 omnibus
1151 3442 1334 3501 viciis
1373 3446 1434 3499 et
1449 3442 1723 3517 peccatis
1748 3440 2035 3501 hunwnae
2058 3442 2451 3517 condicionis,
2480 3462 2735 3523 quaesu-

424 3548 582 3603 mus,
617 3528 906 3603 Domine,
931 3526 1058 3587 lioec
1085 3524 1362 3587 absolvat
1372 3526 1627 3599 omacio,
1646 3544 1783 3607 quae
1808 3526 1921 3588 tibi
1940 3526 2275 3603 immolata,
2292 3531 2485 3591 tocius
2513 3532 2739 3594 mundi

423 3616 568 3679 tulit
596 3619 876 3694 peccata,
907 3630 1051 3674 cum
1082 3608 1202 3674 hac
1233 3622 1380 3694 post
1423 3610 1891 3714 communione,
1943 3612 2163 3676 Annue
2192 3616 2384 3690 nobis,
2432 3614 2729 3692 Domine,

414 3722 537 3783 per
573 3702 687 3765 hoc
729 3699 1132 3779 sacrificium,
1187 3700 1351 3779 quod
1376 3701 1759 3779 sumpsimus,
1790 3707 1859 3762 ut
1895 3703 2109 3762 anima
2129 3701 2376 3780 famuli
2402 3704 2498 3764 tui
2526 3700 2732 3783 Reyis

425 3790 697 3853 Henrici
737 3789 983 3868 septimi
1031 3787 1464 3861 remissionem,
1520 3805 1707 3867 quam
1757 3789 2013 3867 optavit,
2060 3796 2367 3853 mereatur
2410 3792 2731 3870 suscipere

415 3879 792 3941 delictorum.
885 3868 1365 3937 concessimus
1349 3892 1631 3955 insuper,
1680 3885 1745 3936 et
1768 3893 1881 3957 per
1911 3884 2257 3970 praesentes
2286 3874 2727 3955 concedimuS,

421 3963 633 4027 eidem
687 3957 1126 4025 sacratifflmae
1181 3971 1408 4022 vestrae
1441 3958 1777 4042 majestati,
1808 3975 1879 4024 ut
1910 3981 1975 4022 ιη
2006 3957 2293 4046 qualibet
2324 3960 2517 4026 missa
2544 3963 2733 4047 capi-

419 4048 609 4113 tulari
654 4048 738 4113 ad
781 4044 1045 4134 aliquod
1085 4046 1288 4111 altare
1321 4045 1606 4109 ecclesiae
1637 4045 1965 4130 predictae,
2014 4068 2131 4131 per
2160 4070 2279 4110 nos
2305 4048 2407 4112 vel
2436 4048 2727 4135 aliquem

417 4150 702 4201 nostrum
749 4134 851 4197 vel
895 4155 1328 4198 successorum
1361 4145 1747 4211 nostrorum,
1782 4144 1895 4198 aut
1924 4132 2117 4197 alium
2150 4134 2555 4213 monachum,
2590 4136 2727 4201 fra-

409 4238 599 4320 trem,
659 4220 1082 4297 sacerdotem,
1147 4222 1278 4284 sive
1332 4218 1689 4284 ministrum
1749 4242 2242 4319 quemcumque,
2306 4221 2752 4303 celebranda,'

407 4307 624 4373 statim
669 4321 814 4414 post
860 4306 1244 4371 fraccionem
1289 4319 1514 4391 postea
1544 4319 1613 4371 et
1642 4306 2167 4372 decantacionem
2200 4307 2301 4372 vel
2334 4310 2721 4389 leccionenn

403 4398 537 4461 Per
578 4400 786 4460 omnia
827 4398 1030 4459 secula
1063 4396 1416 4470 seculorum,
1449 4412 1517 4459 et
1548 4408 1700 4461 ante
1732 4393 2219 4461 inchoacionem
2252 4396 2401 4462 Pax
2431 4398 2725 4478 Domini,
