3000 5117
450 462 554 538 38
921 472 1130 532 msr.
1167 475 1525 532 nusum.
1565 476 2031 532 scmr‘ronss
2068 477 2283 532 rans.

465 643 1014 713 Dunolmensibus
1063 641 1386 720 nunciato,
1437 654 1506 706 et
1553 641 1817 708 servitio
1858 665 1980 728 pro
2026 641 2168 728 ipso
2209 637 2559 722 celebrato,
2591 641 2781 706 missi

465 747 620 799 sunt
664 731 894 797 fratres
937 731 1020 796 ad
1079 729 1329 816 Regem
1386 729 1771 808 Henricum,
1821 751 1947 794 vm
1994 731 2115 796 cal.
2170 729 2354 807 Maii,
2406 730 2488 794 ad
2542 743 2781 815 peten-

463 821 618 885 dum
677 819 998 883 licentiam
1058 817 1356 902 eligendi.
1454 816 1607 892 Quo
1654 816 1925 882 invento
1972 817 2147 904 apud
2196 816 2612 894 Windesore,
2658 838 2775 884 111.

463 931 664 972 nonas
722 905 902 982 Maii,
961 908 1022 969 in
1073 903 1350 968 crastino
1387 903 1707 970 licentiam
1762 905 1881 969 sub
1926 904 2123 970 literis
2154 903 2524 990 patentibus
2570 903 2779 992 Regis

465 999 910 1072 e‚tinue1·uut.
1008 993 1296 1070 Interim,
1344 991 1407 1056 in
1463 991 1840 1058 Inventione
1882 1006 2125 1057 sanctae
2174 991 2423 1072 Crucis,
2460 1005 2781 1058 venerunt

539 1082 866 1147 unolmam
909 1077 1327 1145 Eboraeensis
1352 1078 1892 1164 Archiepiscopus
1922 1095 1990 1144 et
2020 1077 2483 1145 Lincolniensis
2508 1080 2783 1158 Comes,

468 1192 552 1239 ex
601 1183 786 1255 parte
839 1167 1036 1253 Regis
1080 1167 1296 1232 literas
1346 1166 1695 1232 credentiae
1740 1165 2001 1232 domino
2045 1165 2253 1230 Priori
2298 1180 2367 1232 et
2400 1167 2783 1234 Conventui

468 1257 834 1322 deferentes
858 1280 888 1333 3.
919 1253 1152 1342 quibus
1209 1253 1513 1340 perlectis
1574 1264 1671 1340 [et
1715 1252 2115 1332 intellectis]
2160 1253 2469 1320 dixerunt
2520 1254 2783 1340 Regem

468 1343 782 1409 instanter
825 1343 1204 1429 supplicare,
1238 1356 1310 1406 ut
1360 1363 1581 1407 amore
1628 1341 1767 1428 ejus
1813 1356 1881 1407 et
1908 1343 2249 1406 securitate
2279 1341 2461 1428 regni
2491 1343 2787 1407 electum

467 1454 678 1508 suum,
736 1430 1229 1496 Procuratorem
1263 1427 1609 1507 Valentioe,
1662 1427 1789 1493 sibi
1831 1430 1893 1492 in
1933 1427 2327 1514 Episcopum
2358 1430 2675 1514 eligerent
2704 1442 2785 1494 et

474 1519 828 1586 Pastorem.
921 1514 1356 1604 Acceptisque
1397 1515 1672 1581 induciis
1716 1515 2113 1582 deliberandi
2166 1539 2371 1604 usque
2416 1519 2483 1582 in
2544 1517 2789 1582 crasti-

473 1629 652 1684 num,
713 1627 829 1690 per
863 1603 1152 1670 Priorem
1201 1603 1293 1670 sic
1341 1602 1460 1668 fuit
1513 1625 1911 1688 responsum.
2008 1601 2205 1677 Quod
2256 1605 2444 1669 multi
2484 1605 2792 1682 Fratres,

469 1716 632 1782 quos
663 1693 970 1776 tangebat
995 1693 1119 1756 hoc
1151 1689 1515 1776 negotium,
1534 1691 1831 1756 absentes
1854 1704 2038 1756 erant
2065 1714 2097 1767 ;.
2114 1693 2248 1778 qui,
2274 1693 2393 1756 etsi
2418 1705 2791 1777 praesentes

473 1793 681 1859 erant,
727 1793 878 1844 ante
923 1780 1096 1844 diem
1124 1792 1457 1844 statutum
1501 1777 1595 1843 ad
1632 1775 2001 1868 eligendum
2049 1777 2113 1842 in
2158 1795 2399 1843 certam
2432 1801 2783 1866 personam

475 1868 835 1934 consentire
887 1888 1019 1932 non
1068 1881 1350 1952 possent.
1468 1866 1670 1952 [Cum
1702 1867 1872 1930 enim
1920 1887 2048 1931 non
2080 1865 2205 1931 sint
2236 1866 2357 1932 nisi
2392 1881 2521 1932 tres
2550 1867 2786 1932 sormae

477 1955 782 2041 eligendi,
861 1953 1120 2024 uaelibet
1168 1953 1270 2018 via
1321 1951 1412 2017 sic
1455 1953 1978 2038 praecluderetur.
2076 1953 2183 2018 De
2211 1953 2540 2033 scrutinio,
2574 1968 2783 2040 patet,

475 2041 654 2130 quod
696 2041 786 2107 ibi
885 2042 1080 2106 abent
1131 2039 1529 2124 singulorum
1578 2053 1732 2106 vota
1760 2040 2135 2119 examinari,
2170 2041 2321 2106 ideo
2350 2057 2503 2107 ante
2532 2043 2795 2108 exami-

475 2131 810 2197 nacionem
843 2151 976 2194 non
1007 2129 1203 2194 debet
1235 2127 1298 2192 in
1331 2126 1608 2215 aliquam
1641 2149 1973 2213 personam
2007 2127 2378 2193 consentiri.
2470 2129 2575 2194 De
2603 2151 2790 2194 com-

476 2215 896 2304 promissione
955 2231 1136 2302 patet
1205 2215 1403 2294 idem,
1473 2215 1651 2302 quod
1726 2214 1855 2302 ipsi
1924 2215 2459 2300 compromissarii
2531 2216 2787 2282 habent

475 2305 806 2370 nominare
851 2327 1045 2392 quem
1076 2303 1308 2369 velint,
1391 2301 1499 2368 De
1532 2303 1953 2389 inspiracione
1984 2315 2165 2388 patet
2196 2303 2391 2380 idem,
2434 2325 2581 2368 cum
2614 2322 2789 2389 proe-

475 2393 738 2458 eederet
791 2408 989 2456 eertae
1028 2412 1320 2477 personoe
1349 2390 1775 2473 nominacio.]
1862 2390 2056 2456 Dixit
2088 2403 2303 2456 tamen
2340 2389 2547 2469 Prior,
2572 2392 2785 2479 quod,

475 2480 777 2546 veniente
827 2479 934 2544 d'ie
979 2477 1333 2554 electionis,
1385 2477 1575 2544 talem
1618 2478 1953 2564 eligerent,
2001 2480 2257 2560 [Deum
2298 2477 2611 2544 habentes
2641 2501 2783 2565 prae

479 2565 734 2654 oculis]
769 2569 878 2654 qui
909 2566 1058 2631 Deo
1088 2581 1156 2632 et
1177 2564 1464 2631 ecclesiae
1491 2565 1664 2631 utilis
1687 2568 1833 2644 erit,
1864 2565 2031 2652 Regi
2055 2580 2123 2631 et
2146 2589 2350 2652 regno
2372 2566 2601 2646 fidelis,
2634 2567 2791 2655 [qui

480 2655 681 2721 eciam
729 2655 789 2718 ei
835 2654 1070 2720 debeat
1113 2654 1198 2719 de
1233 2654 1384 2740 jure
1429 2655 1705 2738 placere,
1736 2655 2017 2720 utilitate
2060 2654 2352 2720 ecclesiae
2380 2669 2667 2740 pensata,
2714 2669 2787 2719 et

481 2755 654 2808 statu
699 2740 1160 2827 episcopatus]
1287 2740 1440 2816 Qua
1481 2742 1899 2828 responsione
1930 2741 2085 2808 data
2114 2756 2515 2808 recesserunt
2548 2741 2789 2808 Archi-

481 2829 823 2916 episcopus
849 2843 916 2894 et
947 2829 1207 2909 Comes,
1239 2831 1362 2896 ista
1387 2829 1837 2896 renuntiaturi.

795 3203 946 3252 0313.
983 3203 1072 3249 lv.
1129 3203 1226 3247 DE
1249 3199 1649 3274 istncnonss
1680 3197 1943 3246 THOMAE
1976 3195 2066 3242 DE
2099 3195 2477 3242 naussum.

1208 3365 1360 3434 [MS.
1384 3365 1515 3434 Cup.
1538 3379 1774 3418 cxxxvr.
1796 3364 1885 3418 fol.
1915 3365 2066 3430 1821

581 3533 841 3599 statuto
872 3529 1064 3616 igitur
1086 3529 1194 3596 die
1216 3529 1306 3596 ad
1322 3531 1721 3620 eligendum,
1739 3531 1845 3597 die
1868 3531 2112 3597 scilicet
2134 3531 2305 3596 lunae
2321 3529 2619 3616 proxima
2640 3545 2795 3618 post

491 3618 949 3687 Ascensionem
975 3642 996 3694 ;
1046 3619 1284 3684 vocatis
1331 3620 1650 3698 vocandis,
1684 3642 1803 3706 per
1833 3621 1997 3685 viam
2030 3618 2611 3705 compromissionis
2642 3641 2797 3705 pro-

493 3719 858 3782 cesserunt3
899 3720 968 3771 et
989 3706 1318 3772 dominum
1352 3706 1673 3774 Thomam
1705 3708 1789 3773 de
1826 3706 2174 3784 Melsanbi,
2214 3706 2501 3772 Priorem
2536 3706 2801 3772 Dunol-

491 3816 796 3871 mensem,
843 3791 908 3856 in
956 3794 1328 3879 episcopum
1374 3795 1757 3881 elegerunt;
1790 3795 1923 3883 qui,
1957 3795 2239 3870 tandem,
2275 3794 2386 3858 vix
2416 3794 2692 3860 lacrimis
2722 3809 2796 3860 et

494 3882 794 3969 precibus
843 3882 1072 3959 victus,
1127 3881 1478 3968 adquievit.
1569 3883 1909 3949 Publicata
1944 3881 2144 3971 igitur
2173 3881 2491 3947 electione
2520 3881 2697 3947 clero
2727 3897 2800 3947 et

494 3969 760 4056 popule,
807 3969 1111 4058 magister
1141 3967 1234 4033 W.
1272 3971 1549 4056 Cryspin
1578 3993 1702 4057 pro
1721 3971 1872 4056 jure
1902 3971 2095 4036 electi
2124 3983 2191 4034 et
2220 3968 2539 4034 electione
2562 3991 2801 4055 provo·

496 4056 666 4122 cav-it
689 4069 754 4121 et
783 4055 1152 4143 appellavit.
1227 4057 1435 4143 Super
1463 4080 1593 4145 qua
1622 4057 1937 4124 electione
1964 4058 2137 4123 facta
2168 4057 2377 4120 missoe
2406 4073 2557 4121 sunt
2584 4055 2801 4121 literoe

495 4156 788 4229 patentes
819 4144 1324 4231 Archiepiscopo
1357 4145 1770 4224 Eboracensi,
1802 4143 2066 4210 domino
2089 4145 2359 4226 [etiam]
2390 4143 2577 4228 Regi.
2664 4145 2801 4210 Sed

496 4243 732 4296 contra·
752 4230 1130 4297 electionem
1163 4231 1422 4317 excepit
1456 4233 1626 4311 Rex,
1652 4233 1828 4319 quod
1852 4233 2091 4300 electus
2114 4246 2255 4298 erat
2276 4231 2567 4296 inimicus
2597 4231 2801 4318 Regis

499 4331 574 4382 et·
613 4319 820 4402 regni,
867 4319 1022 4404 qnia
1059 4318 1232 4403 prius
1273 4333 1412 4385 erat
1445 4318 1635 4385 Prior
1664 4319 1747 4386 de
1784 4320 2241 4405 Coldingham,
2270 4331 2342 4384 et
2372 4332 2527 4384 tunc
2555 4318 2805 4386 fecerat

503 4403 672 4489 Regi
705 4405 942 4469 Scotiae
973 4405 1370 4474 fidelitatem.
1453 4406 1539 4472 Et
1561 4408 1714 4494 quia
1740 4406 2098 4494 Episcopus
2123 4407 2581 4472 Dunelmensis
2604 4407 2803 4474 habet

498 4489 645 4558 loca
687 4491 1030 4559 fortissima
1073 4506 1138 4558 et
1181 4493 1567 4560 munitiones
1616 4494 1684 4561 in
1714 4495 1993 4562 confinio
2030 4493 2226 4584 Regis
2260 4492 2517 4574 Scoti-ae,
2551 4494 2807 4580 pericu-
