3000 5117
1057 461 1474 514 Arrmsmx.
2278 433 2419 508 lxxi

137 638 192 692 et
217 623 676 690 successoribus
701 621 956 700 nostris,
984 622 1120 690 sine
1150 622 1364 710 aliqua
1387 623 1741 688 eorundem
1764 619 2241 686 Monachorum
2264 640 2420 684 con-

137 711 516 789 tradictione,
577 711 642 774 in
703 725 1088 796 perpetuum
1147 711 1531 778 remanebit.
1632 711 1797 775 ltem
1858 707 2292 783 concedimuS,
2350 721 2419 770 et

135 799 412 885 praesenti
457 812 642 863 carta
686 797 1158 876 confirmamuS,
1199 797 1405 861 Priori
1453 813 1519 862 et
1552 796 1916 862 Conventui
1964 793 2411 870 Dunelmensi,

137 901 198 950 ut
223 885 490 950 habeant
525 884 856 970 Capellam
897 885 980 951 de
1015 884 1295 950 Cornale
1325 906 1470 948 cum
1504 885 1804 949 omnibus
1850 881 2257 968 pertinenciis
2282 882 2411 945 suis

137 986 502 1059 spectantem
535 972 621 1037 ad
651 971 978 1037 matricem
1016 970 1346 1037 ecclesiam
1379 972 1461 1036 de
1497 971 1807 1049 Norbam,
1840 984 1908 1035 et
1941 967 2277 1054 Capellam
2324 967 2409 1032 de

143 1059 424 1124 Anecroft
446 1081 596 1124 cum
630 1058 924 1123 omnibus
954 1057 1356 1144 pertinenciis
1387 1059 1513 1124 suis
1544 1073 1939 1144 spectantem
1969 1056 2053 1121 ad
2082 1053 2411 1120 matricem

139 1145 438 1212 ecclesiam
471 1145 558 1210 de
591 1145 814 1210 insula
860 1147 924 1209 in
973 1169 1122 1210 usus
1153 1147 1444 1232 proprios
1473 1145 1537 1209 in
1570 1159 1979 1231 perpetuum.
2078 1141 2404 1218 Similiter,

137 1233 404 1318 praesenti
431 1233 612 1298 carta
639 1233 1094 1298 confirmamus
1123 1233 1214 1298 eis
1268 1233 1336 1297 in
1376 1248 1781 1319 perpetuum,
1816 1230 1881 1296 in
1912 1230 2205 1316 proprios
2236 1251 2407 1305 usus,

141 1319 454 1386 Ecclesiam
499 1319 588 1384 de
621 1319 869 1385 Dalton
915 1342 1064 1384 cum
1105 1320 1404 1386 omnibus
1433 1318 1847 1406 pertinenciis
1876 1318 2025 1394 suis,
2058 1317 2141 1380 ad
2175 1317 2405 1380 Came-

139 1431 250 1472 ram
275 1407 646 1484 eorundem,
679 1406 844 1472 sicut
873 1405 936 1471 in
968 1409 1144 1472 carta
1173 1409 1508 1473 memorati
1534 1406 1795 1472 Ricardi
1824 1406 1907 1470 de
1934 1404 2217 1470 Marisco
2238 1425 2405 1488 prae-

141 1494 451 1560 decessoris
499 1495 727 1573 nostri,
760 1517 952 1581 quam
997 1493 1150 1560 inde
1200 1495 1461 1573 habent,
1496 1497 1749 1580 plenius
1788 1491 2189 1558 continetur:
2236 1489 2412 1553 salva

141 1583 412 1666 perpetua
441 1581 679 1646 vicaria
711 1583 776 1645 in
809 1582 1036 1646 eadem
1075 1580 1380 1646 Ecclesia.
1473 1581 1905 1648 Concedimus
1938 1578 2128 1644 etiam
2161 1577 2405 1642 eisdem

145 1668 450 1734 Monachis
507 1691 642 1754 quo
701 1673 849 1754 [sic]
883 1670 1164 1734 habeant
1223 1671 1286 1734 in
1320 1684 1702 1755 perpetuum
1737 1668 2003 1732 liberum
2038 1687 2223 1752 aquoe
2254 1663 2413 1728 duc-

145 1771 256 1818 tum
283 1779 392 1840 per
424 1770 664 1820 terram
685 1771 986 1835 nostram,
1013 1755 1254 1822 scilicet
1271 1771 1402 1822 tam
1421 1779 1539 1842 per
1563 1770 1797 1821 terram
1822 1777 2014 1841 quam
2042 1774 2155 1838 per
2172 1773 2406 1839 aquam

143 1842 252 1905 sine
318 1842 658 1907 manifesto
723 1842 1006 1929 dampno
1065 1858 1286 1908 nostro
1346 1845 1448 1908 vel
1510 1865 1953 1908 successorum
2020 1859 2403 1906 nostrorum.

151 1930 570 1994 Remanebunt
631 1942 850 1994 autem
897 1931 1168 2018 integroe
1213 1931 1397 1996 nobis
1443 1947 1509 1996 et
1552 1929 2021 1995 successoribus
2066 1925 2299 1990 nostris
2344 1926 2409 1988 in

149 2032 488 2100 perpetuum
536 2017 720 2081 bosci
751 2016 832 2081 de
869 2016 1300 2084 Brakenholm
1331 2033 1400 2083 et
1453 2019 1537 2084 de
1578 2017 1867 2093 Wdhale,
1900 2015 2077 2080 salvo
2110 2013 2317 2078 Priori
2350 2028 2414 2078 et

151 2103 458 2168 Monachis
504 2104 1052 2169 Dunelmensibus
1099 2105 1165 2169 in
1217 2120 1603 2194 perpetuum
1654 2106 1853 2170 bosco
1900 2126 2019 2167 suo
2064 2101 2145 2166 de
2204 2101 2413 2164 Hem·

149 2190 398 2255 minburc
450 2214 570 2275 per
619 2211 829 2256 certas
877 2192 1105 2257 divisas
1146 2217 1314 2261 suas,
1411 2193 1901 2258 Reservavimus
1934 2211 2085 2254 vero
2117 2187 2297 2252 nobis
2342 2203 2415 2252 et

150 2279 574 2342 successoribus
607 2279 838 2342 nostris
870 2279 934 2342 in
965 2295 1350 2366 perpetuum
1383 2279 1683 2344 forestam
1716 2292 2019 2343 nostram.
2100 2276 2205 2340 Ita
2232 2275 2409 2361 quod

151 2365 278 2428 dicti
309 2365 488 2430 Prior
543 2380 610 2431 et
657 2366 969 2431 Monachi
997 2368 1459 2432 Dunelmenses
1487 2391 1613 2433 non
1644 2379 1947 2452 poterunt
1979 2363 2043 2426 in
2074 2363 2151 2428 ea
2182 2383 2414 2447 capere

149 2451 370 2518 buscam
422 2453 527 2518 vel
561 2453 958 2534 maremium,
993 2453 1108 2518 nisi
1156 2479 1240 2520 ex
1268 2456 1486 2540 gracia
1512 2471 1581 2520 et
1612 2452 1875 2518 licencia
1904 2451 2118 2516 nostra
2160 2463 2229 2514 et
2272 2471 2417 2514 suc-

153 2561 442 2604 cessorum
473 2542 578 2606 vel
611 2540 989 2606 ballivorum
1037 2560 1423 2608 nostrorum.
1546 2543 1791 2607 Locum
1826 2563 1978 2604 vero
2010 2538 2119 2625 qui
2150 2552 2419 2602 vocatur

157 2625 342 2690 Landa
375 2628 506 2692 Dei
531 2652 682 2694 cum
717 2629 1120 2712 pertinenciis
1149 2629 1276 2695 suis
1307 2631 1719 2696 concedimus
1750 2645 1815 2693 et
1848 2627 2299 2691 confirmamus
2346 2624 2415 2687 in

153 2730 490 2798 perpetuum
527 2715 920 2781 Sacristariae
965 2718 1405 2796 Duneltnensi,
1439 2718 1601 2782 sicut
1632 2717 1809 2781 illum
1843 2715 2058 2778 locum
2093 2713 2313 2777 habuit
2343 2725 2415 2776 et

157 2801 320 2864 tenuit
347 2802 548 2868 frater
587 2803 900 2868 Ranulfus
929 2804 1012 2870 de
1050 2806 1225 2870 dono
1263 2805 1567 2890 Hugpnis
1597 2803 1921 2890 quondam
1956 2801 2417 2864 Dunelmensis

157 2885 443 2974 Episcopi.
536 2891 647 2958 Ad
680 2890 820 2955 haec
849 2891 1282 2968 concedimu5‚
1315 2907 1384 2958 et
1409 2892 1705 2978 proesenti
1738 2891 1914 2955 carta
1942 2889 2413 2963 confirmamus,

155 2993 246 3058 pro
271 2978 444 3040 nobis
475 2993 544 3042 et
575 2980 1050 3045 successoribus
1083 2979 1338 3058 nostris,
1371 2980 1547 3067 quod
1592 2978 1748 3044 dicti
1786 2976 1971 3042 Prior
1998 2988 2067 3038 et
2102 2973 2414 3038 Monachi

156 3061 592 3130 Dunelmenses
623 3065 904 3131 habeant
935 3082 997 3132 et
1031 3081 1297 3132 teneant
1341 3066 1405 3131 in
1453 3080 1831 3152 perpetuum
1852 3065 2118 3128 boscum
2152 3060 2237 3125 de
2270 3059 2419 3124 He-

155 3149 286 3212 wrth
312 3173 422 3234 per
451 3151 569 3217 has
602 3152 850 3230 divisas,
867 3153 1110 3220 scilicet
1141 3169 1344 3220 totum
1375 3156 1645 3220 boscum
1675 3167 1743 3217 et
1772 3163 1975 3216 totam
2009 3163 2244 3213 terram
2268 3169 2415 3211 cum

155 3240 370 3316 pastura
412 3262 498 3304 ex
546 3238 846 3305 orientali
875 3257 1058 3325 parte
1103 3241 1186 3307 de
1221 3240 1636 3318 Mereburne,
1670 3239 1919 3304 de'sicut
1950 3235 2149 3300 currit
2181 3235 2245 3298 in
2280 3235 2417 3320 Ty-

156 3342 272 3386 nam
301 3347 510 3392 versus
559 3349 758 3391 mare.
851 3327 938 3394 Et
966 3329 1032 3392 in
1075 3328 1749 3413 recompensacionem
1778 3324 1969 3409 hujus
2000 3339 2233 3388 nostroe
2264 3343 2419 3386 con-

157 3409 409 3476 cessionis
461 3428 532 3478 et
593 3415 1122 3494 confirmacionis,
1169 3417 1252 3480 de
1297 3437 1555 3480 assensu
1610 3431 1676 3480 et
1720 3413 2055 3478 voluntate
2100 3410 2421 3474 dictorum

158 3495 612 3593 monachorum,
647 3501 824 3566 locus
856 3502 960 3567 ille
990 3505 1099 3604 qui
1130 3502 1364 3568 dicitur
1399 3503 1735 3580 Yreshale‚
1771 3523 1917 3566 cum
1948 3498 2242 3562 omnibus
2274 3519 2424 3582 per-

160 3585 402 3651 tinenciis
432 3588 584 3666 suisa,
620 3589 974 3655 remanebit
1004 3614 1068 3653 m
1098 3605 1480 3676 perpetuum
1530 3593 1593 3653 in
1637 3587 2043 3654 ordinatione
2088 3599 2307 3650 nostra
2351 3597 2423 3648 et

161 3689 546 3767 successorum
581 3689 942 3742 nostrorum
966 3687 1006 3754 ;'
1029 3678 1122 3742 ita
1149 3677 1324 3764 quod
1367 3676 1849 3762 providebimus
1922 3673 2151 3739 naliter
2180 3673 2423 3738 elemo-

161 3776 266 3822 sina
289 3759 510 3825 futuris
535 3764 930 3848 temporibus
948 3765 1228 3833 durabit.
1335 3764 1639 3828 Similiter
1668 3763 1845 3828 locus
1874 3697 1983 3826 ille
2012 3760 2123 3847 qui
2157 3774 2425 3826 vocatur

165 3842 420 3944 Sateleya
445 3871 600 3913 cum
631 3851 1036 3934 pertinenciis
1065 3850 1213 3917 suis.
1304 3851 1478 3915 Villa
1509 3850 1701 3916 etiam
1732 3851 1817 3914 de
1855 3849 2065 3931 R-uley
2097 3869 2243 3910 cum
2277 3868 2425 3928 per·

166 3937 412 3997 tmenciis
441 3938 592 4012 ευίε,
627 3937 802 4001 salva
847 3939 1112 4024 Capella
1155 3939 1446 4023 ejusdam
1494 3938 1665 4002 villae
1712 3934 1959 4002 matrici
1998 3932 2305 3996 Ecclesiae
2334 3931 2423 3994 de

169 4013 606 4114 Multelingwic9
638 4025 822 4090 nobis
853 4040 918 4091 et
949 4025 1417 4091 successoribus
1448 4028 1677 4089 nostris
1709 4025 1771 4087 in
1802 4033 2187 4108 perpetuum
2218 4039 2427 4081 rema-

167 4104 326 4169 nebit.
411 4109 633 4186 Quare
686 4113 980 4178 volumus
1011 4128 1076 4179 et
1116 4115 1531 4178 concedimus
1562 4127 1629 4178 et
1654 4106 1947 4196 praesenti
1992 4108 2168 4169 carta
2190 4105 2425 4168 confir-

171 4207 369 4257 mamus
399 4219 514 4280 pro
547 4199 730 4264 nobis
753 4217 820 4264 et
839 4201 1310 4266 successoribus
1341 4199 1573 4266 nostris
1604 4197 1777 4285 quod
1809 4191 2101 4279 praedicti
2139 4191 2323 4256 Prior
2353 4207 2421 4256 et

175 4273 438 4346 Monachi
471 4285 938 4352 Dunelmenses
990 4289 1272 4354 habeant
1323 4301 1391 4353 et
1437 4297 1699 4351 teneant
1730 4283 1791 4345 in
1826 4293 2203 4366 perpetuum
2238 4279 2427 4364 plene

180 4377 228 4424 et
249 4367 490 4452 integre,
513 4372 710 4438 libere
730 4386 793 4436 et
813 4375 1100 4459 pacifice,
1135 4377 1350 4440 omnia
1373 4397 1519 4461 quae
1553 4375 1641 4437 eis
1668 4371 1731 4434 in
1767 4367 1967 4433 forma
1999 4365 2427 4451 suprascripta

182 4457 575 4524 concessimus.
707 4461 998 4530 Retentis
1029 4465 1210 4530 nobis
1242 4479 1306 4529 et
1340 4459 1811 4529 successoribus
1844 4453 2073 4521 nostris
2105 4458 2169 4520 in
2202 4475 2435 4540 perpe-
