3000 5117
413 462 694 540 ccccxii
910 484 1116 537 msr.
1151 481 1514 536 numeru.
1556 483 2021 560 senn’wusss
2058 485 2269 538 runs.

409 650 690 738 ipsisque
721 649 874 712 vitae
919 645 1276 711 necessaria
1301 667 1378 711 ac
1409 646 1627 712 omnia
1652 669 1801 746 quae
1830 647 2119 733 personis
2147 647 2465 713 debentur
2490 647 2718 714 Chris-

406 735 598 804 tianis
628 733 967 800 ministrari
1017 733 1347 811 facientes,
1401 733 1776 817 dignemini,
1841 749 2034 818 prout
2091 733 2300 800 decet.
2440 734 2717 822 Nosque

407 840 676 902 vestros,
711 844 858 888 cum
897 821 982 886 ad
1020 834 1238 906 partes
1267 831 1520 884 nostras
1550 822 1912 898 acceserint,
1958 820 2217 886 favente
2250 815 2559 900 Domino,
2610 844 2707 888 re-

409 913 720 998 cipiemus
748 923 816 974 et
847 906 1254 972 tractabimus
1285 906 1422 991 pari
1451 905 1669 974 modo.
1772 907 1951 987 Data
1982 907 2311 986 Dunelmi,
2342 910 2464 973 sub
2496 907 2713 992 sigillo

405 1014 650 1076 nostro,
683 1009 874 1062 sexto
909 993 1016 1059 die
1061 995 1295 1058 mensis
1329 992 1590 1071 Marcii,
1622 1014 1793 1058 anno
1824 993 2161 1060 millesimo
2190 997 2717 1082 quingentesimo

404 1099 655 1154 octavo.

573 1488 872 1538 CCCXXH.
947 1490 1266 1536 Pnovlslo
1345 1489 1430 1536 m·
1506 1489 1896 1538 PnEch'rro
1961 1491 2221 1538 nonum
2268 1491 2533 1539 THOMAE

586 1574 973 1620 now‘rHALL
1071 1578 1146 1622 m
1247 1578 1643 1623 EmscoPuM
1718 1579 2250 1625 DUNELMRNSRM
2340 1583 2529 1625 ANNo

1283 1665 1562 1713 cnms¹r1
1629 1665 1831 1712 mmx.

857 1803 1032 1870 [Cart.
1054 1805 1168 1856 111.
1188 1803 1276 1856 fol.
1295 1807 1413 1856 203.
1437 1807 1486 1856 b.
1508 1811 1565 1857 et
1588 1805 1733 1875 Orlg.
1778 1807 1821 1855 1.
1846 1809 1894 1856 3.
1920 1805 2094 1874 Papa]-
2120 1807 2181 1860 C.
2207 1809 2280 1875 3.]

491 1948 704 2014 Julius
753 1946 1130 2030 Episcopum,
1177 1966 1392 2008 servus
1421 1965 1750 2010 servorum
1799 1945 1950 2024 Dei,
1997 1943 2249 2011 dilectis
2294 1947 2440 2012 filiis
2510 1950 2715 2035 Capi-

403 2035 545 2100 tulo
589 2033 875 2098 ecclesiae
923 2031 1382 2096 Dunelmensis
1423 2031 1697 2096 salutem
1770 2045 1839 2096 et
1896 2032 2309 2116 apostolicam
2380 2037 2717 2102 benedici-

403 2144 618 2189 onem.
713 2118 938 2182 Hodie
983 2116 1270 2182 ecclesioe
1313 2131 1569 2196 vestrae,
1618 2141 1703 2182 ex
1748 2141 1827 2182 eo
1872 2119 2048 2204 quod
2079 2142 2197 2184 nos
2235 2121 2476 2186 dudum
2511 2145 2714 2187 vene-

403 2209 670 2274 rabilem
702 2204 972 2268 fratrem
996 2218 1288 2268 nostrum
1324 2203 1793 2268 christoforum
1846 2205 2423 2292 Archiepiscopum
2458 2209 2711 2274 Ebora-

399 2315 680 2364 censem‚
731 2305 882 2355 tunc
955 2291 1328 2377 episcopum
1391 2289 1920 2369 Dunelmensem‚
1996 2314 2038 2356 a
2095 2293 2353 2359 vinculo
2394 2317 2526 2381 qno
2586 2296 2711 2380 ipsi

401 2379 690 2448 ecclesiae
739 2375 1178 2454 Dunelmensi,
1212 2376 1316 2442 cui
1349 2391 1505 2441 tunc
1548 2390 1847 2462 praeerat,
1899 2379 2265 2458 tenebatur,
2320 2383 2709 2448 auctoritate

397 2466 772 2555 apostolica,
819 2487 896 2529 ac
925 2465 1008 2529 de
1049 2464 1386 2550 potestatis
1431 2465 1801 2549 apostolicae
1844 2465 2263 2548 plenitudiue,
2296 2468 2445 2532 licet
2474 2470 2708 2534 absen-

402 2573 558 2632 tem,
606 2553 1035 2629 absolventes,
1084 2551 1293 2636 ipsum
1324 2550 1408 2615 ad
1439 2551 1775 2616 ecclesiam
1810 2551 2305 2630 Eboracensem,
2338 2569 2491 2619 tunc
2522 2570 2707 2620 certo
2811 2552 2823 2572 ‘

397 2641 598 2706 modo
642 2653 999 2716 vacantem,
1049 2637 1132 2702 de
1177 2637 1444 2704 fratrum
1508 2650 1882 2702 nostrorum
1921 2638 2191 2703 consilio
2238 2642 2703 2719 transtulimus,

397 2727 814 2818 praeficiendo
860 2747 1006 2790 eum
1039 2724 1248 2788 eidem
1281 2722 1569 2788 ecclesiae
1604 2724 1993 2789 Eboracensi
2027 2725 2090 2788 in
2128 2727 2703 2812 Archiepiscopum

401 2828 468 2880 et
507 2826 856 2898 pastorem,
905 2809 1176 2895 pastoris
1219 2809 1460 2874 solacio
1504 2810 1852 2888 destitutoe,
1899 2811 1983 2875 de
2027 2833 2303 2896 persona
2330 2814 2551 2878 dilecti
2586 2815 2704 2879 filii

403 2900 680 2964 Thomae
711 2897 901 2963 electi
935 2896 1386 2961 Dunelmensis
1419 2896 1603 2962 nobis
1634 2910 1701 2960 et
1732 2897 1969 2962 eisdem
2001 2897 2301 2963 fratribus
2330 2900 2416 2964 ob
2440 2923 2705 2966 suorum

400 2986 799 3073 exigenciam
868 2984 1243 3049 meritorum
1306 2995 1590 3069 accepta,
1655 2983 1735 3047 de
1766 2983 1955 3048 simili
1999 2984 2268 3050 consilio
2318 2986 2705 3054 auctoritate

399 3071 672 3158 praesata
699 3070 1113 3157 providimuS,
1161 3069 1498 3155 ipsumque
1540 3069 1632 3133 iili
1676 3070 2075 3155 proefecimus
2119 3074 2185 3136 in
2232 3072 2603 3158 episcopum
2636 3088 2705 3138 et

397 3171 743 3244 pastorem,
792 3179 1006 3221 curam
1053 3170 1120 3220 et
1186 3155 1811 3220 administracionem
1865 3155 2059 3241 ipsius
2118 3158 2406 3222 ecclesiae
2454 3159 2705 3224 Dunel-

393 3243 631 3310 mensis
677 3243 800 3308 sibi
827 3243 894 3308 in
923 3242 1334 3328 spirtualibus
1379 3256 1448 3307 et
1491 3243 1949 3342 temporalibus
1978 3244 2265 3329 plenarie
2294 3245 2706 3312 committen-

395 3331 505 3408 do,
550 3344 744 3415 prout
789 3330 855 3393 in
901 3329 1134 3392 nostris
1179 3329 1331 3393 inde
1377 3328 1683 3394 eonfeens
1741 3328 1941 3394 literis
1998 3330 2249 3415 plenius
2308 3332 2699 3402 continetur.

397 3417 726 3493 Quocirca
769 3415 1152 3480 discrecioni
1189 3428 1418 3480 vestrae
1460 3437 1579 3500 per
1620 3415 1975 3500 apostolica
2014 3420 2254 3502 scripta
2298 3419 2700 3498 mandamus,

393 3503 694 3589 quatinus
738 3501 946 3566 eidem
994 3501 1271 3566 Thomoe
1335 3514 1638 3588 tanquam
1700 3501 1874 3587 patri
1934 3516 2003 3568 et
2062 3505 2301 3588 pastori
2343 3507 2701 3570 animarum

393 3603 754 3654 vestrarum
797 3587 1126 3650 humiliter
1185 3587 1621 3666 intendentes,
1681 3609 1757 3652 ac
1802 3589 2182 3656 exhibentes
2226 3589 2345 3655 sibi
2390 3592 2700 3656 obedien-

389 3675 560 3742 ciam
605 3687 675 3739 et
721 3673 1154 3738 reverenciam
1195 3673 1446 3740 debitas
1491 3687 1559 3738 et
1616 3675 1904 3753 devotas,
1950 3677 2087 3761 ejus
2132 3677 2412 3742 salubria
2454 3678 2705 3744 monita

389 3775 461 3828 et
491 3761 798 3827 mandata
837 3759 1194 3845 suscipiatis
1237 3759 1587 3837 humiliter,
1634 3775 1703 3826 et
1763 3762 2105 3829 efficaciter
2171 3763 2537 3848 ademplere
2588 3787 2705 3830 cu-

393 3849 570 3928 retis,
617 3846 898 3935 alioquin
941 3849 1338 3914 sentenciam
1379 3869 1577 3934 quam
1606 3847 1775 3912 idem
1823 3848 2111 3914 Thomas
2140 3849 2385 3915 electus
2423 3849 2549 3914 rite
2598 3863 2706 3918 tu-

393 3936 540 4001 lerit
571 3936 636 4000 in
669 3935 941 4000 rebelles
972 3947 1174 3999 ratam
1207 3933 1607 4012 habebimus,
1640 3946 1709 3998 et
1727 3934 2055 4012 faciemus,
2080 3950 2348 4000 auctore
2378 3937 2695 4014 Domino,

393 4044 598 4108 usque
669 4021 756 4086 ad
827 4020 1337 4086 satisfaccionem
1409 4021 1799 4108 condignam
1855 4022 2263 4087 inviolabiter
2347 4022 2705 4089 observari.

395 4109 576 4174 Data
623 4109 872 4185 Romae,
905 4107 1080 4194 apud
1110 4122 1400 4172 sanctum
1434 4107 1722 4184 Petrum,
1770 4129 1941 4174 auno
1970 4108 2431 4174 incarnacionis
2463 4109 2705 4174 Domi-

389 4194 556 4262 nicae
617 4192 953 4258 millesimo
1021 4193 1536 4281 quingentesimo
1588 4216 1781 4272 noun,
1858 4194 2061 4261 tercio
2124 4195 2433 4262 kalendas
2493 4194 2536 4260 J
2540 4195 2700 4275 unii,

394 4279 802 4366 pontificatus
847 4282 1052 4346 nostri
1095 4303 1266 4346 anno
1298 4296 1499 4350 sexto.
