3000 5117
502 491 546 540 x
943 482 1146 535 HIST.
1188 476 1548 530 DUNELM.
1589 475 2052 531 SCRIPTORES
2081 480 2293 533 TREs.

496 648 759 716 tutionis
805 644 1102 732 paginam
1150 642 1375 719 sciens,
1410 655 1638 707 contra
1664 662 1808 707 eam
1839 654 2083 707 temere
2115 644 2331 709 venire
2365 648 2802 731 temptaverit,

497 736 779 803 secundo
870 732 1148 798 terciove
1207 728 1617 807 commonita,
1709 728 1760 791 si
1821 751 1952 793 non
2011 730 2448 797 satisfactione
2505 756 2804 819 congrua

490 820 949 897 emendaverit,
982 818 1319 919 potestatis
1351 815 1738 906 honorisque
1767 815 1862 879 sui
1885 816 2200 900 dignitate
2222 832 2460 898 careat,
2487 844 2801 908 reamque

495 937 564 979 se
609 910 845 976 divine·
860 905 1109 993 judicio
1146 903 1532 969 existere-de
1561 917 1924 989 perpetrata
1954 903 2042 967 ini
2093 905 2294 971 nitate
2323 924 2696 992 cognoscat,
2729 924 2802 975 et

494 1023 534 1065 a
576 996 1002 1064 sacratissimo
1048 1013 1319 1093 corpore
1360 1013 1436 1055 ac
1464 990 1774 1078 sanguine
1805 989 1935 1055 Dei
1965 1003 2030 1055 et
2177 993 2332 1057 mini
2364 995 2802 1081 redemptoris

490 1088 691 1153 nostri
738 1085 892 1149 Jesu
948 1080 1187 1145 Christi
1234 1078 1444 1143 aliena
1492 1078 1629 1156 fiat,
1677 1091 1870 1164 atque
1919 1076 1983 1140 in
2011 1092 2308 1144 extremo
2337 1085 2634 1147 examine
2665 1084 2802 1147 dis-

495 1180 703 1239 trictae
757 1168 995 1235 ulcioni
1048 1167 1395 1251 subjaceat.
1493 1164 1760 1229 Cunctis
1809 1177 2024 1230 autem
2074 1166 2281 1231 Priori
2329 1180 2396 1233 et
2459 1170 2798 1235 monachis

491 1261 781 1348 ejusdem
835 1257 984 1334 loci,
1036 1256 1213 1341 justa
1264 1252 1682 1330 servantibus,
1733 1252 1814 1315 sit
1867 1273 1998 1337 pax
2053 1252 2321 1319 Domini
2379 1257 2582 1320 nostri
2633 1256 2798 1323 Jesu

496 1346 777 1423 Christi3
826 1342 1123 1445 quatinus
1176 1352 1243 1405 et
1288 1340 1395 1404 hie
1442 1338 1724 1403 fructum
1771 1339 1962 1403 bonae
2007 1340 2282 1407 accionis
2313 1344 2690 1429 percipiant,
2723 1359 2800 1411 et

488 1436 663 1523 apud
688 1434 1046 1499 districtum
1060 1428 1348 1514 judicem
1371 1426 1640 1513 praemia
1661 1438 1901 1491 eternae
1927 1424 2098 1513 pacis
2125 1426 2470 1495 inveniant.
2549 1432 2794 1507 Amen,

487 1529 724 1600 Amen,
761 1522 993 1586 Amen.
1086 1516 1265 1580 Data
1294 1513 1680 1592 Beneventi,
1715 1535 1830 1599 per
1859 1536 2118 1579 manum
2144 1514 2456 1581 Johannis
2523 1516 2796 1585 Cartan’

496 1613 753 1677 Sanctae
790 1608 1102 1673 Romauae
1136 1601 1446 1668 Ecclesiae
1486 1600 1744 1665 diaconi
1775 1600 2115 1666 cardinalis
2145 1616 2210 1669 et
2239 1604 2624 1683 cancellarii,
2659 1626 2792 1671 vm

488 1698 631 1763 idus
674 1693 988 1771 Januarii,
1022 1690 1370 1755 indictione
1404 1710 1492 1767 vx,
1527 1688 1991 1753 incarnacionis
2023 1688 2364 1757 dominicae
2399 1696 2598 1757 Anno
2631 1692 2800 1757 Mil-

490 1786 715 1849 lesimo
750 1786 1130 1857 Lxxx⁰111⁰.,
1164 1776 1578 1863 pontificatus
1610 1790 1828 1840 autem
1861 1774 2102 1841 domini
2140 1776 2440 1863 Gregorii
2469 1800 2660 1865 papoe
2695 1800 2794 1845 vu

489 1894 659 1937 anno
689 1869 963 1935 decimo.

712 2240 800 2285 lv.
854 2236 1075 2282 cAR‘rA
1110 2234 1499 2279 LANFRANCI
1536 2234 2069 2279 ancl-umuscopl
2104 2233 2538 2280 CANTUARIAE.

1384 2352 1555 2418 [Cart.
1585 2352 1632 2403 1.
1662 2350 1699 2402 f.
1729 2354 1873 2419 1921

584 2474 981 2542 Lansrancus
1030 2469 1159 2536 Dei
1213 2468 1428 2555 gracia
1479 2469 2000 2534 Dorobornensis
2053 2468 2408 2555 episcopus,
2465 2468 2793 2536 Omnibus

494 2564 749 2655 Angliae
779 2562 835 2626 E
880 2560 1128 2644 ismpis,
1156 2572 1285 2621 tam
1308 2554 1726 2640 praesentibus
1749 2578 1939 2643 quam
1961 2555 2214 2633 futuris,
2239 2556 2530 2621 salutem.
2567 2556 2798 2624 Nove-

486 2654 624 2719 ritis
676 2674 795 2715 nos
893 2670 971 2713 oc
1020 2644 1327 2729 scriptum
1374 2663 1459 2707 ex
1511 2642 1754 2708 domini
1811 2644 2008 2729 Papae
2059 2642 2362 2729 Gregorii
2425 2664 2538 2709 vn.
2588 2659 2656 2709 et
2699 2668 2796 2711 ex

487 2751 815 2827 proecepto
859 2731 1105 2800 domini
1159 2729 1361 2796 nostri
1415 2730 1612 2815 Regis
1669 2730 2030 2816 Anglorum
2090 2730 2480 2809 Gwillielmi,
2518 2746 2792 2817 petente

493 2825 881 2893 Gwillielmo
932 2822 1127 2887 fratre
1178 2831 1402 2884 nostro
1450 2816 1877 2885 Dunelmensi
1923 2818 2356 2906 co-episcopo‚
2391 2818 2455 2881 in
2493 2818 2794 2885 Consilio

486 2909 930 2982 Lundoniensi
962 2905 1423 2993 conscripsisse.
1517 2905 1830 2971 Praesenti
1875 2906 2071 2991 igitur
2099 2920 2278 2971 carta
2305 2906 2788 2985 subscribimuS,

487 3002 919 3076 testificamur,
968 3006 1055 3074 et,
1102 2992 1484 3061 auctoritate
1514 2992 1700 3058 uobis
1729 3015 1768 3059 a
1800 2993 1948 3059 Deo
1977 2992 2234 3072 collata,
2267 2993 2589 3094 perpetuis
2619 3007 2794 3059 tem-

485 3090 750 3179 poribus
796 3085 1249 3152 confirmantes
1302 3082 1718 3167 roboramus3
1783 3080 2107 3157 Quatinus
2159 3079 2554 3167 Episcopalis
2593 3081 2789 3147 sedes

486 3200 615 3243 una
664 3196 812 3242 cum
861 3174 1035 3240 beati
1070 3171 1415 3237 Cuthberti
1463 3188 1787 3254 corpore„
1812 3190 1958 3233 cum
2007 3168 2184 3233 omni
2229 3168 2596 3251 integritate
2646 3191 2790 3237 suae

484 3264 781 3333 Diocesis
804 3258 1257 3325 inviolabiliter
1276 3268 1668 3342 permaneat,
1695 3268 1763 3320 et
1793 3278 1937 3320 cum
1959 3254 2132 3320 omni
2157 3254 2494 3340 parrochia
2559 3277 2662 3320 uae
2687 3274 2794 3322 est

484 3356 653 3417 inter
686 3350 855 3414 Tese
909 3360 975 3413 et
1020 3345 1285 3422 Twede,
1318 3365 1463 3408 cum
1513 3342 1782 3408 ecclesia
1825 3341 2359 3431 Hagustaldensi,
2415 3356 2484 3409 et
2591 3342 2792 3407 indis·

484 3436 763 3504 farnensi
818 3435 927 3499 ubi
972 3432 1325 3519 antiquitus
1362 3430 1774 3516 Episcopales
1817 3432 1999 3495 sedes
2059 3430 2334 3508 fuerant,
2365 3442 2432 3495 et
2481 3429 2790 3496 Carleolo

486 3539 551 3591 et
582 3520 1024 3597 Tevietedale,
1058 3532 1123 3585 et
1144 3517 1437 3583 omnibus
1456 3517 1798 3602 provinciis
1817 3517 2279 3603 adjacentibus,
2305 3516 2787 3597 inviolabiliter,

483 3611 719 3679 eternis
750 3607 1145 3694 temporibus
1186 3618 1574 3693 perseveret.
1665 3606 1987 3671 Dominus
2017 3604 2187 3671 enim
2219 3604 2417 3689 Papa,
2449 3604 2787 3691 praefatus,

494 3697 873 3787 Gregorius,
922 3693 1127 3772 nobis,
1176 3708 1240 3757 et
1286 3692 1466 3756 fratri
1511 3705 1734 3757 nostro
1773 3692 2051 3757 Thomae
2085 3692 2475 3757 Eboracensi
2515 3694 2792 3761 Archie-

484 3790 768 3876 piscop0,
804 3796 871 3849 et
903 3782 1072 3867 Regi
1106 3779 1516 3857 Gwillielmo,
1549 3780 1612 3843 in
1661 3778 1720 3843 vi
1765 3780 2151 3845 obedientiae.
2181 3780 2322 3845 haec
2352 3778 2539 3845 nobis
2569 3780 2792 3866 injun-

482 3881 603 3955 xit,
638 3874 939 3963 quatinus
985 3870 1120 3955 ejus
1164 3866 1475 3952 susceptis
1522 3868 1879 3933 litterarum
1909 3866 2210 3945 decretis,
2243 3888 2410 3955 quae,
2443 3865 2786 3935 deserente

488 3963 876 4031 Gwillielmo
923 3956 1353 4025 Dunolmensi
1406 3953 1728 4040 Episcopo
1759 3954 2130 4034 venerabili,
2187 3954 2374 4019 nobis
2425 3954 2785 4035 direxerat,

482 4076 601 4118 nos
632 4050 859 4116 eadem
890 4068 1037 4137 quae
1084 4066 1201 4109 sua
1244 4056 1312 4108 et
1337 4043 1515 4107 beati
1550 4041 1730 4107 Petri
1760 4043 2146 4108 auctoritate
2175 4054 2508 4121 statuerat,
2539 4044 2786 4109 nostris

478 4139 861 4224 scriptorum
894 4130 1297 4199 munimentis
1328 4130 1876 4208 confirmaremus,
1910 4145 1975 4196 et
2005 4128 2301 4195 omnibus
2325 4151 2440 4214 per
2471 4130 2787 4215 Angiiam

481 4228 621 4291 futu
632 4225 713 4289 ris
742 4223 1077 4309 Episcopis
1106 4232 1247 4284 rata
1276 4217 1491 4294 fuisse,
1515 4230 1774 4295 statuta,
1801 4232 1868 4283 et
1889 4217 2142 4282 sanxita
2159 4241 2200 4282 a
2221 4217 2374 4283 sede
2400 4217 2790 4303 Apostolica

478 4312 988 4381 testificaremur.
1083 4307 1306 4384 Quare
1337 4304 1495 4369 scire
1528 4328 1640 4369 vos
1665 4306 1959 4371 volumus
1979 4304 2132 4392 quia
2151 4306 2392 4381 omnia,
2411 4326 2562 4391 quoe
2583 4327 2788 4392 supra

482 4398 911 4474 meminimus,
966 4408 1102 4460 tam
1146 4417 1187 4459 a
1230 4392 1496 4459 domino
1533 4392 1711 4479 Papa
1740 4415 1931 4481 quarn
1962 4416 2003 4457 a
2031 4392 2218 4457 nobis
2249 4390 2556 4457 inviolata
2583 4406 2654 4457 et
2683 4394 2786 4458 in-

478 4508 785 4555 concussa
812 4484 1049 4550 eternis
1080 4502 1487 4569 perseverare
1512 4482 1928 4566 temporibus,
1959 4502 2081 4545 una
2111 4502 2261 4547 cum
2286 4480 2471 4565 Rege
2493 4480 2784 4565 'praesato
