3000 5117
471 427 918 502 ccccxxxviii
971 451 1176 501 msr.
1215 450 1575 502 num-:mn
1603 449 2065 500 scmr'ronsss
2102 450 2312 500 rans·

477 612 705 691 moria,
739 612 1109 677 inconcusse
1167 623 1436 689 servata,
1495 611 1671 697 quod
1737 609 2039 695 Episcopi
2111 608 2603 686 Dunelmenses,
2662 612 2785 696 qui

475 699 734 765 fuerant
756 721 876 784 pro
907 711 1222 784 tempore,
1255 721 1370 783 per
1401 720 1470 762 se
1495 699 1687 774 solOS,
1719 699 1959 784 absque
2002 697 2138 760 aliis
2168 696 2479 780 religiosis
2510 697 2631 761 sibi
2661 698 2785 760 ad-

465 785 729 871 junctis,
763 785 866 850 vel
897 785 1138 850 clericis
1161 785 1546 850 secularibus
1567 785 2093 884 quibuscumque,
2120 783 2456 883 assumptis
2486 782 2607 846 sibi
2627 784 2780 847 loco

479 874 714 939 notarii
757 872 1071 935 monacho
1103 873 1204 937 vel
1230 872 1582 949 monachis,
1637 870 1919 954 Capituli
1964 870 2299 935 memorati
2331 871 2777 934 visitacionem

477 981 660 1024 suam
693 959 962 1044 praefato
993 981 1195 1045 usque
1253 972 1408 1023 tunc
1465 957 1913 1043 impenderant
1968 955 2274 1041 capitu10,
2338 957 2777 1042 supplicantes

475 1045 690 1111 eidem
722 1046 1024 1130 episcopo
1053 1060 1125 1109 ut
1156 1068 1382 1110 omnes
1413 1057 1545 1109 tam
1578 1045 1771 1108 laicos
1801 1067 1989 1132 quam
2022 1044 2305 1122 clericoe‚
2338 1044 2673 1128 religiosos
2706 1058 2779 1107 et

481 1133 821 1210 seculareS,
855 1145 1198 1218 antequam
1235 1130 1662 1196 visitacionem
1696 1131 2033 1195 actualiter
2064 1147 2418 1208 exerceret,
2454 1155 2492 1195 a
2523 1133 2782 1215 capitu-

475 1217 545 1282 lo
589 1219 949 1306 preciperet
1001 1219 1307 1296 amoveri,
1356 1219 1584 1305 quibus
1643 1218 1870 1281 amotis
1927 1217 2130 1302 parati
2188 1231 2371 1282 erant
2418 1221 2627 1303 ipsum
2690 1219 2779 1281 ad

473 1306 911 1372 visitacionem
958 1307 1388 1390 peragendum
1439 1305 1799 1369 admittere.
1896 1307 2023 1370 Sed
2079 1303 2229 1390 quia
2272 1305 2479 1370 dictus
2528 1305 2778 1389 episco-

473 1413 592 1478 pus
628 1417 745 1459 eos
776 1415 968 1478 super
1015 1393 1136 1456 hoc
1181 1416 1312 1458 non
1359 1392 1547 1456 audiv
1554 1405 1712 1469 erat,
1759 1413 2145 1477 quamquam
2190 1406 2654 1476 protestaretur
2708 1417 2781 1458 se

475 1481 641 1546 velle
673 1503 892 1544 omnes
938 1480 1200 1544 clericos
1253 1503 1399 1544 suos
1459 1494 1527 1542 et
1586 1479 1777 1579 alios,
1816 1496 2048 1562 praeter
2094 1495 2219 1545 tres
2253 1479 2352 1547 vel
2384 1492 2663 1566 quatuor
2708 1496 2780 1547 et

472 1568 793 1633 notarium
826 1589 1180 1644 removere,
1215 1581 1280 1631 et
1309 1568 1397 1630 sic
1442 1588 1619 1630 suam
1670 1565 2104 1630 visitacionem
2150 1565 2430 1650 incipere
2482 1580 2547 1630 et
2596 1589 2781 1632 com-

471 1655 677 1804 plere,
715 1655 906 1720 iidem
957 1655 1144 1719 Prior
1173 1668 1238 1718 et
1285 1654 1633 1737 capitulum
1667 1654 1748 1717 ad
1790 1654 2021 1718 Sedem
2082 1653 2513 1736 Apostolicam
2547 1654 2776 1739 appel-

495 1757 705 1822 arunt,
755 1756 823 1806 et
869 1741 1105 1806 deinde
1151 1740 1515 1826 huJusmodi
1568 1741 1842 1827 negocio
1896 1739 2223 1824 proposito
2276 1762 2487 1805 coram
2541 1741 2625 1808 fe.
2674 1763 2771 1822 re.

473 1829 815 1894 Bonifacio
873 1851 1042 1913 papa
1085 1849 1232 1894 vm.
1281 1827 1755 1913 praedecessore
1811 1843 2048 1904 vestro,
2112 1827 2278 1890 idem
2334 1828 2777 1910 praedecessor

473 1916 755 1980 decrevit
783 1916 960 2002 quod
1007 1915 1359 1998 Episcopus
1407 1914 1887 1991 DuuelniensiS‚
1944 1937 2063 1999 pro
2112 1929 2401 1997 tempore
2460 1915 2771 1990 existens,

471 2025 620 2066 cum
650 2003 1069 2066 descenderet
1101 2003 1181 2066 ad
1219 2003 1596 2066 visitandum
1633 2001 1999 2086 Capitulum
2055 2000 2246 2064 dictae
2276 2023 2407 2064 suae
2456 2001 2771 2078 ecclesia»,

471 2090 738 2154 deberet
771 2089 1006 2153 habere
1037 2111 1252 2152 secum
1301 2090 1459 2153 duas
1508 2089 1607 2152 vel
1642 2103 1769 2152 tres
1804 2110 2103 2172 personas
2136 2087 2407 2151 clericali
2440 2101 2773 2154 caractere

474 2175 845 2258 insignitam
893 2197 1160 2260 quarum
1214 2199 1340 2239 una
1383 2175 1612 2238 saltem
1660 2175 1953 2260 religiosa
1982 2175 2139 2240 dicti
2172 2175 2433 2238 Ordinis
2466 2189 2653 2252 esset,
2702 2189 2775 2240 et

471 2285 672 2327 unum
719 2263 1059 2338 notarium,
1109 2279 1173 2326 et
1207 2285 1333 2326 non
1361 2263 1597 2348 plurem,
1646 2262 2109 2326 consuetudine
2140 2261 2355 2347 aliqua
2396 2262 2669 2328 obtenta
2700 2277 2773 2326 et

471 2349 950 2435 composicione
982 2351 1148 2414 inter
1178 2367 1388 2434 partes
1417 2350 1707 2435 qualibet
1737 2349 1801 2414 in
1834 2349 2220 2414 contrarium
2274 2350 2442 2414 facta
2488 2371 2619 2412 non
2650 2349 2775 2412 ob-

469 2451 702 2500 stante.
799 2436 1028 2522 Nuper
1069 2455 1302 2514 autem,
1341 2437 1535 2501 Pater
1588 2451 1827 2514 sancte,
1876 2437 1957 2500 ad
2008 2435 2460 2520 importunam,
2512 2451 2582 2500 ut
2630 2457 2775 2499 cre-

473 2523 669 2600 ditur,
724 2522 1102 2587 instanciam
1164 2523 1490 2588 reverendi
1554 2523 1753 2609 patris
1827 2523 2069 2586 domini
2142 2523 2398 2586 Walteri
2462 2523 2773 2608 Episcopi

471 2610 946 2688 Dunelmensis‚
999 2613 1320 2676 Sanctitas
1372 2627 1584 2675 vestra
1626 2611 1860 2674 dicitur
1906 2611 2259 2674 decrevisse
2296 2631 2370 2673 ac
2412 2609 2773 2674 declarasse

467 2697 832 2783 hujusmodi
863 2697 1228 2781 religiosam
1277 2721 1607 2796 personam
1640 2721 1827 2779 posse
1858 2697 2087 2762 assumi
2121 2697 2201 2760 de
2240 2696 2541 2779 Capitulo
2571 2696 2772 2760 dictoe

473 2785 780 2864 ecclesiae,
831 2807 940 2849 seu
990 2786 1071 2848 de
1117 2785 1342 2870 quovis
1373 2785 1498 2848 alio
1555 2785 1943 2849 monasterio
1976 2784 2073 2848 vel
2104 2784 2382 2866 regulari
2418 2785 2559 2846 loco
2608 2781 2772 2846 dicti

469 2873 734 2950 ordinis,
785 2871 1110 2957 praedicta,
1162 2887 1225 2936 et
1275 2873 1396 2936 alia
1427 2871 1889 2938 consuetudine
1932 2887 1996 2935 et
2045 2870 2513 2954 composicione
2546 2869 2776 2934 habita

471 2961 638 3022 inter
670 2977 877 3043 partes
909 2973 975 3022 et
1006 2959 1141 3022 aliis
1195 2960 1525 3024 contrariis
1586 2981 1715 3039 non
1777 2957 2182 3022 obstantibus
2235 2956 2769 3042 quibuscumque,

471 3060 661 3132 prout
711 3047 775 3109 in
821 3045 1018 3110 literis
1065 3046 1428 3131 apostolicis
1475 3046 1623 3110 inde
1670 3045 1996 3121 confectiS,
2044 3066 2316 3142 quarum
2347 3058 2633 3106 tenorem
2680 3044 2771 3108 de

472 3134 671 3198 verbo
701 3133 783 3198 ad
833 3133 1096 3196 verbum
1131 3133 1365 3198 habere
1397 3132 1745 3217 diu-nemini
1780 3154 1893 3215 pro
1924 3154 2226 3216 expresso
2256 3130 2486 3194 dicitur
2516 3129 2771 3214 plenius

471 3219 804 3285 contineri.
909 3221 1074 3284 Cum
1106 3235 1339 3298 autem,
1383 3221 1573 3284 Pater
1604 3235 1841 3294 sancte,
1878 3241 2004 3281 non
2038 3218 2116 3282 sit
2147 3240 2497 3281 consonum
2529 3215 2774 3280 rationi

471 3331 548 3372 ea
569 3307 889 3371 immutari
913 3329 1058 3391 quae
1079 3323 1315 3370 certam
1344 3307 1943 3390 interpretacionem
1980 3305 2361 3381 habuerunt,
2390 3319 2455 3368 et
2486 3326 2601 3388 per
2625 3316 2772 3367 tan-

473 3409 608 3459 tum
643 3407 918 3478 tempuS,
947 3394 1028 3456 de
1051 3417 1180 3479 quo
1203 3417 1392 3478 supra
1423 3393 1676 3470 dicitur,
1726 3393 1813 3456 sic
1844 3407 2099 3456 servata
2126 3393 2407 3468 fuerunt,
2440 3404 2508 3454 et
2538 3413 2620 3454 ne
2650 3411 2772 3474 per

470 3481 840 3566 hujusmodi
869 3494 1230 3579 pretensam
1256 3480 1755 3545 declaracionem
1790 3481 1877 3542 sic
1908 3503 1947 3542 a
1976 3479 2374 3543 beatitudine
2405 3492 2621 3541 vestra
2636 3477 2773 3540 cal-

471 3566 602 3630 lide
661 3579 980 3629 extortam
1043 3567 1370 3654 contingat
1429 3567 1698 3631 devotos
1750 3581 2036 3630 oratores
2091 3579 2328 3628 vestros
2392 3563 2771 3650 Capitulum

472 3652 815 3752 praedictos
847 3650 1180 3737 inquietari
1215 3661 1282 3716 et
1317 3653 1577 3717 litibns'
1560 3654 1818 3754 involvi,
1847 3659 1900 3717 si
1931 3655 2113 3718 forte
2131 3653 2483 3736 Episcopus
2514 3651 2767 3714 Dunel-

435 3737 442 3743 ⁴
471 3738 728 3816 mensis,
761 3761 880 3824 pro
905 3753 1190 3824 tempore
1221 3741 1517 3818 existenS,
1551 3743 1611 3803 in
1645 3741 2009 3805 visitacione
2042 3762 2372 3824 personam
2402 3737 2773 3838 religiosam

471 3843 658 3894 extra
687 3827 924 3890 dictam
956 3827 1285 3892 ecclesiam
1317 3851 1533 3892 secum
1569 3828 1755 3891 vellet
1787 3829 2061 3901 haber3e
2116 3826 2501 3912 supponitur
2530 3825 2770 3890 sancti-

474 3917 592 3980 tati
641 3927 871 3980 vestrae
935 3937 1054 3998 pro
1111 3930 1296 4002 parte
1363 3915 1599 3980 Prioris
1660 3928 1724 3978 et
1790 3914 2069 4000 Capituli
2116 3915 2403 3996 ejusdem
2452 3911 2769 3991 ecclesiae,

473 4002 774 4088 quatinus
820 4001 1056 4066 dictam
1087 4003 1612 4080 declaracionem,
1661 4017 1727 4066 et
1774 4002 1993 4066 omnia
2033 4001 2181 4065 inde
2213 4015 2451 4075 secuta,
2484 4001 2679 4064 etiam
2716 3998 2774 4062 si

473 4090 536 4153 in
583 4089 866 4172 partibus
928 4111 1040 4173 per
1098 4105 1434 4176 utramque
1497 4090 1593 4153 vel
1651 4089 1915 4153 alteram
1976 4089 2252 4173 panium
2310 4087 2771 4172 praedictarum

473 4175 804 4240 occasione
835 4177 1190 4260 praemissor
1197 4200 1297 4241 um
1325 4178 1424 4242 vel
1447 4177 1713 4260 alicujus
1738 4198 1850 4240 em
1857 4198 1959 4238 um
1992 4176 2072 4238 ad
2106 4175 2319 4238 sedem
2344 4172 2771 4272 apostolicam

471 4260 575 4326 vel
606 4261 759 4324 alibi
804 4261 968 4326 foret
1015 4265 1377 4348 apellatum,
1424 4285 1742 4340 revocare,
1794 4276 1861 4326 et
1900 4263 2111 4326 eidem
2158 4284 2241 4326 ex
2272 4278 2449 4324 certa
2487 4259 2774 4326 sciencia

470 4349 806 4434 derogare,
854 4371 925 4412 ac
974 4351 1344 4427 concedere,
1394 4350 1693 4414 ordinare
1738 4373 1844 4413 seu
1903 4350 2249 4413 decernere
2304 4361 2370 4410 et
2434 4346 2771 4411 declarare

473 4435 820 4518 dignemini
860 4437 1034 4524 quod
1071 4459 1152 4500 ex
1185 4461 1312 4522 quo
1343 4459 1458 4520 per
1518 4437 1955 4522 supradictum
2012 4452 2261 4520 tempus
2293 4449 2613 4500 servatum
2645 4448 2768 4512 est,
