3000 5117
496 447 641 517 140
959 457 1163 510 ms‘r.
1202 454 1561 509 nuuntn.
1599 454 2068 507 semerom-:s
2103 455 2319 508 rans.

578 620 897 691 Omnibus
956 620 1085 686 hoc
1126 618 1429 707 scriptum
1470 616 2046 705 quinquipertitnm
2091 616 2322 683 visuris
2378 616 2480 683 vel
2527 617 2794 685 anditu-

484 711 572 776 ris
617 710 717 775 vel
775 706 1033 775 lecturis
1074 706 1240 773 hanc
1305 704 1662 790 Epistolam
1729 704 2106 771 Conventus
2171 704 2483 771 Ecclesiae
2541 706 2794 775 Cathe-

478 798 677 865 dralis
746 794 1206 861 Dunelmensis
1270 792 1546 859 salutem
1605 790 1673 859 in
1731 792 2020 857 omnium
2080 792 2438 862 Salvatore.
2565 792 2796 861 Nove-

474 885 617 951 ritis
676 882 976 959 universi,
1035 880 1213 969 quod
1256 902 1375 945 nos
1426 878 1802 945 immensam
1861 880 2247 965 probitatem
2308 879 2790 947 fructuosorum

478 973 793 1049 laborum,
848 992 1009 1056 quos
1050 966 1443 1033 reverendus
1488 965 1556 1031 in
1609 966 1872 1031 Christo
1922 966 2118 1032 Pater
2161 978 2228 1033 et
2273 965 2596 1035 Dominus
2639 968 2822 1041 Do-,

478 1059 691 1125 minus
739 1056 1027 1123 Thomas
1072 1056 1157 1122 de
1205 1054 1506 1121 Hatfield
1550 1052 1684 1119 Dei
1721 1053 1928 1139 gratia
1973 1052 2330 1139 Episcopus
2379 1054 2788 1121 Dunelmen-

475 1146 561 1213 sis
606 1168 732 1233 pro
782 1142 1109 1230 republica
1152 1155 1222 1207 et
1266 1140 1642 1207 defensione
1687 1139 2042 1206 necessaria
2087 1141 2397 1207 Eoclesiae
2441 1163 2518 1207 ac
2563 1142 2666 1209 Re
2713 1143 2786 1207 ni

477 1230 817 1319 Anglicani
865 1229 1053 1297 variis
1106 1229 1351 1295 vicibus
1396 1227 1834 1313 impendebat,
1890 1248 2142 1293 necnon
2194 1250 2507 1314 pauperes
2550 1244 2618 1295 et
2709 1252 2786 1295 e-

474 1321 637 1387 biles
684 1315 1027 1407 inspiciens
1078 1317 1270 1383 oculo
1316 1315 1574 1402 pietatis
1617 1313 2112 1380 misericorditer
2153 1315 2510 1396 refovebat,
2541 1317 2779 1381 domos

470 1406 799 1497 religiosas
840 1417 911 1471 et
938 1404 1065 1470 alia
1092 1402 1200 1489 pia
1220 1402 1365 1469 loca
1390 1401 1588 1469 divini
1619 1403 1683 1466 in
1713 1401 1923 1467 cultus
1951 1416 2020 1469 et
2059 1402 2419 1469 scholastici
2449 1402 2784 1489 profectus

470 1507 887 1581 augmentum
940 1491 1228 1557 relevare
1258 1511 1375 1577 per
1402 1511 1564 1576 opes
1593 1488 1715 1555 sibi
1744 1511 1785 1554 a
1816 1488 1966 1554 Deo
1995 1511 2329 1555 concessas
2357 1488 2785 1557 effectualiter

472 1583 814 1669 cupiebat3
878 1577 1139 1665 insuper
1208 1576 1481 1664 plurima
1554 1588 1622 1642 et
1693 1576 2034 1661 magnifica
2087 1576 2407 1643 beneficia
2463 1576 2646 1643 nobis
2705 1592 2778 1643 et

469 1668 759 1735 ecclesiae
781 1679 1021 1731 nostras
1042 1664 1332 1751 praefatae
1353 1685 1474 1750 per
1492 1662 1774 1729 eundem
1793 1662 2216 1729 reverendum
2245 1664 2506 1731 Patrem
2527 1664 2772 1731 collata.

468 1756 863 1843 temporibus
894 1754 1226 1819 retroactis
1255 1752 1562 1829 volentes,
1609 1749 1773 1816 sicut
1826 1752 2058 1817 merito
2105 1764 2422 1830 tenemur,
2455 1750 2523 1817 in
2562 1751 2778 1817 lueem

463 1843 811 1920 deducere,
842 1862 921 1905 ac
947 1852 1277 1925 perpetuae
1306 1838 1637 1904 memoriae
1658 1836 1973 1903 celebrius
2001 1838 2472 1917 commendare,
2504 1838 2780 1927 promit-

465 1931 661 1997 timus
690 1929 863 1995 bona
890 1926 1041 2005 fide,
1072 1926 1248 2028 quod
1284 1924 1648 2014 Collegium
1695 1924 1854 1990 dicti
1899 1924 2162 1991 Domini
2220 1925 2547 2013 Episcopi,
2593 1927 2778 2014 quod

467 2030 543 2085 ut
582 2016 857 2118 proefata
884 2013 1153 2079 ecclesia
1184 2012 1642 2078 Dunelmensis
1671 2034 1787 2077 suo
1817 2012 2118 2097 pastorali
2151 2013 2388 2077 durans
2431 2013 2776 2079 commissa

466 2104 761 2193 regimini
819 2100 1252 2187 spiritualibus
1310 2098 1714 2165 vincimentis
1773 2097 1970 2185 ipsius
2027 2099 2306 2165 sollicita
2361 2101 2778 2187 providentia

466 2194 613 2279 plus
642 2189 831 2256 solito
858 2186 1317 2274 congauderet,
1362 2185 1449 2251 de
1478 2208 1797 2251 consensu
1825 2199 1893 2252 et
1935 2206 2198 2253 assensu
2231 2200 2452 2252 nostro
2479 2188 2773 2253 unanimi

468 2295 537 2346 et
564 2300 873 2364 expresso
902 2274 1215 2355 fundavit,
1250 2272 1569 2339 ordinavit
1612 2288 1681 2338 et
1711 2272 1983 2353 dotavit,
2010 2272 2333 2359 perpetuis
2364 2275 2772 2361 temporibus

462 2367 841 2432 duraturum
870 2362 933 2429 in
968 2361 1289 2427 territorio
1319 2374 1544 2425 nostro
1585 2374 1774 2425 extra
1815 2382 2031 2426 muros
2063 2359 2348 2429 Oxonioe
2377 2384 2572 2447 super
2596 2362 2776 2429 Can-

464 2454 637 2533 dich,
668 2452 847 2541 quod
882 2448 1187 2515 Monachi
1222 2450 1425 2516 nostri
1452 2448 1789 2513 studentes
1817 2446 2180 2513 inhabitant
2209 2461 2276 2513 et
2324 2448 2772 2515 inhabitabant

460 2565 578 2629 per
606 2556 795 2606 antea
824 2536 1037 2603 multis
1067 2536 1270 2615 annis,
1318 2558 1433 2600 nos
1463 2548 1532 2600 et
1577 2557 1970 2601 successores
2014 2534 2218 2601 nostri
2269 2536 2770 2614 manutebimus,

462 2627 979 2704 sustentabimus,
1012 2622 1446 2701 defendemus,
1478 2637 1794 2710 quatenns
1848 2622 1910 2685 in
1959 2622 2144 2688 nobis
2187 2620 2403 2702 fuerit,
2439 2622 2504 2688 in
2535 2644 2770 2709 perpe·

468 2729 671 2794 tuum,
705 2712 1058 2779 secundum
1093 2711 1217 2775 vim
1249 2722 1317 2775 et
1347 2709 1618 2775 formam
1651 2708 1914 2775 inferius
1943 2708 2306 2791 limitatam,
2331 2710 2572 2775 scilicet
2587 2712 2766 2797 quod

468 2804 535 2868 in
568 2801 843 2889 praefato
860 2798 1156 2885 Collegio
1184 2811 1379 2864 erunt
1403 2816 1532 2861 vm
1567 2796 1879 2863 Monachi
1909 2796 2381 2863 Dunelmenses
2407 2798 2766 2877 studentes,

464 2892 578 2979 qui
609 2909 733 2955 vm
764 2885 1097 2952 studentos
1120 2885 1203 2951 eli
1252 2898 1441 2949 entur
1459 2896 1540 2949 -et
1569 2883 2080 2949 transmittentur
2101 2883 2184 2949 ad
2203 2884 2447 2951 dictum
2477 2884 2766 2950 studium

462 3001 580 3081 per
610 2976 945 3065 praefatum
981 2910 1353 3059 Capitulum
1381 2971 1827 3039 Dunelmense
1853 2970 2206 3037 secundum
2239 2972 2364 3037 vim
2397 2986 2464 3037 et
2491 2969 2766 3037 formam

462 3089 528 3131 m
557 3061 1119 3131 constitutionibus
1156 3058 1724 3127 Benedictinorum
1757 3057 1840 3125 de
1875 3058 2279 3125 studentibus
2309 3059 2393 3124 ad
2436 3060 2770 3147 generalia

462 3154 679 3219 studia
728 3148 1234 3219 transmittendis
1289 3146 1558 3233 provide
1616 3144 2000 3225 ordinatam,
2050 3160 2122 3210 ut
2175 3145 2611 3231 Philosophiae
2661 3147 2764 3211 vel

460 3242 527 3307 T
528 3241 843 3329 heologioe
873 3239 1195 3304 duntaxat
1220 3251 1467 3313 vacent,
1494 3232 1932 3320 principaliter
1951 3244 2019 3298 et
2038 3233 2398 3299 intendant.
2472 3233 2583 3299 De
2613 3234 2759 3321 qui-

460 3330 584 3395 bus
627 3348 753 3395 vm
786 3324 1191 3391 studentibus
1224 3322 1413 3388 Prior
1444 3320 1896 3387 Dunelmensis
1933 3320 2018 3385 de
2042 3342 2360 3386 consensu
2391 3336 2461 3387 et
2491 3342 2758 3387 assensn

457 3418 783 3481 seniorum
808 3434 1007 3476 unum
1026 3409 1381 3476 eorundem
1407 3408 1471 3473 in
1494 3408 1779 3473 Priorem
1801 3406 2109 3495 proeficiet
2133 3409 2236 3473 vel
2262 3408 2765 3487 Custodem,cui

458 3502 680 3571 caeteri
704 3498 1037 3564 intendant
1069 3496 1135 3561 in
1157 3495 1477 3561 canonicis
1507 3508 1576 3561 et
1606 3495 2002 3581 regularibus
2035 3494 2378 3573 institutis3
2423 3494 2534 3583 qui
2570 3494 2761 3561 Prior

457 3589 560 3655 vel
578 3589 833 3665 Custos,
854 3583 1226 3671 septimanis
1244 3582 1510 3671 singulis
1527 3582 1777 3662 saltem,
1797 3581 2080 3648 seniores
2097 3604 2320 3648 omnes
2341 3596 2408 3648 et
2427 3583 2586 3648 alios
2601 3605 2763 3649 con-

458 3678 686 3743 fratres
714 3672 1043 3739 studentes
1072 3692 1430 3736 convocare
1477 3670 1802 3736 tenebitur
1845 3671 1928 3735 ad
1976 3669 2186 3735 locum
2217 3685 2436 3756 aptum
2471 3692 2590 3757 pro
2635 3672 2764 3737 hoc

454 3760 867 3831 celebrando.
983 3758 1117 3827 Ubi
1162 3779 1606 3847 quemcunque
1663 3778 1885 3824 eorum
1955 3758 2268 3843 repererit
2325 3758 2764 3843 negligentem

454 3855 629 3919 circa
659 3850 891 3917 Missas
921 3870 1039 3934 pro
1081 3845 1257 3911 dicto
1305 3844 1675 3911 venerando
1728 3859 1908 3930 patre
1961 3844 2305 3910 fundatore
2335 3858 2406 3911 et
2463 3846 2763 3911 omnibus

453 3940 753 4007 fidelibus
782 3934 1217 4014 celebrandas,
1262 3933 1362 3999 vel
1392 3932 1515 3998 alia
1545 3931 1764 4018 divina
1793 3931 2002 3997 officia
2024 3932 2490 4019 perimplenda,
2523 3956 2636 3999 seu
2693 3933 2762 3998 in

446 4025 873 4095 observantiis
902 4023 1299 4109 regularibus
1326 4036 1397 4089 et
1426 4020 1726 4099 StatutiS,
1775 4019 1874 4085 vel
1907 4042 2038 4084 non
2071 4035 2402 4086 vacantem
2449 4020 2766 4087 doctrinas

455 4114 854 4183 scholasticas
924 4114 1027 4200 (ut
1086 4108 1385 4196 deberet)
1467 4106 1782 4193 castigare
1838 4106 2058 4172 debite
2111 4121 2179 4173 et
2235 4109 2603 4187 emendare,
2659 4110 2766 4175 vel

454 4202 744 4269 Domino
776 4198 983 4265 Priori
1017 4212 1084 4264 et
1137 4197 1442 4283 Capitulo
1472 4194 1898 4261 Dunelmensi
1940 4194 2326 4261 denunciare
2372 4194 2660 4274 indilate,
2709 4197 2765 4260 si

449 4291 733 4381 quidem,
779 4287 955 4376 quod
999 4287 1189 4365 absit,
1223 4283 1723 4370 incorrigibilem
1753 4282 2045 4362 senserit,
2068 4282 2170 4348 vel
2197 4283 2528 4349 rebellem.
2625 4284 2761 4369 Ipsi

449 4378 641 4446 etiam
703 4396 850 4443 vm.
917 4372 1266 4440 studentes
1326 4374 1515 4438 simul
1570 4386 1764 4437 erunt
1822 4370 2328 4448 commensales3
2387 4369 2499 4459 qui
2559 4370 2756 4436 etiam

446 4466 777 4535 studentes
808 4460 1106 4528 omnibus
1135 4460 1358 4527 diebus
1390 4460 1689 4546 profestis
1722 4458 1820 4524 vel
1866 4480 2091 4525 omnes
2133 4458 2234 4524 vel
2267 4459 2352 4525 ad
2383 4460 2594 4525 minus
2625 4459 2762 4523 duo
