3000 5117
440 456 736 531 ceclxxii
911 472 1118 527 msr.
1159 472 1518 525 nusum.
1560 450 2029 531 sciuvmrms
2066 478 2283 530 τηε.

437 638 492 703 is
547 639 675 705 had
723 638 786 703 in
839 638 1344 714 remembrance,
1402 636 1545 702 that
1590 637 1719 703 had
1774 637 1943 703 thair
1992 638 2263 707 dewties
2292 642 2421 707 and
2464 654 2641 710 rent's
2670 668 2759 711 so

445 727 604 792 wele
652 726 802 811 paid
857 748 928 789 as
973 723 1108 789 thai
1153 724 1316 789 have
1347 724 1511 789 been
1588 724 1697 789 aid
1728 724 1795 789 in
1818 747 1987 811 your
2018 738 2217 812 tyme.
2309 729 2560 797 Howso
2590 755 2755 798 ever

491 837 611 879 our
663 812 950 896 lordship
995 811 1080 877 be
1129 810 1444 875 iason-med
1491 744 1587 875 o?
1606 812 1721 877 the
1770 825 2072 899 contrary
2104 814 2229 879 this
2268 814 2319 881 is
2350 819 2603 897 trewth,
2638 842 2750 908 my

511 901 626 977 nd3
663 901 692 965 1
723 900 850 963 will
879 898 1053 985 byde
1081 898 1168 983 by
1199 899 1310 962 the
1339 920 1543 983 sayng
1572 898 1807 966 theros.
1890 899 1929 963 Ι,
1955 899 2190 967 beseke
2218 901 2555 990 almyghty
2588 908 2759 972 God

443 987 604 1052 send
631 1010 798 1073 your
824 984 1114 1071 lordship
1145 1006 1302 1051 sone
1333 999 1498 1049 unto
1532 1008 1630 1063 us,
1656 984 1789 1050 and
1810 1008 1891 1073 ay
1911 986 2025 1051 the
2056 1010 2251 1055 sonet
2279 991 2319 1055 1
2344 1005 2510 1056 trust
2533 994 2751 1080 veraiy

445 1074 558 1139 the
603 1096 782 1139 more
813 1070 1024 1159 proset
1055 1072 1186 1136 and
1217 1093 1396 1136 more
1426 1072 1597 1158 vayll
1626 1072 1819 1139 shuid
1850 1074 1904 1137 it
1932 1073 2017 1138 be
2041 1088 2110 1140 to
2139 1097 2306 1161 your
2334 1078 2645 1163 lordship,
2676 1102 2751 1144 as

450 1160 606 1227 God
655 1160 964 1238 knowith,
1018 1158 1164 1245 who
1217 1173 1287 1224 to
1340 1158 1640 1246 pleasure
1684 1181 1851 1244 your
1882 1160 2039 1225 wele
2064 1162 2195 1226 and
2216 1186 2337 1228 our
2366 1166 2752 1231 eowmforth

437 1270 736 1333 preserve
763 1268 932 1333 your
959 1246 1252 1332 lordship
1281 1244 1438 1330 long
1469 1260 1540 1310 to
1572 1245 1821 1324 indute,
1858 1249 2092 1313 Amen.
2177 1249 2455 1337 Writtyn
2484 1270 2549 1318 at
2581 1276 2755 1341 your

443 1336 630 1421 place
659 1335 738 1401 0ss
776 1335 1118 1413 Duresme,
1161 1334 1302 1397 first
1330 1333 1460 1420 day
1491 1331 1571 1397 of
1610 1333 1919 1399 Februar-
2010 1338 2289 1419 [1487.]

606 1751 1002 1801 chxxxvn.
1053 1751 1539 1799 mnuLonnch
1572 1752 1717 1797 Pno
1742 1752 2085 1800 Bccmzsu„
2106 1754 2565 1805 DUNELMENst

615 1842 706 1885 DE
753 1841 1024 1885 vxom'rl
1071 1840 1281 1885 ANNIS
1325 1840 1412 1885 ΕΤ
1456 1836 1773 1885 ΤΟΊΊΠΕΜ
1822 1842 2314 1891 QUADRAGENIS
2346 1847 2386 1888 A
2418 1844 2568 1891 Pm-

613 1926 733 1971 Mts
763 1928 1086 1971 vnsl’mus
1135 1926 1535 1979 U'rmusmm
1584 1927 2041 1973 FESTIVITATIS
2072 1930 2313 1976 SANCTI
2348 1933 2574 1978 CUTH-

613 2012 832 2059 BERTI
905 2014 1134 2067 USQUE
1213 2014 1302 2058 An
1363 2011 1683 2059 occASUM
1750 2015 1936 2061 sous
2000 2016 2169 2063 POST
2214 2018 2577 2066 SECUNDAS-

611 2101 977 2150 v-ESPBRAS.

1283 2242 1446 2306 [cm.
1469 2241 1583 2293 nr.
1602 2241 1693 2293 foi.
1718 2240 1825 2294 ωε
1844 2244 1915 2313 s]

527 2385 947 2453 Innocencius
979 2382 1356 2469 Episcopus,
1377 2406 1596 2449 servus
1614 2405 1945 2450 servorum
1978 2384 2465 2466 Dei‚.universis
2500 2390 2754 2457 christi

437 2474 734 2540 fidelibus
765 2487 1114 2559 praesentes
1157 2470 1404 2537 litteras
1448 2471 1849 2558 inspecturis,
1898 2472 2167 2540 salutem
2212 2492 2282 2541 et
2324 2478 2749 2563 apostolicam

436 2562 943 2627 benedicionem.
1034 2561 1142 2625 De
1172 2558 1380 2624 salute
1431 2559 1657 2645 populi
1714 2558 2082 2640 Christiani,
2132 2565 2313 2649 cujus
2365 2566 2575 2643 nobis,
2608 2588 2753 2631 me-

437 2648 757 2715 ritis-licet
787 2645 1333 2725 insufficientibuS,
1365 2669 1451 2711 ex
1482 2648 1619 2711 alto
1648 2668 1804 2711 cura
1831 2648 2169 2715 commissa
2196 2666 2317 2729 est,
2350 2652 2603 2719 assidue
2632 2673 2751 2719 co-

437 2736 744 2821 gitanteS,
813 2758 892 2800 ea
961 2733 1238 2800 libenter
1311 2748 1579 2820 paterna
1640 2732 1909 2799 caritate
1968 2737 2347 2823 exequimur
2402 2762 2522 2826 per
2594 2763 2751 2827 quae

438 2824 728 2889 fidelium
752 2834 998 2888 mentes
1045 2822 1344 2908 operibus
1389 2820 1648 2907 pietatis
1678 2834 1744 2886 et
1796 2821 2249 2889 misericordiae
2278 2826 2467 2915 regni·
2492 2828 2751 2893 celestis

447 2911 714 2998 praemia
773 2911 1023 2975 valeant
1079 2910 1419 2975 salubriter
1467 2908 1756 2993 adipisci.
1880 2908 1969 2974 Et
2030 2911 2160 3000 [ut]
2212 2914 2519 2993 ecolesiae,
2572 2938 2754 3001 prae-

440 2999 660 3065 sertim
707 2996 1008 3083 insignes,
1043 2997 1107 3061 in
1137 2996 1268 3062 suis
1297 2995 1631 3061 structuris
1660 3012 1729 3062 et
1769 2995 2041 3061 edificiis
2071 3016 2531 3067 conserventur
2559 3006 2752 3090 cupi-

440 3102 642 3165 entes,
689 3087 906 3171 igitur,
976 3099 1051 3151 ut
1109 3085 1380 3150 ecclesia
1423 3083 1905 3162 Dunelmensis,
1954 3084 2057 3149 eui
2116 3089 2499 3155 venerabilis
2541 3090 2754 3156 frater

439 3174 766 3239 Johannes
825 3172 1181 3258 Episcopus
1227 3170 1685 3237 Dunelmensis
1718 3194 1759 3235 a
1802 3173 2131 3237 carissimo
2178 3173 2241 3239 in
2300 3176 2559 3243 Christo
2604 3178 2752 3245 filio

435 3276 660 3327 nostro
711 3259 1004 3325 Henrico
1063 3260 1323 3344 Anglioe
1373 3260 1557 3345 Rege
1602 3258 1830 3323 illustri
1876 3281 1997 3344 pro
2040 3263 2411 3346 praestanda
2454 3266 2645 3331 nobis
2674 3282 2752 3332 et

439 3350 596 3415 Sedi
645 3346 1036 3433 Apostolicae
1081 3346 1451 3412 obedientia
1477 3345 1722 3411 dudum
1755 3346 2099 3431 deputatus
2144 3362 2367 3415 orator
2416 3352 2753 3419 assistens-

441 3460 568 3523 que
629 3448 858 3499 noster-
915 3455 1186 3518 proeesse
1255 3432 1625 3511 dinoscitur,
1690 3454 1967 3521 quaeque
2026 3436 2093 3499 in
2148 3437 2268 3501 illis
2312 3439 2599 3524 partibus
2656 3442 2753 3507 ad

431 3524 698 3590 modum
729 3534 828 3585 est
857 3520 1139 3604 insignis,
1183 3519 1480 3605 congruis
1524 3520 1872 3585 honoribus
1900 3520 2369 3609 frequentetur,
2400 3548 2477 3591 ae
2508 3529 2573 3592 in
2614 3529 2751 3593 suis

438 3606 872 3676 structuriset
917 3606 1184 3672 edificiis
1211 3620 1651 3685 conservetur,
1698 3608 2052 3695 fidelesque
2086 3611 2349 3677 Christo
2376 3637 2459 3678 eo
2484 3614 2752 3681 libenti-

437 3722 518 3763 ns
559 3694 928 3763 devocionis
949 3717 1154 3760 causa
1185 3694 1511 3759 confluant
1541 3694 1625 3761 ad
1657 3695 1947 3775 eandem,
1980 3712 2049 3763 et
2069 3698 2152 3763 nd
2182 3702 2749 3768 conversacionem

435 3789 507 3891 [Ρ
529 3781 1124 3870 conservacionem]
1173 3780 1547 3869 praedictam
1592 3804 1818 3847 manus
1860 3787 2223 3870 promptius
2266 3789 2601 3873 porrigant
2629 3792 2745 3857 ad-

424 3875 716 3963 jutrices,
763 3894 895 3959 quo
925 3894 1009 3937 ex
1055 3871 1180 3935 hoc
1207 3870 1450 3935 ibidem
1479 3871 1654 3933 dono
1704 3870 1976 3937 coelestis
2015 3874 2243 3957 gratim
2286 3876 2543 3941 uberius
2588 3900 2749 3944 con·

434 3960 770 4049 spexerint
826 3982 896 4025 se
955 3958 1252 4036 refectos,
1299 3958 1384 4023 de
1441 3956 1903 4042 omnipotentis
1960 3958 2089 4025 Dei
2148 3962 2605 4044 misericordia,
2666 3988 2749 4035 ac

430 4053 768 4117 beatorum
825 4047 1004 4113 Petri
1035 4061 1104 4112 et
1159 4045 1346 4113 Pauli
1392 4044 1829 4130 apostolorum
1874 4048 2012 4133 ejus
2058 4051 2441 4116 auctoritate
2492 4054 2745 4135 confisi,

429 4138 729 4205 omnibus
754 4147 822 4201 et
850 4134 1114 4219 singulis
1143 4132 1440 4199 fidelibus
1472 4132 1621 4218 ipsis
1652 4155 1801 4199 vere
1830 4135 2291 4219 poenitentibus
2320 4154 2387 4204 et
2414 4140 2745 4225 confessis,

431 4228 542 4315 qui
573 4223 903 4290 ecclesiam
934 4221 1306 4307 praedictam
1340 4220 1403 4284 in
1439 4219 1885 4306 Deposicionis
1929 4234 1997 4286 et
2030 4222 2506 4291 Translacionis
2534 4230 2747 4296 sancti

435 4309 778 4381 euchberti
812 4308 1216 4375 Confessoris
1257 4322 1450 4396 atque
1485 4308 1840 4388 Pontificis,
1876 4309 1975 4373 vei
2006 4310 2219 4399 aliqua
2246 4336 2463 4379 earum
2494 4314 2747 4383 festivi-

433 4416 664 4477 tatum,
684 4397 930 4473 diebuS,
952 4419 991 4461 a
1021 4396 1238 4481 primis
1260 4395 1533 4481 vesperis
1560 4420 1755 4482 usque
1776 4418 2069 4463 occasum
2097 4401 2247 4465 solis
2280 4402 2745 4486 praedictorum

433 4492 682 4556 dierum
727 4482 958 4547 devote
1007 4483 1398 4551 visitaverint
1430 4483 1783 4565 annuatim,
1818 4501 1880 4551 et
1911 4484 1995 4551 ad
2026 4488 2588 4558 conservacionem
2620 4492 2747 4560 hu-
