3000 5117
772 501 1197 557 APPENDIX.
1238 502 1427 557 Amr.
1470 501 1775 557 Mchn.
2245 476 2412 559 xlvii

151 660 499 751 colloquium
545 664 783 731 habeat
827 686 971 730 cum
1004 666 1222 753 aliquo
1242 666 1475 745 amic0,
1511 666 1616 731 vel
1645 666 1916 731 seculari
1949 666 2054 733 vel
2085 666 2408 753 religioso.

153 752 223 817 Et
245 768 464 836 praeter
506 753 653 830 hoc,
686 753 1059 841 porcionem
1104 755 1465 837 specierum
1494 753 1664 818 illius
1693 753 1870 832 anni,
1901 777 2051 842 quae
2081 778 2228 821 eum
2258 778 2414 821 con-

152 841 325 923 tingit,
382 838 635 909 amittat
660 864 681 917 3
749 840 869 903 nisi
914 839 981 905 in
1034 840 1159 905 hoc
1215 840 1530 926 Supprior
1577 864 1724 907 cum
1777 864 1857 907 eo
1916 842 2414 908 misericorditer

152 924 373 991 duxerit
402 926 939 1012 dispensandum:
972 941 1046 992 ut
1082 926 1175 991 sic
1204 950 1367 1015 quos
1397 928 1593 993 timor
1627 928 1754 993 Dei
1783 951 1826 993 a
1853 943 2122 1015 peccato
2152 952 2282 993 non
2310 952 2416 995 re·-

154 1013 316 1079 trabit
342 1014 567 1079 saltem
598 1036 719 1101 per
748 1036 1003 1099 poeuam
1032 1029 1393 1079 arceantur.
1486 1014 1780 1080 Dicimus
1802 1030 2016 1081 autem
2042 1016 2126 1081 de
2146 1017 2412 1081 infirmis

154 1114 209 1163 ut
244 1113 515 1185 tempore
558 1100 785 1166 debito
830 1101 1313 1186 completorium
1356 1117 1612 1181 canant,
1646 1116 1715 1167 et
1745 1116 1892 1187 post
1919 1102 2415 1189 completorium

152 1210 255 1252 non
300 1188 517 1253 bibant
554 1186 681 1252 nisi
730 1188 1113 1254 necessitate
1144 1188 1534 1255 infirmitatis
1563 1202 1862 1274 cogente,
1897 1212 2018 1255 nec
2041 1190 2414 1276 potantibus

152 1274 389 1339 exterius
429 1296 499 1339 se
552 1274 974 1344 immisceant.
1067 1274 1449 1341 Inhibemus
1498 1276 1722 1354 eciam,
1757 1275 1820 1339 in
1867 1276 2103 1342 virtute
2137 1276 2414 1361 Spiritus

157 1359 338 1427 saneti
364 1375 430 1425 et
457 1361 877 1441 obedientiae,
910 1376 985 1429 nt
1011 1361 1225 1427 nullus
1255 1362 1604 1427 monachus
1637 1364 1700 1427 in
1731 1363 1994 1430 cellario
2025 1362 2124 1429 vel
2155 1363 2239 1428 ad
2269 1364 2420 1429 hos-

153 1448 281 1512 tium
307 1446 537 1515 cellarii
565 1450 755 1515 bibat
784 1450 998 1536 aliquo
1022 1462 1335 1534 tempore,
1378 1450 1493 1515 sed
1523 1452 1588 1515 in
1617 1450 1960 1516 refectorio
1989 1450 2283 1516 ordinate
2312 1450 2418 1517 vel

153 1536 203 1599 iu
226 1535 486 1603 cameris,
586 1536 699 1615 Et,
738 1550 813 1601 ut
858 1536 1074 1601 omnia
1102 1536 1227 1601 ista
1253 1536 1451 1601 modo
1481 1537 1770 1623 legitimo
1798 1550 1867 1603 et
1897 1536 2416 1623 irrefragabiliter

154 1624 205 1686 in
238 1635 609 1707 perpetuum
644 1636 985 1689 teneantur
1014 1638 1080 1688 et
1108 1624 1554 1701 observentur,
1586 1624 1983 1689 decrevimus
2015 1647 2094 1689 ea
2119 1624 2414 1691 Martilo-

153 1710 239 1799 gio
258 1724 461 1775 nostro
480 1709 859 1775 memoriter
894 1709 1229 1787 annotari3
1260 1708 1437 1795 quod
1468 1710 1704 1775 nostris
1735 1710 2130 1795 temporibus
2159 1733 2278 1798 per
2295 1735 2414 1777 nos

154 1812 207 1861 et
251 1798 653 1861 Conventum
694 1811 987 1863 nostrum
1033 1809 1343 1863 statatum
1388 1811 1456 1862 et
1485 1796 1852 1862 ordinatum
1883 1810 1985 1861 est
2015 1820 2132 1885 per
2160 1820 2413 1865 succes-

152 1885 355 1949 sionem
386 1881 717 1968 temporis,
748 1884 1073 1950 oblivione
1102 1882 1576 1950 interveniente
1607 1884 1712 1950 vel
1739 1884 2005 1964 incuria,
2037 1906 2167 1951 non
2207 1886 2412 1973 possit

153 1971 316 2039 deleri
342 1970 439 2037 vel
466 1970 806 2041 infirmari.

352 2152 454 2217 De
480 2150 895 2216 celebracione
922 2150 1249 2213 mis-sanem
1278 2149 1346 2211 in
1372 2148 1597 2231 vigilia
1627 2148 1860 2213 natalis
1891 2146 2172 2214 Domini.

222 2284 391 2362 Item,
437 2306 613 2351 anno
646 2282 911 2348 Domini
942 2290 1029 2347 ΜΟ
1062 2290 1178 2347 cc⁰
1213 2286 1421 2360 mum,
1454 2281 1562 2346 die
1593 2283 1995 2360 Animarum,
2019 2280 2212 2367 jussit
2241 2280 2412 2348 idem

158 2372 327 2451 Prior,
354 2369 802 2439 consentiente
851 2372 1215 2448 conventu,
1248 2384 1322 2435 ut
1367 2368 1585 2453 vigilia
1619 2368 1866 2433 Natalis
1918 2370 2104 2433 annis
2153 2370 2417 2455 singulis

65 2530 67 2535 ,
158 2460 433 2545 Supprior
480 2470 705 2525 cantet
750 2458 1025 2544 primam
1076 2460 1352 2535 missam,
1404 2456 1920 2521 Ebdomedarius
1943 2456 2310 2536 secundam,
2344 2473 2414 2523 et

65 2568 67 2573 ·
159 2547 313 2611 Prior
350 2547 447 2612 vei
501 2545 859 2631 Episcopus
906 2544 1181 2622 tertiam,
1218 2544 1396 2610 salva
1437 2544 1775 2609 oblacione
1819 2544 2045 2630 primae
2089 2542 2298 2609 missae
2329 2546 2415 2611 ad

158 2654 283 2719 opus
308 2632 616 2721 capellani
647 2631 894 2696 domini
930 2631 1186 2698 Prioris.

421 2810 943 2874 Annivm-sarium
972 2808 1207 2872 domini
1232 2808 1554 2873 Bertrami
1581 2809 1838 2873 Priores
1857 2810 2130 2874 secundi.

231 2946 399 3009 Anno
452 2943 825 3011 Dominicae
879 2941 1353 3007 Incarnacionis
1406 2949 1768 3020 iu⁰cc⁰L11⁰,
1801 2945 1883 3009 ad
1938 2942 2270 3023 Pascham,
2306 2944 2416 3032 qui

161 3044 241 3095 est
260 3054 451 3097 annus
496 3030 787 3098 decimus
830 3030 1151 3116 prioratus
1209 3028 1530 3094 Bertrami
1565 3030 1806 3095 Prioris
1839 3030 2290 3095 Dunelmensis
2319 3054 2418 3097 se-

162 3119 335 3197 cundi,
364 3142 477 3204 per
504 3118 985 3205 providenciam
1010 3116 1166 3183 dicti
1195 3116 1439 3183 domini
1461 3116 1782 3182 Bertrami
1797 3116 2038 3183 Prioris
2059 3117 2413 3205 adquisitus

163 3218 240 3268 est
256 3228 489 3271 annuus
528 3206 817 3271 redditus
862 3226 1009 3273 vm.
1058 3226 1417 3269 marcarum
1442 3216 1512 3270 et
1541 3226 1602 3271 v.
1637 3203 2009 3282 solidorum,
2041 3218 2416 3270 conservato

164 3291 213 3353 in
234 3294 537 3378 integrum
568 3306 743 3359 statu
774 3291 1061 3359 omnium
1092 3291 1608 3377 praecedencium
1637 3290 2006 3355 reddituum
2037 3292 2121 3356 ad
2165 3292 2414 3357 dictum

166 3376 485 3445 Prioratnm
538 3380 1031 3467 pertinencium.
1148 3378 1257 3443 De
1312 3392 1485 3443 terra
1533 3376 1777 3443 scilicet
1833 3378 1916 3441 de
1979 3378 2312 3445 Boliisdon
2373 3402 2414 3444 v

165 3486 397 3545 marcae3
440 3469 691 3533 scilicet
738 3468 885 3533 duoe
932 3488 1169 3535 marcae
1199 3478 1268 3531 et
1298 3465 1564 3530 dimidia
1585 3464 1670 3531 ad
1704 3465 2134 3531 Pentecosten
2165 3480 2234 3533 et
2263 3468 2412 3533 duae

164 3570 353 3621 marcae
372 3569 439 3621 et
459 3554 830 3621 dimidiaad
850 3553 1087 3621 festum
1114 3552 1317 3619 sancti
1338 3551 1609 3617 Martini
1631 3551 1698 3616 in
1727 3552 1958 3619 hieme.
2007 3552 2114 3617 De
2133 3567 2305 3621 terra
2333 3556 2418 3625 de

168 3637 563 3728 Renyngtona
583 3643 741 3707 xx‘¹.
772 3641 957 3707 solidi
982 3647 1107 3721 [ita
1175 3639 1421 3707 scilicet
1450 3644 1601 3705 κη’.
1633 3638 1750 3709 v1‘¹.
1773 3640 1858 3705 ad
1891 3641 2315 3711 Pentecosten
2347 3656 2418 3709 et

168 3736 281 3792 111⁸.
320 3731 431 3795 v1‘¹.
474 3744 546 3796 at
592 3730 825 3795 festum
878 3729 1083 3794 sancti
1162 3727 1385 3792 .artini
1430 3726 1495 3791 in
1531 3726 1758 3792 hieme.
1847 3728 1960 3793 De
1993 3728 2298 3796 Waltero
2329 3730 2412 3797 de

172 3812 545 3882 Hurthewrth
576 3831 643 3882 et
670 3815 1013 3881 heredibus
1044 3814 1173 3880 suis
1203 3815 1287 3879 de
1312 3813 1684 3879 molendino
1707 3813 1790 3879 de
1817 3814 2044 3880 Her...
2069 3824 2232 3893 xx⁸.,
2251 3818 2421 3882 scili·

169 3916 247 3966 cet
268 3911 349 3972 κ’.
378 3906 465 3969 ad
496 3905 947 3980 Pentecosten,
978 3916 1049 3967 et
1072 3909 1165 3970 κ’.
1198 3902 1283 3966 ad
1313 3901 1548 3966 festum
1575 3902 1778 3967 sancti
1812 3901 2078 3966 Martini
2101 3904 2162 3965 in
2180 3901 2414 3981 bieme,

170 3992 475 4057 seeundum
502 3990 681 4078 quod
711 4002 891 4055 carta
917 3988 1071 4055 dicti
1098 3986 1381 4067 Walteri,
1404 4010 1596 4075 quam
1628 3990 1825 4053 habet
1841 3987 2156 4074 Supprior
2185 3988 2253 4052 in
2277 4010 2421 4053 cus-

172 4076 311 4141 todia
334 4100 711 4156 communae,
745 4088 1155 4163 protestatur.
1249 4075 1337 4140 Et
1367 4088 1469 4141 est
1513 4097 1762 4140 summa
1812 4074 2222 4138 denariorum
2269 4096 2418 4141 vm.

170 4179 361 4229 marcae
386 4188 447 4233 v.
481 4164 691 4230 solidi.
782 4163 968 4229 Idem
1001 4163 1209 4240 Prior,
1244 4162 1471 4227 eodem
1525 4186 1720 4240 anno,
1751 4161 1834 4225 de
1869 4183 2180 4227 consensu
2208 4176 2276 4228 et
2307 4186 2422 4229 vo-

172 4244 375 4318 luntate
426 4253 631 4317 tocius
681 4252 1058 4316 Conventus
1089 4250 1207 4326 sui,
1242 4249 1488 4315 dictum
1521 4248 1843 4315 redditum
1876 4268 2023 4316 vm.
2059 4271 2419 4317 marcarum

174 4348 225 4399 et
265 4360 317 4407 v.
346 4340 693 4406 solidorum
723 4338 808 4405 ad
861 4360 1060 4425 opera
1088 4336 1373 4403 caritatis
1403 4336 1467 4401 in
1497 4349 1880 4423 perpetuum
1910 4336 2274 4422 amplianda
2303 4340 2420 4404 sub

175 4418 267 4487 hac
292 4426 487 4493 forma
512 4427 800 4493 decrevit
844 4426 1167 4504 ordinare,
1202 4424 1502 4491 videlicet
1555 4424 1638 4488 ad
1669 4422 2034 4510 pytanciam
2064 4423 2422 4491 faciendam

178 4516 461 4581 annuatim
514 4512 883 4583 Conventui
934 4512 1003 4581 in
1057 4526 1199 4581 tota
1250 4513 1384 4579 vita
1427 4534 1564 4592 sua,
1598 4510 1662 4578 in
1711 4509 1817 4575 die
1861 4509 2063 4577 sancti
2100 4510 2420 4595 Nicholai,
