3000 5117
75 3319 83 3411 ὲ

81 4581 98 4630 Ι

81 4645 97 4690 “ι

805 498 1230 549 ΔΡΡΕΝΒΙΧ.
1267 498 1452 549 ANN.
1492 497 1915 549 mccccxv1.
2364 500 2493 549 CCV

214 664 488 731 Roberto
538 670 604 725 et
661 659 858 725 Petro
904 659 989 724 de
1019 658 1230 745 l'Hay
1281 675 1393 723 aut
1440 680 1669 725 eorum
1719 672 1901 723 certo
1944 666 2273 725 attornato
2316 659 2490 745 apud

213 748 586 815 Dunelmum
651 745 718 810 in
776 746 945 811 festo
1013 744 1234 810 Sancti
1279 744 1624 811 Michaelis
1684 745 2070 830 archangeli,
2132 745 2312 833 quod
2369 745 2491 811 erit

211 858 366 903 anno
407 833 675 899 Domini
717 832 1057 898 millesimo
1087 854 1234 897 cccc
1265 846 1498 898 octavo
1528 830 1800 911 decimo,
1834 831 1971 897 sine
2002 831 2305 897 ulteriore
2334 830 2495 897 dila-

211 921 418 987 cione:
464 920 547 984 ad
575 942 770 1007 quam
799 918 1060 1007 quidem
1092 917 1487 984 solucionem
1512 916 1706 983 dictae
1726 931 2030 997 monetae,
2058 931 2133 983 ut
2161 918 2497 1005 praemitti-

212 1021 327 1086 tur,
376 1005 653 1071 fideliter
702 1005 1084 1083 faciendam,
1134 1005 1490 1089 obligamus
1536 1027 1659 1069 nos
1696 1018 1763 1071 et
1794 1006 2150 1092 quemlibet
2178 1019 2489 1083 nostrum,

211 1116 316 1179 per
341 1115 406 1157 se
435 1107 500 1159 et
526 1092 594 1157 in
625 1092 924 1171 solidum,
957 1092 1090 1157 fide
1121 1090 1352 1169 media,
1385 1091 1678 1157 haeredes
1709 1105 1777 1157 et
1805 1106 2187 1157 executores
2218 1105 2492 1171 nostros,

213 1203 279 1247 ac
307 1179 514 1245 omnia
539 1180 714 1243 bona
743 1191 960 1243 nostra
989 1178 1256 1245 mobilia
1304 1190 1371 1242 et
1417 1177 1791 1255 immobilia,
1822 1177 2211 1267 ubicumque
2254 1178 2495 1247 fuerint

213 1269 475 1344 inventa,
508 1287 627 1350 per
657 1278 1028 1349 praesentes.
1126 1264 1202 1329 In
1233 1264 1414 1349 eujus
1443 1264 1539 1329 rei
1570 1263 2009 1330 testimonium
2039 1265 2248 1350 sigilla
2276 1281 2496 1333 nostra

213 1353 611 1503 &psentibus
641 1354 1076 1437 apposuimus·
1166 1351 1346 1417 Data
1373 1352 1440 1415 in
1472 1350 1641 1416 festo
1674 1352 1894 1417 Sancti
1927 1350 2285 1431 Michaelis,
2324 1376 2495 1421 anno

319 1437 462 1503 mini
489 1437 828 1503 millesimo
856 1459 1004 1502 cccc
1034 1437 1500 1503 sextodecimo.

297 1524 600 1591 Condicio
653 1526 834 1589 istius
885 1523 1306 1612 obligacionis
1355 1523 1500 1589 talis
1548 1536 1670 1601 est,
1701 1522 1899 1611 quod,
1932 1524 1983 1587 si
2014 1524 2182 1589 infra
2222 1526 2494 1611 scriptus

222 1612 486 1677 Thomas
536 1611 858 1697 Hyndley
908 1612 1234 1697 compleat
1279 1633 1440 1695 opus
1493 1622 1745 1697 quartae
1782 1612 1987 1697 partis
2038 1612 2317 1683 Claustri
2356 1614 2493 1677 Du-

218 1699 418 1777 nelm.,
471 1698 827 1762 secundum
875 1698 1284 1763 condiciones
1335 1710 1671 1762 contentas
1722 1697 1791 1761 in
1836 1697 2220 1785 quibusdam
2273 1699 2499 1765 inden-

219 1786 358 1848 turis
387 1783 550 1849 inter
578 1784 970 1849 reverendas
994 1806 1306 1883 personas
1351 1784 1785 1868 infrascriptas
1808 1798 1875 1849 et
1899 1784 2143 1851 dictum
2174 1786 2497 1854 Thomam

225 1871 505 1957 Hyndley
548 1871 704 1935 inde
736 1871 1066 1947 confectis,
1101 1871 1276 1958 quod
1310 1884 1461 1935 tunc
1493 1892 1774 1957 praesens
1826 1872 2144 1957 obligacio
2189 1872 2499 1939 ducenta-

220 1980 344 2021 rum
386 1957 694 2023 librarum
735 1958 970 2023 nullius
1000 1957 1082 2023 sit
1127 1957 1403 2043 vigoris3
1447 1957 1730 2046 alioquin
1758 1958 1827 2023 in
1854 1981 1973 2024 suo
2002 1960 2235 2027 robore
2264 1973 2391 2027 stet
2431 1973 2499 2028 et

221 2058 590 2130 permaneat.

383 2460 626 2504 CLxxx.
676 2454 1059 2500 CARISSIMIS
1108 2452 1184 2497 IN
1231 2452 1531 2498 culus‘ro
1579 2453 1786 2499 runs
1832 2456 2204 2503 suppnlolu
2238 2459 2331 2504 ET

533 2543 883 2589 CAPITULO
932 2541 1281 2586 sschBSIAE
1327 2540 1615 2584 Nos'rnAE
1659 2541 2173 2589 DUNBLMENSIS.

688 2682 866 2749 [Cart.
891 2684 1007 2736 111.
1027 2682 1068 2733 f.
1089 2684 1208 2741 297.
1231 2688 1289 2735 et
1322 2683 1468 2753 Orig-
1490 2688 1544 2735 2.
1566 2687 1614 2735 6.
1639 2684 1833 2738 Pontii:
1854 2686 1925 2741 R.
1952 2690 2026 2755 1.]

307 2826 626 2892 Carissimi
671 2825 736 2889 in
785 2824 1050 2890 Christo
1089 2824 1227 2903 filii,
1271 2825 1554 2893 Litteras
1608 2840 1849 2895 vestras
1896 2830 2207 2897 Dunelmi
2236 2839 2510 2921 scriptas

225 2929 496 2979 recenter
541 2913 930 2997 accepimuS,
963 2932 1079 2995 per
1127 2934 1284 2998 quas
1331 2911 1769 2980 intelleximus
1806 2915 2169 2983 Prioratum
2214 2922 2503 2987 ecclesioe

225 3015 442 3065 nostroe
463 2998 924 3065 Dunelmensis
949 3019 1063 3082 per
1089 3012 1363 3065 mortem
1385 3000 1699 3067 Johannis
1726 3002 2271 3089 Hemmyngburg
2300 3009 2509 3075 ultimi

233 3085 454 3151 Prioris
499 3086 812 3174 ejusdem,
862 3086 1043 3169 cujus
1091 3084 1322 3149 animae
1368 3088 1764 3171 propicietur
1815 3088 2193 3169 Altissimus,
2226 3092 2309 3157 de
2339 3101 2533 3178 prae-'

229 3176 384 3237 senti
405 3196 676 3247 vacare3
721 3185 789 3237 et
831 3184 1174 3255 propterea
1195 3173 1528 3238 humiliter
1555 3174 1859 3258 petivistis
1890 3198 1932 3241 a
1958 3177 2142 3241 nobis
2172 3178 2509 3245 licenciam

228 3259 396 3324 vobis
421 3259 696 3325 concedi
717 3257 912 3322 alium
935 3258 1002 3319 in
1035 3257 1326 3323 Priorem
1357 3260 1559 3325 libere
1588 3260 1867 3345 eligendi
1890 3285 1910 3336 3
1939 3284 2059 3346 pro
2086 3286 2215 3350 qua
2245 3266 2511 3351 quidem

231 3344 476 3410 licencia
503 3368 624 3431 per
643 3346 914 3410 latorem
945 3346 1363 3427 praesenciam
1387 3346 1721 3411 scribimus
1754 3348 2248 3416 constabulario
2290 3366 2515 3421 nostro

231 3430 662 3508 Dunelmensi,
689 3430 866 3517 quod
891 3430 1012 3495 sub
1043 3452 1278 3514 magno
1299 3432 1507 3515 sigillo
1530 3445 1752 3498 nostro
1780 3432 2149 3518 hujusmodi
2178 3437 2514 3508 licenciam

233 3516 294 3581 in
331 3518 532 3584 forma
575 3517 802 3583 debita
845 3515 1026 3582 vobis
1069 3516 1262 3583 faciat
1290 3517 1555 3582 indilate
1582 3542 1599 3581 z
1647 3532 1885 3584 vestras
1914 3521 2296 3604 prudenciae
2328 3527 2521 3591 obse-

235 3618 464 3670 crantes
511 3604 831 3670 attencius
877 3615 944 3667 et
975 3602 1038 3665 in
1072 3602 1360 3667 Domino
1389 3603 1695 3669 obnixius
1722 3606 2159 3687 exhortantes,
2191 3614 2509 3696 quatinus,

235 3689 464 3756 interna
513 3688 1034 3755 consideracione
1084 3701 1448 3772 pensantes,
1481 3704 1755 3777 quantos
1801 3692 2050 3759 labores
2080 3708 2147 3761 et
2173 3718 2517 3783 expensas,

237 3789 380 3861 quot
421 3776 776 3862 litigiorum
820 3774 1185 3853 amfractus,
1236 3790 1602 3863 quantaque
1655 3776 1981 3844 diuturnae
2032 3783 2387 3848 vacacionis
2418 3784 2516 3848 in-

233 3865 557 3929 commoda
583 3863 946 3928 elecciones
965 3863 1034 3925 in
1063 3860 1384 3927 discordia
1409 3864 1752 3929 celebratae
1771 3868 2099 3933 retroactis
2118 3870 2515 3954 temporibus

238 3950 650 4031 parturierint,
683 3950 748 4011 in
799 3948 920 4013 hac
972 3948 1316 4028 eleccione,
1349 3951 1553 4015 sancti
1596 3952 1871 4036 Spiritus
1898 3953 2321 4037 inspiracione
2352 3956 2522 4025 cele-

237 4032 482 4115 branda,
529 4036 741 4101 solum
791 4035 1008 4099 Deum
1055 4058 1192 4121 prae
1243 4036 1443 4101 oculis
1493 4036 1827 4115 habentes,
1876 4052 2125 4103 semota
2168 4040 2524 4109 affeccione

241 4122 481 4199 carnali,
515 4123 713 4187 talem
744 4121 924 4185 vobis
947 4122 1258 4187 studeatis
1287 4123 1529 4209 eligere
1559 4124 1961 4189 concorditer
1984 4124 2049 4187 in
2085 4126 2375 4191 Priorem
2406 4130 2518 4215 qui

241 4204 313 4269 sit
349 4208 670 4293 religionis
725 4208 863 4272 zelo
908 4209 1240 4293 probatuS,
1294 4210 1639 4274 honestate
1668 4210 1816 4273 vitae
1846 4210 2206 4290 laudabilis,
2240 4212 2307 4277 in
2338 4215 2523 4300 spiri-

245 4294 500 4358 tualibus
551 4294 880 4379 providuS,
937 4305 1004 4357 et
1055 4294 1122 4359 in
1177 4295 1630 4382 temporalibus
1678 4296 2215 4382 circumspectus;
2290 4314 2357 4364 et
2405 4323 2523 4386 per

243 4380 404 4464 cujus
454 4382 835 4446 industriam
878 4380 1208 4447 Prioratus
1253 4382 1386 4468 ipse
1434 4396 1566 4447 tam
1618 4382 1684 4446 in
1730 4381 2167 4467 spiritualibus
2218 4408 2409 4472 quam
2457 4388 2523 4451 in

243 4468 684 4553 temporalibus
707 4469 1038 4535 fructuosa
1063 4468 1393 4556 percipere
1416 4468 1616 4556 possit
1645 4468 1949 4537 continua
1970 4469 2383 4543 incrementa.
2440 4476 2526 4540 Et
