3000 5117
545 445 739 520 lxxiv
1039 463 1238 516 msr.
1277 464 1631 517 nouatu-
1665 465 2124 519 scalproans
2161 429 2367 518 rans.

551 640 1016 724 Brentingbam
1040 639 1347 726 magistro
1373 639 1595 704 Odoni
1626 638 1708 704 de
1734 637 2078 726 Kilkenny,
2104 663 2185 707 ea
2206 639 2573 706 intencione
2598 651 2673 706 ut
2688 663 2843 726 prae-

552 741 751 794 staret
782 726 874 791 illi
905 728 1218 793 auxilium
1245 727 1310 790 in
1335 749 1528 790 causa
1556 726 1887 792 electionis
1918 749 2072 795 suae.

641 816 810 880 Item
856 813 1148 900 promisit
1188 827 1256 879 et
1303 815 1544 899 optulit
1586 835 1889 902 magnam
1934 814 2225 899 pecuniae
2256 813 2687 902 quantitatem
2715 817 2843 902 qui-

549 903 822 968 busdam
850 901 1096 988 magnis
1129 901 1296 978 viria
1329 917 1402 965 ut
1445 899 1566 986 ipsi
1598 915 2011 985 procurarent
2034 925 2189 990 erga
2218 902 2555 966 dominum
2602 904 2841 988 Regem

549 990 728 1078 quod
759 988 893 1074 ipse
923 989 1220 1054 electioni
1249 988 1334 1052 de
1363 1010 1432 1052 se
1463 986 1651 1052 factae
1682 989 1931 1073 regium
1960 1003 2299 1072 proestaret
2329 1003 2683 1054 assensum.

639 1077 810 1141 Item
839 1077 998 1142 dicit
1026 1076 1203 1164 quod
1231 1074 1456 1139 incidit
1485 1074 1552 1138 in
1582 1073 1651 1138 in
1682 1097 1991 1140 canonem
2019 1075 2169 1140 latae
2200 1076 2537 1141 sententiae
2566 1076 2743 1164 quod
2770 1076 2843 1141 de

549 1164 856 1228 mandato
907 1186 1025 1228 suo
1078 1164 1448 1229 verberatus
1498 1161 1623 1225 fuit
1672 1165 1979 1252 magister
2030 1163 2422 1228 Laurentius
2474 1162 2561 1227 de
2598 1165 2843 1228 Tonne-

551 1249 651 1317 bri
701 1301 717 1320 .

641 1273 810 1402 Igtem
841 1336 997 1402 dicit
1025 1336 1200 1423 quod
1229 1359 1360 1401 non
1393 1335 1784 1402 sufficienter
1812 1336 2151 1404 litteratus.
2223 1335 2717 1402 Promovendus
2746 1359 2847 1401 au-

551 1439 682 1491 tem
712 1425 780 1490 in
810 1424 1194 1510 Episcopum
1227 1424 1424 1488 debet
1447 1446 1585 1487 esse
1615 1437 1978 1488 sanctorum
2006 1425 2271 1490 Patrum
2316 1425 2557 1510 regulis
2588 1427 2848 1490 instruc-

551 1525 679 1590 tus,
713 1525 782 1577 et
811 1509 1039 1576 divinis
1069 1509 1336 1598 eloquiis
1365 1509 1675 1574 eruditus,

648 1600 784 1664 Ista
824 1611 1045 1664 autem
1089 1601 1308 1662 omnia
1349 1597 1655 1683 proponit
1702 1598 1872 1676 Rex,
1906 1598 2291 1684 excipiendo
2334 1611 2570 1663 contra
2612 1599 2845 1663 dictum

560 1687 852 1752 Priorem
883 1685 992 1773 qui
1045 1709 1113 1750 se
1142 1683 1311 1772 gerit
1356 1708 1476 1770 pro
1512 1685 1747 1763 electo,
1782 1707 1909 1750 non
1938 1703 2152 1750 artans
2182 1709 2250 1750 se
2278 1687 2361 1750 ad
2391 1686 2615 1750 omnia
2642 1708 2849 1770 supra-

553 1773 730 1838 dicta
758 1772 1111 1858 probanda,
1145 1772 1262 1837 sed
1289 1773 1374 1837 ad
1406 1793 1603 1836 unum
1635 1773 1812 1859 quod
1842 1771 1905 1837 ei
1956 1772 2249 1838 sufficere
2279 1774 2530 1837 debeat.
2604 1773 2851 1838 Protes-

553 1875 730 1925 tatur
759 1859 954 1926 etiam
984 1860 1309 1924 Dominus
1335 1859 1507 1936 Rex,
1541 1860 1718 1947 quod
1740 1863 1943 1947 siqua
1972 1860 2271 1945 exceptio
2304 1860 2387 1924 de
2412 1881 2591 1924 novo
2612 1861 2699 1924 ad
2722 1861 2851 1944 ejus

555 1946 856 2012 noticiam
889 1946 1274 2032 pervenerit,
1306 1968 1454 2032 quae
1483 1946 1687 2032 ipsam
1734 1947 2114 2012 electionem
2144 1947 2227 2012 de
2258 1947 2435 2012 dicto
2468 1948 2701 2013 Priore
2728 1947 2851 2012 fac-

553 2047 686 2100 tam
717 2035 917 2122 possit
937 2033 1274 2120 impedire,
1300 2033 1478 2121 quod
1501 2055 1645 2098 eam
1674 2057 1792 2114 suo
1817 2034 1967 2100 loco
1996 2049 2339 2122 proponet.

736 2407 841 2453 LV.
907 2405 1309 2449 GREGonms
1369 2405 1706 2450 BPIscoPo
1771 2405 2241 2449 LINCOLNENSI
2289 2406 2378 2449 AD
2428 2406 2694 2452 PROTE-

765 2492 1062 2536 GENDUM
1111 2492 1496 2558 ECCLESIAM
1545 2492 2079 2536 DUNBLMENSEM
2128 2493 2278 2536 IPSA
2310 2494 2651 2542 vacANTE.

1445 2611 1617 2676 [cart.
1644 2609 1758 2661 111.
1780 2607 1819 2659 r.
1849 2612 1985 2678 lea]

653 2729 1008 2814 Gregorius
1041 2727 1421 2814 EpiscopuS,
1469 2748 1688 2792 servus
1740 2748 2071 2790 servorum
2118 2725 2268 2804 Dei,
2302 2726 2655 2792 venerabili
2684 2725 2856 2789 fratri

559 2817 886 2902 Episcopo
929 2815 1342 2881 Lincolnensi
1393 2815 1666 2879 salutem
1726 2827 1795 2878 et
1845 2812 2262 2899 apostolicam
2313 2813 2855 2879 benediccionem.

562 2905 671 2970 Ex
717 2903 987 2992 injuncti
1033 2902 1223 2968 officii
1271 2903 1496 2967 debito
1542 2900 1807 2985 singulis
1837 2900 2119 2965 ecclesiis
2149 2899 2495 2980 debitoreS,
2530 2901 2706 2966 circa
2732 2900 2859 2963 illa-

558 3014 702 3057 rum
727 3015 948 3057 curam
977 2991 1088 3055 dili
1137 2989 1412 3055 entiores
1443 3011 1581 3053 esse
1610 3011 1726 3052 nos
1755 2990 2077 3076 convenit,
2110 3011 2257 3076 quae
2287 2987 2620 3053 destitutae
2649 3002 2859 3072 pasto-

557 3103 700 3145 rum
749 3016 1183 3164 gubernacifio
1231 3076 1673 3144 dinoscuntur.
1773 3075 1953 3140 Hinc
2004 3089 2119 3154 est,
2167 3075 2385 3162 quod„
2419 3097 2567 3141 cum
2612 3074 2857 3141 Dunel-

555 3165 789 3232 mensis
832 3166 1106 3232 ecclesia
1131 3178 1317 3230 vacet
1347 3163 1430 3228 ad
1461 3185 1761 3248 praesens,
1794 3163 2179 3228 fraternitati
2213 3178 2343 3228 tuoe
2364 3185 2485 3249 per
2512 3161 2861 3248 apostolica

557 3255 796 3340 scripta
823 3254 1220 3331 mandamus,
1257 3251 1557 3339 quatinus
1602 3250 1872 3316 eandem
1905 3265 2270 3336 protegens,
2302 3272 2612 3336 personas
2642 3272 2857 3314 mona-

559 3342 850 3419 chorum,
913 3340 1313 3416 clericorum,
1377 3353 1446 3403 et
1506 3337 1889 3404 secularium
1948 3337 2315 3403 officialium
2374 3339 2511 3423 ejus
2571 3337 2855 3402 indebite

559 3426 908 3505 molestari,
959 3449 1306 3513 eorumque
1352 3428 1527 3491 bona
1578 3425 1794 3490 invadi
1841 3426 1925 3490 ab
1970 3424 2285 3513 aliquibus
2314 3448 2446 3489 non
2475 3426 2803 3510 permittas
2835 3447 2853 3499 ;

557 3515 1003 3579 molestatores
1051 3527 1120 3579 et
1171 3514 1492 3578 invasores
1540 3513 1927 3601 hujusmodi,
1980 3533 2258 3596 persona
2315 3513 2509 3598 Regis
2561 3527 2857 3596 excepta,

557 3599 922 3666 municione
964 3600 1311 3688 praemissa,
1347 3622 1463 3684 per
1493 3623 1823 3665 censuram
1872 3599 2387 3676 ecclesiasticam,
2422 3598 2855 3684 appellacione

645 3687 934 3772 stposita‚
997 3688 1515 3773 compescendo:
1614 3709 1745 3752 non
1803 3687 2105 3750 obstante
2166 3686 2601 3770 Indulgentia‚
2664 3707 2853 3772 quam

554 3710 798 3841 ᾔδετε
850 3775 1100 3854 dicerit-3,
1133 3789 1206 3840 ut
1252 3776 1336 3840 de
1386 3775 1593 3839 causis
1646 3800 1686 3838 a
1742 3774 1911 3838 Sede
1958 3774 2338 3859 Apostolica
2367 3773 2481 3837 tibi
2513 3771 2859 3837 commissis

558 3885 949 3949 cognoscere
1003 3885 1136 3928 non
1191 3860 1471 3928 tenearis
1520 3861 1757 3926 invitus
1782 3885 1801 3938 3
1848 3875 1915 3925 et
1962 3860 2433 3925 constitucione
2478 3861 2561 3924 de
2608 3860 2857 3924 duabus

559 3951 750 4016 dietis
798 3951 977 4017 edita
1027 3950 1093 4014 in
1141 3949 1434 4016 Concilio
1485 3948 1791 4038 generali,
1825 3949 1983 4012 dum
2023 3947 2220 4012 modo
2251 3947 2421 4012 ultra
2465 3945 2726 4012 terciam
2756 3945 2855 4008 vel

603 4052 852 4103 uartam
883 4054 1071 4105 extra
1097 4062 1278 4104 suam
1306 4036 1615 4102 diocesim
1646 4035 1843 4122 aliqui
1872 4037 1957 4100 ad
1990 4034 2307 4120 judicium
2340 4058 2473 4098 non
2506 4035 2855 4098 trahantur.

555 4061 734 4190 {ata
770 4127 1104 4212 Anagniae,
1141 4148 1223 4193 111
1255 4123 1442 4193 nonis
1481 4123 1806 4203 OctobriS,
1839 4123 2259 4209 pontificatus
2296 4121 2503 4189 nostri
2532 4144 2703 4187 anno
2732 4135 2857 4184 ter-

565 4211 667 4278 cio
697 4212 972 4281 decimo.
