3000 5117
767 470 1189 523 APPEme.
1222 471 1406 521 Anu.
1449 472 1966 523 mccctxxxn.
2426 452 2535 524 clv

223 631 470 699 ficienti
525 646 765 699 temere
824 634 1148 699 celebrare
1205 634 1607 720 presumpsit,
1656 636 1721 699 in
1782 646 2021 699 nostrae
2063 630 2539 717 jurisdiccionis

223 734 678 807 contemptum
705 721 1134 786 manifestum.
1234 720 1428 786 Unde
1447 743 1587 798 noS,
1620 720 1992 787 Alexander
2022 717 2538 807 archiepiscopus

225 808 652 892 supradictus,
703 808 786 873 de
837 809 1222 874 auctoritate
1273 808 1408 873 sive
1446 822 1766 893 potestate
1798 807 2125 894 praemissa
2152 806 2452 885 faciendi,
2486 806 2541 872 si

225 917 378 981 quae
437 896 650 960 eidem
709 893 914 959 Priori
973 907 1410 979 competerent
1461 894 1527 957 in
1586 896 1709 959 hac
1753 908 1961 982 parte,
2024 895 2311 959 volentes
2370 893 2541 960 effici

227 980 563 1058 certiores,
597 981 874 1046 eundem
933 981 1223 1047 Priorem
1285 982 1450 1045 infra
1496 996 1781 1046 nostram
1824 982 2129 1047 diocesim
2168 980 2539 1047 Eboracen-

227 1090 362 1133 sem
395 1068 768 1153 praedictam
793 1070 1214 1153 personaliter
1234 1067 1731 1155 apprehensum,
1764 1068 1848 1133 ad
1868 1068 2300 1133 exhibendum
2320 1091 2539 1133 coram

226 1155 416 1220 nobis
477 1155 882 1239 privilegium
953 1154 1087 1221 sive
1159 1155 1613 1220 auctoritatem
1673 1172 1739 1220 et
1795 1170 2200 1242 potestatem,
2264 1158 2319 1221 si
2390 1179 2538 1243 qua:

225 1242 530 1307 habuerit
588 1241 656 1307 in
711 1241 1076 1326 praemissis,
1109 1243 1194 1307 ad
1244 1255 1455 1308 certos
1508 1242 1681 1307 diem
1728 1255 1796 1307 et
1841 1242 2055 1307 locum
2099 1255 2539 1328 competentes

225 1329 664 1414 peremptorie
740 1328 1010 1393 fecimus
1068 1328 1368 1405 evocari3
1445 1329 1678 1415 quibus
1731 1330 1837 1393 die
1896 1342 1965 1395 et
2025 1328 2169 1393 loco
2227 1331 2539 1416 praefatus

231 1414 426 1480 Prior
457 1438 572 1500 per
599 1430 1080 1501 procuratorem
1107 1438 1292 1481 suum
1336 1416 1623 1503 legitime
1654 1415 2077 1481 constitutum
2106 1439 2321 1483 coram
2354 1419 2541 1484 nobis

227 1503 298 1567 in
334 1502 590 1587 judicio
633 1524 1028 1587 comparens,
1071 1504 1284 1569 literas
1327 1503 1715 1587 apostolicas
1756 1502 2135 1569 sanctissimi
2179 1506 2243 1568 in
2279 1505 2541 1572 Christo

227 1588 440 1675 patris
469 1604 540 1655 et
568 1590 812 1655 domini
843 1589 1046 1656 nostri
1075 1588 1320 1654 domini
1344 1588 1619 1667 Urbani,
1652 1589 1871 1665 divina
1897 1589 2311 1675 providencia
2344 1592 2541 1679 Papoe

229 1678 424 1753 sexti,
472 1697 626 1742 vera
669 1677 846 1741 bulla
891 1676 1198 1761 plumbea
1240 1674 1436 1762 ipsius
1478 1676 1723 1741 domini
1758 1676 1976 1761 Papoe,
2010 1699 2189 1743 more
2225 1678 2541 1747 Romanae

229 1764 431 1827 curiae
461 1764 759 1841 bullatae,
797 1786 988 1828 sanas
1040 1776 1106 1829 et
1159 1765 1292 1829 inte
1339 1784 1460 1840 ras,
1494 1785 1570 1827 ac
1622 1764 1799 1827 omni
1846 1766 2013 1829 vicio
2064 1779 2134 1829 et
2176 1766 2539 1851 suspicione

231 1864 552 1929 carentes,
585 1850 760 1915 dicto
794 1848 1000 1915 Priori
1030 1872 1148 1935 per
1165 1873 1294 1915 eun
1385 1872 1446 1913 m
1469 1849 1807 1915 dominum
1842 1851 2085 1936 Papam
2117 1852 2203 1917 ad
2232 1856 2543 1938 praedicta

229 1938 534 2003 facienda
576 1960 908 2003 concessas
958 1937 1148 2001 nobis
1189 1936 1484 2002 exhibuit
1529 1949 1596 2001 et
1654 1937 1981 2013 ostendit3
2026 1961 2291 2024 quarum
2354 1956 2541 2008 tenor

231 2024 526 2110 sequitur
556 2040 620 2087 et
649 2038 747 2089 est
777 2024 937 2091 talis.
1041 2024 1346 2092 Urbanus
1387 2022 1745 2109 episcopuS,
1778 2047 1995 2089 servus
2027 2048 2353 2091 servorum
2386 2029 2539 2107 Dei,

233 2110 490 2175 dilectis
535 2111 682 2175 filiis
732 2112 1022 2195 Roberto
1057 2111 1266 2175 Priori
1297 2123 1362 2176 et
1396 2111 1701 2195 Capitulo
1732 2111 2020 2175 ecclesiae
2054 2112 2536 2195 Dunelmensis,

233 2199 482 2263 ordinis
511 2198 712 2263 sancti
747 2196 1108 2273 Benedicti,
1141 2200 1410 2262 salutem
1441 2212 1511 2261 et
1540 2197 1957 2283 apostolicam
1987 2200 2535 2271 benediccionem.

236 2285 558 2370 Exposcit
603 2298 833 2349 vestrae
877 2284 1242 2349 devocionis
1289 2286 1645 2362 sinceritas,
1678 2298 1744 2349 et
1790 2286 2115 2373 religionis
2140 2302 2543 2372 promeretur

231 2371 562 2449 honestas,
626 2384 696 2437 ut
745 2385 876 2436 tam
928 2394 1064 2449 vos,
1119 2395 1280 2459 quos
1335 2370 1599 2455 speciali
1657 2372 2013 2437 dileccione
2070 2375 2541 2461 prosequimur,

235 2482 430 2545 quam
494 2459 698 2523 eciam
749 2458 1082 2524 ecclesiam
1141 2477 1444 2537 vestram,
1507 2458 1715 2542 dignis
1774 2458 2128 2525 honoribus
2188 2475 2254 2525 et
2312 2464 2543 2547 graciis

235 2546 628 2611 attollamus·
725 2546 900 2611 Hine
941 2558 1038 2611 est
1082 2546 1258 2633 quod
1289 2568 1426 2623 nOS,
1463 2546 1685 2610 vestris
1728 2545 1795 2610 in
1842 2546 1963 2612 hac
2007 2560 2193 2631 parte
2223 2550 2540 2634 supplica-

236 2633 530 2698 cionibus
581 2631 886 2710 inclinati,
943 2648 1016 2697 ut
1069 2646 1162 2711 tu,
1212 2632 1304 2697 fili
1339 2632 1543 2711 Prior,
1578 2650 1646 2697 et
1676 2654 2091 2697 successores
2140 2634 2229 2698 tui
2284 2635 2539 2701 Priores

237 2719 432 2784 dictae
463 2720 773 2798 ecclesiae‚
808 2719 918 2819 qui
948 2740 1068 2805 pro
1096 2732 1392 2805 tempore
1422 2719 1681 2797 fuerint,
1710 2720 1916 2799 mitra,
1948 2721 2181 2786 baculo
2210 2725 2537 2806 pastorali,

233 2808 458 2885 anulo,
493 2829 567 2871 ae
599 2808 916 2883 sandaliis,
951 2819 1017 2871 et
1059 2806 1197 2871 aliis
1225 2807 1699 2891 pontificalibus
1734 2806 2021 2892 insigniis
2052 2808 2252 2875 libere
2282 2812 2538 2895 possitis

237 2894 354 2971 ull,
387 2896 442 2957 si
473 2910 543 2959 et
587 2894 654 2956 in
695 2908 1006 2981 quantum
1052 2892 1246 2981 aliqui
1283 2892 1388 2957 alii
1426 2893 1681 2957 Priores
1712 2894 2191 2959 Cathedralium
2226 2896 2543 2963 Ecclesia-

235 3003 380 3045 rum
429 2980 668 3045 ordinis
727 2982 934 3044 sancti
979 2980 1318 3045 Benedicti
1363 2979 1428 3045 in
1479 3002 1684 3065 regno
1739 2983 1845 3045 An
1896 2979 1999 3045 liae
2042 2982 2539 3049 consistencium

237 3068 362 3130 illis
393 3080 676 3145 utantur,
724 3066 922 3131 felicis
973 3066 1445 3133 recordacionis
1479 3004 2069 3152 Alexandriilhpae
2112 3068 2342 3153 quarti,
2376 3092 2541 3155 proe-

237 3154 595 3219 decessoris
647 3155 868 3232 nostri,
901 3175 1049 3241 quae
1101 3152 1324 3238 incipit
1382 3154 1666 3230 Abbaces,
1721 3166 1789 3216 et
1836 3152 1975 3217 aliis
2034 3156 2539 3243 quibuscumque

243 3240 840 3306 constitucionibus
892 3240 1256 3325 apostolicis
1309 3241 1374 3304 in
1437 3240 1829 3304 contrarium
1892 3240 2078 3304 editis
2138 3264 2543 3329 nequaquam

234 3326 658 3405 obstantibus,
693 3329 873 3393 vobis
905 3342 970 3392 et
999 3326 1238 3391 eisdem
1269 3326 1735 3391 successoribus
1780 3326 2162 3393 auctoritate
2192 3330 2547 3415 apostolica

233 3416 324 3479 de
355 3413 621 3499 speciali
647 3414 886 3502 gracia,
921 3427 1144 3479 tenore.
1217 3412 1617 3489 raesencium,
1654 3410 2079 3497 indulgemus,
2176 3414 2353 3479 Nulli
2386 3440 2543 3503 ergo

233 3502 505 3565 omn-ino
552 3501 883 3565 hominum
933 3501 1124 3564 liceat
1222 3522 1342 3565 ane
1390 3500 1691 3585 paginam
1738 3515 1975 3563 nostrae
2023 3502 2446 3567 concessionis
2479 3519 2544 3570 et

232 3588 590 3653 voluntatis
642 3587 1007 3674 infringere,
1053 3587 1156 3651 vel
1202 3588 1264 3650 ei
1309 3609 1466 3651 ausu
1500 3589 1840 3650 temerario
1870 3588 2209 3657 contraire.
2303 3590 2369 3657 Si
2402 3594 2545 3678 quis

231 3690 460 3738 autem
493 3674 617 3739 hoc
639 3687 1026 3757 attemptare
1045 3695 1298 3758 presum
1349 3672 1523 3751 serit,
1550 3672 2062 3761 indignacionem
2088 3676 2546 3762 omnipotentis

231 3760 398 3839 Dei,
451 3774 519 3824 et
570 3761 908 3826 beatorum
957 3759 1139 3824 Petri
1191 3772 1258 3824 et
1363 3758 1491 3823 auli
1538 3759 1971 3845 apostolorum
2004 3762 2260 3845 ejuS,<se
2292 3766 2545 3830 noverit

233 3847 663 3911 incursurum.
801 3847 976 3910 Data
1077 3846 1328 3913 Romae.
1425 3848 1598 3931 apud
1691 3848 1993 3911 Sanctum
2078 3848 2360 3926 Petrum,
2441 3870 2543 3916 ΧΠ

233 3934 548 3998 kalendas
675 3932 970 4017 Augusti,
1005 3933 1410 4017 pontificatus
1442 3933 1642 3997 nostri
1672 3954 1840 3996 anno
1869 3934 2174 4000 secundo,
2292 3935 2545 4009 Quibus

233 4020 504 4107 quidem
583 4020 781 4084 literis
855 4018 1242 4103 apostolicis,
1321 4042 1538 4083 coram
1597 4018 1805 4094 nobiS‚
1881 4032 1953 4082 ut
2011 4019 2373 4102 praefertur,
2435 4044 2550 4087 ex·

233 4106 484 4185 bibitis,
532 4128 650 4191 per
697 4129 810 4168 nos
856 4106 1198 4193 diligenter
1242 4106 1568 4189 inspectiS,
1616 4126 1733 4168 nos
1766 4104 2141 4168 Alexander
2175 4108 2543 4193 Archiepis-

234 4214 440 4277 copus
503 4216 576 4257 su
625 4192 907 4257 radietus
967 4192 1176 4255 eidem
1243 4191 1448 4255 Priori
1508 4214 1583 4255 ac
1642 4192 2109 4254 successoribus
2168 4194 2295 4256 suis
2348 4195 2544 4260 dietae

235 4278 553 4345 Ecclesiae
653 4278 1028 4343 unelniensis
1058 4278 1382 4343 Prioribus
1401 4278 1874 4362 imperpetuum
1895 4278 2069 4362 quod
2097 4278 2265 4342 idem
2291 4280 2546 4347 Priores

233 4388 462 4430 omnes
517 4380 581 4429 et
627 4367 863 4449 singuli
911 4366 974 4428 in
1019 4364 1559 4429 celebracionibus
1607 4362 1967 4427 divinorum
1998 4364 2347 4429 officiorum
2379 4368 2547 4435 infra

235 4468 524 4519 nostram
565 4451 961 4539 provinciam
997 4450 1474 4517 Eboracensem
1510 4449 1777 4517 ubilibet
1807 4448 2266 4531 faciendorum,
2302 4452 2365 4517 in
2397 4478 2545 4518 nos-
