3000 5117
751 442 1196 499 uaeramus
1250 441 1352 495 ns
1409 443 1966 497 cotnmanM.
2501 420 2551 504 7

209 604 430 685 [Haec
475 618 672 673 erant
715 608 811 671 sui
853 606 1236 692 praesulatus
1265 606 1587 673 laboriosa
1614 606 1983 697 primordia,
2016 604 2135 671 sub
2165 604 2365 669 dubio
2394 603 2537 690 qni-

207 694 370 757 dem
403 715 606 769 casu3
645 716 796 759 eum
828 716 1124 759 successu
1155 706 1392 772 tamen,
1419 708 1587 759 nutu
1622 694 1768 773 Dei,
1802 695 2146 779 disposita3
2194 692 2275 759 ad
2308 710 2531 776 perpe-

211 794 349 843 tuae
401 778 724 845 libertatis
773 782 1240 845 monimentum
1299 795 1366 845 et
1425 780 1821 865 posteritatis
1882 780 2255 866 exemplum
2308 776 2530 863 profu-

212 865 426 952 tura.]
527 868 750 953 Coepit
792 870 992 952 igitur
1048 868 1132 932 de
1173 866 1490 950 gravitate
1535 890 1783 933 morum
1842 868 2124 933 animum
2174 864 2527 951 juvenilem

211 953 586 1031 consulere,
669 968 738 1019 et
797 955 1116 1020 honorum
1183 952 1579 1019 exhibitione
1640 955 2103 1039 ingenuitatem
2164 964 2523 1019 venustare.

215 1038 308 1104 Et
355 1041 606 1125 primo,
701 1042 940 1119 uidem,
1000 1064 1070 1105 se
1119 1038 1384 1125 singulis
1428 1040 1837 1107 conformans
1878 1042 2146 1127 gerebat
2192 1038 2529 1117 humilem,

209 1140 280 1191 et
323 1127 554 1191 vultus
600 1128 670 1191 hi
697 1128 928 1193 aritate
966 1141 1032 1193 et
1081 1127 1390 1192 sermonis
1424 1126 1829 1212 jocunditate
1876 1128 2303 1193 universitatis
2356 1126 2421 1189 in
2455 1148 2525 1191 se

207 1216 543 1278 convertit
587 1215 913 1279 affectum.
1013 1213 1296 1301 Eratque
1337 1216 1421 1281 de
1475 1214 1797 1301 Episcopo
1833 1238 1951 1278 suo
1980 1213 2337 1279 communis
2384 1234 2525 1277 om-

207 1302 392 1364 nium
429 1300 726 1378 assertio,
760 1301 1068 1387 populum
1121 1322 1306 1365 suum
1339 1324 1376 1365 e
1419 1302 1587 1366 coelo
1634 1302 1989 1367 Dominum
2036 1298 2527 1365 misericorditer

209 1387 606 1471 respexisse,
650 1387 762 1473 qui
804 1410 1044 1452 novum
1093 1386 1156 1451 in
1209 1402 1380 1453 terra
1427 1388 1770 1452 Danielem
1800 1390 2202 1461 suscitasset3
2248 1386 2401 1449 dum
2431 1384 2523 1449 eis

213 1486 414 1537 oetate
433 1474 776 1558 juvenem,
803 1474 1088 1538 moribus
1117 1496 1332 1539 senem
1359 1474 1725 1559 pontificem
1760 1473 2115 1539 direxisset.
2206 1472 2523 1553 [Difficile

211 1580 376 1625 vero
403 1560 534 1625 fuit
564 1582 684 1645 per
710 1560 1000 1625 foramen
1033 1582 1184 1624 acus
1213 1560 1529 1625 camelum
1562 1563 1832 1626 transire
1860 1584 1877 1636 3
1926 1574 1996 1625 nt
2028 1560 2222 1623 homo
2252 1558 2334 1623 de
2364 1578 2523 1643 opu-

211 1647 422 1710 lentia
467 1663 538 1712 et
583 1648 744 1711 luxu
789 1648 875 1712 ad
919 1646 1174 1735 majoris
1217 1646 1563 1711 affluentiae
1608 1648 1869 1713 delicias
1914 1659 2297 1733 assumptus,
2346 1644 2521 1709 aliud

212 1748 492 1819 repente
535 1747 816 1819 saperet,
840 1756 972 1821 quo
1001 1733 1119 1797 sibi
1149 1732 1533 1821 incognitus,
1556 1732 1763 1818 gloria
1789 1734 2091 1799 humilior
2114 1746 2181 1798 et
2210 1745 2395 1816 gestu
2428 1732 2521 1795 in-

212 1820 417 1883 ferior
446 1828 852 1905 appareret.]
944 1819 1195 1886 Gradui
1227 1820 1488 1904 [igitur]
1510 1844 1629 1885 suo
1660 1821 2034 1909 plerumque
2064 1835 2196 1883 tam
2229 1818 2521 1882 voluntas

211 1928 410 1993 quam
433 1910 750 1992 juventus
773 1907 1093 1971 contraria
1121 1907 1561 1993 imperabant3
1591 1930 1739 1993 quae
1769 1930 1898 1971 non
1930 1906 2137 1971 minus
2168 1906 2527 1970 reverentia

211 1994 414 2056 famoe
467 2015 666 2079 quam
725 2015 944 2058 amore
978 1993 1246 2079 justitioe
1303 1995 1775 2078 compescebat.
1874 1994 1948 2058 In
2025 1993 2241 2057 multis
2308 2006 2525 2056 tamen

209 2096 562 2165 utramque
604 2093 981 2165 prosecutus
1024 2092 1124 2144 est
1167 2080 1595 2145 affectionem.
1690 2082 2043 2180 Correptns
2074 2079 2267 2145 etiam
2299 2101 2341 2144 a
2368 2078 2519 2155 suiS,

209 2188 684 2265 nonnunquam
717 2178 1016 2254 tanquam
1051 2168 1238 2247 [suis]
1271 2168 1702 2251 superioribus
1732 2168 2232 2253 adquiescebat3
2264 2166 2519 2250 [volup-

208 2252 364 2317 tatis
425 2254 668 2318 deinde
720 2254 1069 2337 subreptio,
1120 2254 1240 2319 sub
1293 2254 1631 2318 occasione
1674 2254 2068 2319 celsitudinis
2114 2252 2519 2337 ampliandas,

205 2339 536 2423 suggessit
581 2339 666 2403 de
705 2341 1052 2404 commodo
1081 2339 1412 2425 temporali
1443 2340 1728 2405 studium
1778 2364 2025 2429 gerere,
2060 2340 2157 2427 et]
2208 2338 2518 2425 paulatim

213 2426 278 2489 in
323 2424 628 2489 subditos
673 2426 1040 2511 cupiditatis
1085 2427 1288 2491 fraena
1339 2429 1581 2493 laxare.
1680 2428 1937 2493 Interea
1978 2428 2217 2515 egressi
2246 2438 2395 2489 sunt
2438 2426 2522 2489 de

213 2512 420 2577 Israel
476 2512 598 2575 filii
659 2512 878 2599 iniqui,
939 2513 1198 2577 honoris
1257 2514 1496 2599 cupidi,
1560 2512 1901 2589 delatores,
1948 2514 2167 2591 invidi,
2216 2512 2521 2592 [scientes

213 2599 536 2663 seminare
593 2598 1001 2678 discordiam,
1055 2600 1338 2665 animare
1385 2601 1827 2681 inimiciciam,·
1848 2604 2061 2666 fovere
2106 2601 2373 2681 rixam,]
2404 2620 2522 2663 ore·

213 2684 594 2769 serpentino
654 2688 724 2749 in
780 2708 1004 2751 aurem
1059 2700 1457 2752 susurrantes
1515 2688 1838 2774 Episcopi,
1894 2688 1947 2751 si
1993 2688 2148 2776 quid
2196 2686 2519 2752 sinistrum

211 2795 252 2838 a
294 2772 532 2835 Priore
577 2772 681 2835 vel
711 2794 750 2835 a
779 2772 1068 2860 quolibet
1095 2772 1368 2839 fratrum
1415 2788 1666 2839 secreto
1698 2776 1797 2839 vel
1838 2776 2061 2860 jocose
2092 2774 2333 2839 dictum
2366 2772 2520 2836 fuis-

213 2871 334 2936 set,
399 2880 538 2943 quo
585 2858 670 2923 ad
715 2859 1111 2924 iracundiam
1164 2874 1277 2925 aut
1324 2861 1547 2925 odium
1601 2882 1826 2924 eorum
1878 2860 2120 2926 moveri
2182 2859 2515 2945 potuisset.

221 2947 566 3009 Secretum
625 2967 884 3031 quoque
935 2946 1238 3029 Capituli,
1299 2947 1475 3034 quod
1524 2947 1647 3031 piae
1698 2948 2155 3011 recordationis
2214 2946 2518 3009 fundator

211 3033 406 3115 hujus
436 3031 718 3095 coenobii
757 3032 1144 3097 willielmus
1190 3034 1309 3097 sub
1355 3033 1780 3098 anathematis
1826 3033 2171 3098 interdicto
2202 3032 2341 3096 fieri
2372 3054 2518 3116 pro-

211 3118 446 3193 hibuit,
481 3117 568 3180 ad
601 3117 808 3203 ipsum
833 3118 1206 3184 deferebant
1231 3144 1251 3195 3
1297 3134 1360 3185 et
1385 3119 1531 3205 [de]
1564 3119 2029 3195 vexationibus,
2051 3140 2207 3205 quas
2228 3118 2310 3181 ab
2340 3132 2524 3181 ante-

213 3204 574 3267 cessoribus
623 3204 955 3289 Episcopis
1001 3207 1422 3289 pertulerant,
1459 3206 1881 3271 instruebant.
1979 3204 2120 3269 Hiis
2160 3204 2515 3289 Episcopus

215 3290 412 3355 fidem
443 3291 960 3369 accommodam,
993 3292 1206 3356 subito
1238 3307 1517 3358 mutatus
1549 3306 1684 3367 est3
1732 3293 1814 3357 de
1858 3292 1965 3357 die
2010 3292 2071 3355 in
2104 3292 2275 3355 diem
2310 3305 2522 3355 auste-

213 3378 342 3440 rior
371 3376 680 3462 apparuit
706 3401 724 3453 ;
755 3390 824 3441 et
855 3400 894 3441 a
923 3378 1254 3466 colloquiis
1274 3402 1521 3458 eorum,
1545 3380 1775 3465 quibus
1805 3380 2177 3466 frequenter
2205 3378 2515 3442 interesse

213 3464 684 3539 delectabatur,
715 3463 1043 3529 abstinuit.
1155 3466 1372 3530 Nichil
1427 3488 1583 3529 vero
1614 3467 1999 3553 quandoque
2028 3466 2369 3549 gerebatur
2398 3463 2517 3527 im-

211 3572 405 3635 pune.
503 3548 706 3613 Multi
749 3572 1028 3637 namque
1071 3552 1553 3629 monachornm,
1582 3552 1691 3640 qui
1741 3554 1841 3617 vel
1872 3552 2379 3617 accusationibus
2412 3552 2517 3613 vel

214 3636 692 3700 adulationibus
735 3636 1179 3724 indulgebant,
1233 3638 1330 3702 vel
1397 3638 1697 3723 Episcopi
1758 3639 2187 3703 familiaritate
2246 3636 2511 3711 suffulti,

221 3723 548 3787 Cellarum
593 3723 920 3787 custodias
963 3724 1067 3787 vel
1111 3724 1319 3788 officia
1347 3724 1563 3810 aliqua
1604 3724 1669 3787 in
1698 3740 2139 3807 contemptum
2178 3721 2415 3786 Prioris
2445 3735 2513 3785 et

215 3808 479 3886 ordiniS,
524 3814 634 3887 [ut
677 3810 932 3873 mollius
963 3809 1308 3890 viverent,]
1356 3812 1769 3895 usurpabant,
1816 3812 2053 3876 divinae
2098 3807 2514 3874 districtionis

215 3916 478 3959 manum
511 3896 786 3979 experti,
821 3895 1266 3960 miserabiliter
1294 3897 1725 3964 decesserunt.

295 3980 648 4047 Defuncto
669 3981 866 4067 igitur
881 3982 1238 4047 Laurentio
1264 3981 1507 4061 Priore,
1540 3983 1903 4048 Prior-atum
1933 3980 2182 4065 accepit
2211 3978 2512 4056 Absalon,

217 4067 306 4130 vir
333 4070 606 4155 quidem
637 4067 722 4132 de
752 4067 1080 4132 forinsecis
1110 4068 1395 4146 edoctuS,
1424 4071 1537 4135 sed
1567 4070 1777 4134 minus
1801 4069 1999 4133 literis
2032 4067 2317 4132 eruditus
2345 4088 2363 4141 ;
2392 4068 2513 4130 sub

217 4176 342 4239 quo
392 4156 721 4218 nutabant
771 4153 1098 4219 libertates
1150 4156 1456 4233 ecclesiae,
1514 4156 1669 4220 dum
1716 4179 1849 4219 non
1904 4170 2075 4219 esset
2122 4152 2231 4240 qni
2284 4166 2515 4217 contra

224 4240 618 4327 Episcopum
667 4262 890 4307 vocem
937 4243 1455 4307 contradictionis
1494 4242 1911 4309 assumerem*
2010 4241 2179 4307 Huic
2213 4238 2519 4306 successit

931 4420 970 4447 Τ
999 4414 1322 4468 Arrsnmx.
1359 4432 1538 4477 xxix„
1563 4432 1610 4483 p.
1636 4430 1810 4467 xxxv.
