3000 5117
799 517 1216 572 notamus
1251 518 1356 570 m:
1392 513 1899 570 anrsumzs.
2412 485 2507 564 7³1

93 689 136 782 [
174 679 712 744 correctionibus
757 692 826 746 et
871 681 1014 746 aliis
1059 679 1368 746 faciendis
1415 681 1585 746 intus
1641 690 1708 742 et
1752 689 1976 747 extra3
2031 681 2095 735 et
2150 665 2327 755 quod
2376 662 2507 762 pin-

183 767 356 848 gulis
423 768 800 854 injunxerat
857 789 974 852 per
1030 791 1178 833 eum
1237 767 1416 854 quod
1471 779 1685 832 essent
1743 765 1803 828 ei
1861 759 2287 832 intendentes,
2342 761 2507 814 Sicut

183 853 410 936 posito
478 856 546 918 in
605 854 752 918 loco
815 854 1142 940 Episcopi,
1195 877 1312 920 nec
1363 854 1647 919 audebat
1688 846 2147 920 contradicere,
2198 855 2268 905 ut
2327 839 2504 936 dice?

181 939 318 1007 bat.
423 940 788 1026 stupefacti
820 964 906 1005 ex
955 939 1080 1006 hoc
1125 941 1355 1019 uocati,
1387 941 1801 1027 quaesierunt,
1834 935 1887 998 si
1910 933 2160 998 literam
2196 926 2502 1012 Episcopi

167 1048 380 1110 super
413 1027 541 1091 hiis
573 1028 862 1104 haberet,
885 1040 954 1091 et
983 1050 1312 1113 responso,
1337 1027 1513 1113 quod
1547 1048 1700 1102 non,
1722 1023 2029 1087 dixerunt
2056 1017 2139 1095 ei,
2188 1025 2235 1058 ⁴⁸
2261 1013 2499 1104 Melius

183 1113 389 1176 nostis
440 1114 770 1180 libertates
815 1113 1068 1193 domm,
1113 1137 1306 1214 quam
1352 1137 1488 1192 nos,
1524 1135 1643 1177 nec
1672 1111 1885 1175 adhuc
1914 1129 2033 1193 pro
2064 1107 2155 1169 eis
2182 1122 2381 1188 usque
2412 1097 2499 1162 ad

183 1199 574 1283 sanguinem
606 1199 928 1266 restitistis
955 1224 972 1266 ε
1015 1201 1190 1265 scitis
1267 1199 1416 1279 uod,
1449 1200 1604 1264 sede
1638 1210 1926 1271 vacante,
1974 1211 2305 1278 nunqnam
2336 1185 2499 1252 solet

185 1285 560 1371 Episcopus
611 1287 716 1352 hic
769 1287 1006 1354 habere
1055 1287 1176 1352 nisi
1220 1223 1549 1364 alericum,
1604 1285 1685 1352 ad
1733 1280 2067 1348 tuitionem
2098 1273 2497 1371 domus„qni

171 1394 448 1444 §tamem
495 1390 566 1439 et
615 1374 910 1460 apposita
959 1373 1080 1439 sibi
1129 1397 1349 1440 mensa
1379 1370 1737 1442 contentari
1771 1370 1975 1442 solet;
2012 1365 2151 1451 jam
2186 1377 2395 1428 tamen
2431 1381 2499 1426 m

172 1475 372 1543 ‚parte
427 1483 752 1526 recessum
801 1476 903 1525 est
951 1460 1035 1526 ab
1080 1461 1188 1526 illa
1215 1462 1537 1536 libertate,
1572 1457 1725 1546 quia
1752 1477 1969 1526 curam
1998 1450 2191 1536 agitis
2221 1449 2283 1512 in
2315 1460 2497 1546 exte-

182 1546 466 1612 rioribus
523 1571 610 1612 ex
667 1561 852 1634 parte
881 1547 1178 1634 Episcopi
1198 1575 1224 1624 3
1338 1547 1468 1612 uod
1513 1546 1704 1612 etiam
1752 1541 2117 1610 amittamus
2162 1557 2379 1600 curam
2428 1555 2497 1596 m

173 1633 629 1717 ,spiritualibus
675 1657 874 1722 grave
919 1635 1181 1700 ridetur
1231 1657 1318 1698 no
1367 1635 1440 1698 is.
1523 1633 1694 1698 'Ideo
1748 1653 1883 1706 vos,
1930 1627 2045 1714 qui
2096 1624 2245 1692 estis
2296 1621 2495 1685 stater

182 1735 428 1799 noster,
463 1737 534 1785 et
562 1723 894 1788 nobiscum
925 1721 1178 1786 habetis
1209 1722 1334 1786 ista
1365 1723 1549 1798 tueri,
1582 1714 1871 1803 cogitetis
1896 1719 2037 1779 ista.
2115 1711 2281 1776 Item
2310 1720 2493 1774 vacat

173 1807 308 1889 jam
361 1807 708 1892 prioratuS,
757 1831 875 1872 nec
919 1825 1132 1893 potest
1174 1807 1400 1908 aliquis
1447 1808 1685 1872 habere
1714 1825 1933 1868 curam
1967 1801 2032 1864 in
2064 1793 2494 1884 spiritualibus

168 1909 248 1956 .et
295 1895 766 1980 temporalibus
809 1894 1016 1972 simul,
1055 1895 1168 1960 nisi
1206 1896 1454 1962 Prior.'’
1547 1894 1651 1961 Ad
1684 1893 1824 1956 haec
1864 1885 2220 1961 Henricus3
2270 1893 2311 1928 ‘⁴
2338 1881 2492 1946 Non

179 1981 400 2064 aspiro
451 1982 536 2045 ad
592 1985 964 2066 prioratum,
1015 1984 1128 2046 sed
1187 1981 1539 2067 Episcopus
1560 1984 1719 2067 jam,
1754 1976 2037 2063 prioratu
2070 1983 2358 2047 vacante,
2392 1983 2493 2034 est

181 2066 630 2139 immediatum
678 2067 890 2153 capud
915 2070 1231 2144 ecclesias,
1265 2085 1332 2134 et
1361 2068 1508 2132 ideo
1540 2091 1667 2130 non
1700 2065 1913 2132 audeo
1946 2062 2006 2126 ei
2036 2082 2163 2124 non
2199 2054 2485 2123 obedire.

187 2154 569 2223 ostendatis
619 2154 773 2218 mihi
827 2157 1152 2241 quomodo
1200 2157 1508 2226 offensam
1550 2151 1887 2240 Episcopi,
1922 2171 2111 2236 quam
2166 2146 2491 2210 incurrere

179 2242 360 2317 nole,
423 2258 496 2307 et
553 2243 933 2307 sententiam
991 2245 1130 2328 ejus
1178 2243 1246 2306 in
1301 2265 1402 2306 me
1459 2242 1651 2308 latam
1709 2241 1994 2322 effugere
2046 2235 2317 2310 valeam,
2362 2247 2487 2298 aut

179 2327 414 2393 faciam
449 2353 600 2415 quae
629 2329 971 2414 injunxit.’'
1039 2329 1540 2414 Responderunt
1564 2329 1693 2406 alii,
1734 2338 1775 2370 ‘⁶
1804 2327 1936 2391 Ista
1968 2344 2189 2395 ornnes
2223 2337 2485 2402 tangere

179 2429 312 2478 tam
365 2415 436 2480 in
477 2415 674 2481 Cellis
703 2439 896 2502 quam
943 2416 1006 2480 in
1051 2419 1271 2493 domu,
1307 2431 1374 2480 et
1403 2415 1541 2480 sine
1572 2416 1693 2478 illis
1725 2437 1851 2478 non
1884 2410 2193 2496 expedire
2224 2427 2489 2492 respon·

177 2501 403 2570 dere.''
501 2503 861 2586 Respondit
893 2503 1242 2580 Henricus,
1297 2514 1344 2545 ‘⁶
1375 2503 1458 2567 Se
1508 2519 1719 2568 tamen
1762 2499 2128 2566 ‘nullatenus
2180 2507 2487 2581 expecta-

179 2589 468 2656 turum.”
576 2589 872 2653 Tandem
926 2589 1150 2654 habito
1199 2604 1495 2667 tractatu,
1547 2612 1691 2655 curn
1747 2586 2015 2652 consilio
2074 2584 2247 2670 quod
2304 2580 2481 2650 domi

169 2691 339 2752 ,ei-at,
377 2690 536 2746 ⁷erat
582 2676 670 2739 sic
717 2691 1042 2762 argutum.
1133 2676 1452 2761 Supprior
1506 2675 1759 2741 mobilis
1810 2689 1909 2739 est
1954 2672 2036 2736 ad
2086 2671 2483 2742 voluntatem

179 2761 452 2830 Prioris.
547 2761 906 2848 Expirante
953 2763 1146 2847 igitur
1181 2762 1633 2848 jurisdictione
1692 2761 1949 2837 Primis,
1996 2759 2257 2830 ,videtur
2286 2755 2481 2820 etiam

175 2849 481 2933 expirare
517 2848 882 2933 jurisdictio
927 2850 1298 2934 supprioris,
1353 2863 1422 2914 et
1467 2850 1560 2918 sic
1606 2847 1690 2921 ad
1720 2847 2111 2933 superiorem
2144 2865 2327 2916 suurn
2361 2843 2481 2905 im-

175 2937 560 3010 mediatum,
595 2935 1012 3022 Episcopum,
1045 2935 1290 3000 scilicet
1320 2935 1603 3008 devolvi.
1690 2936 1885 3010 Item,
1936 2933 2073 2996 dies
2120 2930 2274 3002 mali
2307 2943 2475 3002 sunt,

176 3036 240 3086 et
269 3037 544 3107 oportet
581 3045 696 3089 nos
724 3022 1240 3090 condescendere
1275 3023 1602 3108 Episcopo
1633 3037 1872 3098 nostro,
1904 3021 2073 3106 quia,
2099 3017 2151 3081 si
2174 3017 2481 3081 vellemus

173 3127 402 3173 contra
462 3130 608 3174 cum
663 3108 1078 3187 contendere,
1141 3109 1583 3176 Eboracenses
1644 3122 1869 3173 contra
1934 3127 2052 3168 nos
2119 3117 2288 3177 sunt,
2352 3121 2475 3166 nec

178 3210 516 3264 tuerentur
561 3218 698 3272 υοε,
747 3211 816 3260 et
851 3197 1208 3282 Episcopus
1238 3198 1456 3260 omnia
1481 3212 1701 3260 nostra
1731 3194 2153 3266 confiscaret3
2212 3189 2476 3253 obedia·

175 3304 314 3346 mus
361 3305 524 3348 ereo
577 3282 902 3368 Episcopo
953 3282 1104 3369 quia
1149 3281 1430 3346 maxime
1475 3283 1629 3346 odio
1660 3283 1847 3346 unius
1880 3301 2189 3366 perseum,
2224 3277 2475 3360 suppri-

166 3372 300 3439 oris
331 3369 604 3448 scincet,
640 3373 763 3434 ista
814 3371 1072 3453 exigit.]
1165 3369 1477 3434 Exercuit
1536 3368 1731 3458 igitur
1790 3367 2083 3432 dominus
2144 3361 2475 3429 Henricus

171 3477 388 3520 curam
424 3455 488 3519 in
521 3455 984 3542 temporalibus
1013 3470 1078 3521 et
1107 3455 1540 3540 spiritualibus
1573 3479 1771 3542 usque
1800 3455 1883 3520 ad
1916 3451 2469 3520 confirmationem

167 3543 362 3614 futuri
410 3543 624 3608 electi.
723 3543 1040 3628 Supprior
1085 3557 1300 3607 tamen
1347 3542 1780 3608 confessiones
1826 3542 2109 3616 audivit3
2156 3555 2222 3605 et
2261 3540 2323 3602 in
2355 3539 2469 3612 ,ah-

163 3631 372 3703 sentia
395 3629 702 3725 p'raedicti
740 3629 1008 3696 Hem-ici
1039 3630 1527 3718 congregationi
1558 3628 1831 3722 praefuit.
