3000 5117
851 513 1254 575 nonanus
1309 523 1410 574 ns
1466 521 1985 574 cananum.
2426 499 2559 574 Η)

141 691 178 800 [
218 685 372 774 jure
418 689 642 772 potuit
685 697 800 750 aut
841 684 1160 770 compelli.
1257 682 1609 750 Notificata
1638 697 1737 750 est
1766 683 1905 750 liaec
1936 685 2297 772 appellacio
2330 687 2539 756 Priori

231 775 296 839 in
341 773 624 840 ecclesia
671 773 1116 850 Dunelmensi,
1163 770 1270 838 die
1297 771 1502 836 sancti
1535 771 1813 836 Thomoe
1848 773 2345 855 cantuariensis,
2380 775 2539 840 inii-a

232 861 500 940 Natale‚
533 861 700 928 hora
729 881 982 945 magnoe
1013 858 1246 937 missae,
1275 881 1450 924 anno
1477 857 1889 944 supradict03
1926 861 2035 926 ubi
2074 860 2281 940 Prior,
2312 885 2538 930 accen-

225 949 316 1014 sis
345 948 662 1027 candelis,
693 947 764 1012 in
793 947 942 1013 navi
959 945 1268 1024 eeclesioe,
1297 967 1453 1010 eum
1475 947 2057 1014 excommunicavit
2082 969 2232 1014 cum
2252 971 2537 1018 commu-

227 1035 620 1114 nicantibus,
667 1033 1296 1101 excommunicatum
1350 1031 1826 1119 pronunciavit.
1920 1036 2289 1124 Antequam
2322 1051 2537 1108 tamen

225 1123 682 1190 notificaretur
717 1121 928 1186 Priori
957 1120 1098 1186 haec
1127 1118 1498 1206 appellatio,
1530 1119 1873 1206 scripserat
1906 1121 2115 1187 Priori
2144 1138 2215 1190 et
2240 1125 2399 1204 aliis,
2434 1150 2535 1194 ro-

407 1225 482 1275 ut
505 1209 850 1276 licenciam
861 1227 1230 1274 concessam
1249 1221 1456 1273 ratam
1475 1207 1767 1284 haberet,
1792 1222 1863 1274 et
1879 1207 2095 1274 literas
2112 1215 2539 1282 revocatorias

223 1297 620 1375 adnullaret,
645 1312 718 1362 et
755 1295 850 1362 sic
891 1309 1120 1362 contra
1145 1293 1469 1360 neminem
1500 1293 1743 1382 aliquid
1774 1296 1843 1360 in
1876 1295 2077 1362 Curia
2104 1309 2535 1386 attemptaret,

223 1384 348 1450 sed
395 1383 454 1450 si
507 1384 744 1461 nollet,
763 1405 890 1468 pro
938 1381 1121 1448 nullo
1161 1381 1541 1460 dimitteret,
1566 1382 1725 1468 quin
1770 1381 1947 1482 quod
1990 1384 2385 1469 cogitaverat
2426 1413 2541 1456 ex-

223 1483 600 1559 equeretur.
695 1469 964 1558 Scripsit
1003 1469 1200 1536 etiam
1231 1467 1673 1535 communitati
1712 1483 2123 1556 episcopatus
2176 1494 2407 1559 rogans
2456 1500 2537 1544 ne

223 1558 486 1624 sinistra
537 1558 624 1624 de
669 1580 754 1626 eo
793 1557 1151 1633 crederent,
1181 1557 1336 1644 quia
1377 1556 1462 1620 ad
1510 1555 1854 1622 utilitatem
1884 1557 2199 1636 ecclesiae,
2232 1561 2319 1626 ad
2346 1565 2540 1630 redu*

223 1646 516 1738 cendum
573 1643 1068 1730 hospitalitatem
1128 1659 1192 1706 et
1243 1642 1625 1708 elemosinas
1682 1658 2043 1722 consuetas,
2102 1646 2271 1714 dixit
2326 1672 2395 1716 se
2450 1656 2534 1719 ad

227 1733 499 1799 Curiam
531 1733 782 1800 adiisse.
881 1728 1176 1796 Adhaesit
1226 1732 1244 1794 i
1294 1731 1424 1796 itur
1469 1729 1579 1795 uni
1630 1730 1959 1798 Cardinali
2022 1733 2087 1798 in
2149 1735 2365 1813 Curia,
2420 1763 2535 1826 per

223 1843 426 1908 quem
473 1817 700 1886 habuit
729 1819 1087 1904 ingressum
1115 1817 1200 1882 ad
1289 1832 1498 1903 epam,
1532 1831 1601 1882 et
1622 1833 2009 1906 conquestus
2038 1834 2138 1887 est
2164 1823 2251 1889 de
2308 1825 2532 1894 Priore

223 1929 370 1986 suo,
419 1907 661 1985 dicens,
715 1927 866 1970 eum
909 1903 1423 1992 dilapidatorem,
1455 1903 1699 1970 ordinis
1735 1905 2205 1993 dissipatorem,
2251 1927 2317 1976 et
2348 1917 2535 1980 variis

222 1993 604 2059 criminibus
661 1992 1026 2069 irretitum;
1111 2005 1180 2057 et
1239 2015 1282 2056 o
1331 1992 1524 2057 tinuit
1578 1992 1961 2079 rescriptum
2018 1997 2101 2060 ad
2161 1999 2533 2098 episcopum

223 2079 768 2158 Dunelmensem,
829 2079 916 2145 ad
973 2079 1264 2166 inquiren
1315 2101 1420 2144 um
1493 2100 1689 2165 super
1746 2079 1891 2158 hiis,
1936 2095 2005 2147 et
2060 2089 2533 2170 corrigendum,

221 2167 408 2256 quod
477 2182 694 2252 posset
742 2165 1104 2267 Episcopus
1155 2165 1368 2232 facere
1415 2165 1799 2232 auctoritate
1846 2169 2107 2256 propria
2172 2173 2291 2239 etsi
2358 2176 2537 2263 Papa

219 2276 360 2319 nou
417 2255 806 2320 mandasset.
876 2253 1285 2340 Scripserunt
1333 2267 1545 2319 tamen
1598 2276 1717 2339 pro
1770 2255 2012 2335 Priore,
2072 2258 2239 2338 Rex,
2302 2263 2529 2328 Archi..

219 2343 570 2428 episcopus
621 2341 1058 2418 Eboracensis,
1104 2341 1442 2428 episcopus
1492 2341 1971 2421 Dunelmensis,
2018 2361 2245 2413 contra
2274 2371 2533 2436 sugges*

225 2431 438 2494 tiones
499 2429 760 2494 alterius
823 2427 1072 2494 veritati
1133 2426 1575 2494 testimouium
1630 2429 2060 2514 perhibentes.
2188 2433 2530 2504 Nitebatur

221 2529 446 2584 tamen
500 2517 858 2602 Episcopus
909 2537 1058 2580 eum
1099 2515 1300 2580 Priori
1333 2539 1452 2582 suo
1482 2515 1681 2600 priori
1709 2517 2143 2598 reconciliare,
2178 2521 2413 2590 instans
2462 2543 2533 2593 ut

221 2603 362 2667 sine
394 2626 594 2689 poena
635 2603 816 2688 gravi
864 2616 1078 2688 posset
1105 2601 1362 2668 reverti.
1465 2601 1653 2667 Prior
1684 2627 1835 2668 vero
1866 2607 2199 2692 respondit
2228 2613 2405 2698 quod
2434 2639 2531 2680 se*

221 2690 512 2756 eundum
562 2691 940 2778 qualitatem
987 2687 1396 2755 contricionis
1453 2702 1525 2754 et
1580 2689 2039 2758 humiliationis
2096 2717 2231 2760 suae
2306 2701 2528 2768 inicius

221 2799 444 2858 secum
497 2791 745 2863 ageret,
805 2776 983 2842 salva
1028 2775 1096 2842 in
1143 2775 1440 2841 omnibus
1483 2775 1725 2842 ordinis
1764 2779 2121 2866 disciplina.
2220 2785 2305 2850 Et
2332 2811 2529 2876 super

221 2865 352 2930 hoc
381 2865 638 2951 scripsit
665 2863 853 2930 Prior
879 2863 1165 2930 Johanni
1187 2862 1488 2929 existenti
1520 2862 1586 2928 in
1625 2865 1841 2936 Curia.
1942 2867 2301 2957 Episcopus
2330 2879 2525 2944 etiam

221 2951 480 3038 scripsit
526 2951 610 3030 ei,
666 2973 934 3016 monens
983 2965 1056 3016 et
1106 2949 1438 3017 consulens
1491 2964 1565 3016 ut
1609 2951 1869 3032 rediret,
1900 2955 2293 3040 adjutorium
2340 2987 2527 3028 suum

221 3041 634 3126 promittens,
669 3052 744 3104 ut
771 3037 1266 3104 misericorditer
1299 3039 1716 3123 reciperetur,
1758 3051 1827 3104 et
1855 3042 2153 3128 benigne.
2246 3049 2527 3136 Propter

221 3149 382 3212 ergo
433 3126 822 3192 monitiones
875 3125 1055 3208 istas,
1087 3126 1187 3190 vel
1236 3127 1438 3210 magis
1478 3125 1655 3212 quod
1704 3126 1941 3192 defecit
1984 3131 2261 3215 pecunia
2302 3135 2369 3200 in
2406 3139 2528 3204 cis·

223 3213 462 3291 tarciis,
497 3212 692 3280 rediit
729 3235 878 3278 cum
907 3212 1088 3278 bulla
1115 3236 1251 3292 sua,
1283 3227 1352 3278 et
1381 3225 1761 3301 quartanam
1790 3213 2031 3282 habens
2062 3217 2327 3300 febrem,
2358 3247 2527 3291 anno

227 3300 486 3382 Gratia-2
539 3321 720 3366 mccc
773 3299 1093 3366 tricesimo
1139 3299 1456 3378 secundo,
1479 3299 1548 3364 in
1603 3301 1993 3388 Septembri.
2086 3305 2339 3375 Bullam
2374 3334 2527 3380 vero

225 3387 554 3474 Episcopo
607 3386 894 3466 tradidit,
925 3385 1036 3474 qui
1076 3387 1364 3452 Priorem
1411 3387 1496 3451 ad
1549 3401 1761 3454 certos
1804 3389 1981 3456 diem
2004 3405 2067 3457 et
2100 3391 2309 3462 locum
2338 3400 2523 3466 citari

221 3473 398 3554 fecit,
429 3474 550 3541 sed
592 3473 851 3539 interim
894 3485 1254 3540 tractarunt
1297 3472 1695 3560 episcopales
1730 3497 1879 3543 cum
1914 3477 2163 3561 Priore,
2196 3490 2525 3572 quomodo

221 3575 558 3646 mansuete
603 3561 834 3626 reduci
875 3573 1120 3644 posset,
1161 3561 1446 3626 maxime
1473 3562 1627 3649 quia
1668 3563 2023 3652 Episcopus
2070 3567 2197 3636 hoc
2240 3576 2521 3658 petebat.

225 3647 592 3734 Respondit
657 3647 847 3727 Prior
891 3647 1068 3734 quod
1127 3646 1184 3713 si
1241 3647 1438 3714 bullae
1495 3671 1633 3714 suae
1690 3665 1759 3716 et
1806 3656 2131 3738 processui
2194 3664 2527 3729 renuncia-

217 3749 338 3814 ret,
371 3733 757 3801 correctioni
793 3734 1032 3799 Prioris
1072 3746 1139 3799 et
1183 3731 1448 3821 capituli
1491 3759 1563 3802 se
1588 3737 2013 3820 submitteret,
2044 3761 2319 3832 propter
2348 3772 2529 3818 reve-

217 3823 503 3888 renciam
538 3821 848 3909 Episcopi
875 3835 948 3888 et
983 3834 1304 3911 rogatum,
1337 3822 1563 3888 mitius
1586 3845 1802 3890 secum
1836 3843 2141 3912 agerent3
2188 3832 2279 3898 ita
2308 3851 2524 3904 tamen

215 3909 390 3997 quod
419 3909 506 3975 de
536 3923 831 3996 tempore
853 3924 921 3974 et
950 3931 1081 3974 non
1105 3909 1191 3974 de
1221 3909 1533 3997 qualitate
1554 3911 1946 3995 poenitentioe
1974 3915 2409 3990 remitteretur
2431 3927 2523 4003 ei;

217 4015 308 4076 ut,
339 3999 394 4061 si
423 4019 544 4082 per
586 4010 866 4082 quatuor
907 3995 1044 4062 dies
1085 3995 1354 4062 deberet
1393 4017 1537 4062 esse
1578 3997 1647 4062 in
1692 4001 2099 4082 poenitencia,
2130 4005 2345 4094 aliqua
2373 4033 2523 4077 con-

218 4083 638 4170 templatione
675 4083 1004 4170 Episcopi,
1033 4085 1468 4148 remitteretur
1512 4085 1571 4148 ei
1618 4105 1783 4150 unus
1826 4087 1969 4153 dies
2016 4089 2117 4154 vel
2148 4095 2373 4180 majus,
2406 4104 2523 4168 sed

216 4194 330 4256 per
350 4194 582 4236 omnes
655 4173 848 4236 radus
875 4168 1284 4256 poenitenciae
1315 4169 1615 4236 transiret
1630 4171 1793 4258 ipse,
1824 4174 1991 4241 sicut
2016 4197 2311 4263 apostata
2338 4186 2521 4252 alius.

201 4249 580 4345 ,Respondit
656 4259 967 4334 ohanneS,
997 4257 1175 4357 quod
1223 4257 1288 4320 in
1319 4259 1615 4324 omnibus
1644 4262 2075 4330 summitteret
2106 4287 2177 4333 se
2208 4272 2517 4340 voluntati

217 4361 278 4409 et
317 4344 548 4431 gratiae
585 4344 850 4426 prioris,
876 4344 1066 4410 salvis
1111 4344 1233 4410 sibi
1265 4358 1434 4411 statu
1467 4369 1587 4412 suo
1632 4362 1699 4412 et
1730 4348 1919 4418 fama.
1976 4353 2335 4443 Episcopus
2366 4385 2520 4428 vero

217 4433 482 4520 rogabat
538 4454 608 4498 ut
669 4455 798 4498 non
851 4445 1192 4519 cogeretur
1245 4446 1426 4583 stare2
1459 4433 1542 4499 ad
1590 4451 1862 4520 portam.
1960 4439 2363 4528 Responsum
2402 4465 2518 4524 est,

1307 4540 1352 4583 n
