3000 5117
801 510 1224 563 APPEme.
1267 510 1449 561 Asu.
1491 507 1875 561 mccccm.
2316 490 2483 565 cxci

205 672 388 737 fuerit
425 670 506 736 ad
551 670 796 759 aliquid
839 671 1230 737 beneficium
1303 671 1803 736 ecclesiasticum
1862 670 2035 757 quod
2069 670 2333 737 duxerit
2378 692 2485 737 ac-

205 760 597 844 ceptandum.
690 758 778 824 Et
841 760 894 822 si
943 760 1156 825 dictus
1204 758 1510 846 magister
1574 758 1901 823 Robertus
1960 780 2077 843 per
2184 758 2484 823 raedictos

210 846 480 911 Priorem
504 859 572 910 et
595 844 986 945 Capitulum,
1007 860 1120 911 aut
1139 866 1533 910 successores
1558 868 1728 923 suos,
1750 845 1835 909 ad
1858 844 2097 910 curiam
2232 868 2485 911 manant

207 934 264 997 in
303 932 577 1018 negociis
623 956 752 996 suus
781 932 975 997 fuerit
1007 930 1429 1009 transmissus,
1463 932 1757 1015 proedicti
1792 931 1979 996 Prior
2008 946 2075 997 et
2110 933 2487 1018 Capitulum

206 1020 561 1085 concedunt
602 1042 722 1104 per
751 1034 1098 1105 praeseutes
1130 1018 1446 1104 praedicto
1475 1020 1783 1102 magistro
1822 1018 2117 1084 Roberto
2150 1040 2347 1083 unam
2376 1042 2491 1088 an-

205 1129 382 1171 nuam
425 1106 798 1191 pensionem
845 1122 1104 1171 centum
1159 1105 1534 1182 solidorum,
1576 1104 1843 1189 singulis
1884 1106 2066 1171 annis
2095 1106 2329 1194 quibus
2361 1122 2489 1172 ste-

206 1194 345 1258 terit
373 1192 436 1258 in
465 1193 778 1277 praedicta
809 1192 986 1259 curia
1013 1192 1080 1256 in
1112 1191 1399 1276 negociis
1430 1190 1563 1256 suis
1594 1190 1951 1277 occupatis,
1984 1192 2067 1257 de
2096 1193 2489 1259 monasterio

205 1280 280 1344 ad
321 1279 476 1345 festa
521 1280 836 1366 praedicta
879 1301 994 1365 per
1023 1279 1288 1365 equales
1318 1277 1659 1363 porciones
1690 1278 2246 1364 percipendorum.
2344 1280 2489 1347 Sol-

205 1378 464 1453 ventque
493 1369 757 1453 insuper
786 1367 996 1431 eidem
1031 1367 1338 1450 magistro
1361 1365 1656 1430 Roberto
1679 1386 1799 1450 pro
1823 1366 2121 1451 expensis
2146 1367 2277 1433 suis
2304 1366 2489 1433 itine-

206 1454 424 1518 talibus
453 1475 676 1519 versus
707 1452 946 1519 dictam
980 1452 1222 1518 curiam
1251 1474 1298 1515 x
1327 1474 1581 1515 marcas
1609 1450 2083 1537 sterlingorum,
2116 1466 2183 1519 et
2212 1474 2332 1539 pro
2374 1472 2492 1518 ex·

205 1540 401 1625 pensis
424 1541 558 1605 suis
575 1540 660 1605 de
677 1540 899 1605 eadem
923 1540 1098 1605 curia
1114 1538 1254 1604 aliis
1272 1537 1639 1603 consimiles
1651 1560 1695 1605 x
1714 1560 1960 1603 marcas
1975 1563 1994 1615 3
2018 1554 2086 1604 et
2096 1564 2217 1627 pro
2226 1538 2491 1625 singulis

210 1627 560 1711 septimanis
590 1626 824 1714 quibus
847 1627 1098 1692 steterit
1123 1626 1185 1689 in
1210 1624 1385 1690 dicta
1409 1623 1586 1690 curia
1605 1624 1669 1689 in
1691 1625 1976 1711 ipsorum
2003 1627 2282 1716 negociis
2302 1636 2493 1691 occu'-

208 1728 381 1799 patus
431 1714 658 1779 decem
721 1714 962 1779 solidos
1014 1713 1490 1797 sterlingorum.
1616 1711 1703 1776 Et
1764 1725 2006 1797 proeter
2070 1714 2215 1779 haec
2269 1716 2493 1779 omnia

211 1800 441 1883 praefati
527 1800 720 1865 Prior
807 1812 875 1865 et
956 1799 1330 1886 Capitulum
1426 1796 1817 1863 ordinabunt
1900 1822 2219 1885 expensas
2292 1801 2497 1865 omni-

211 1887 415 1953 modas
495 1909 658 1974 quas
741 1887 940 1952 bulloe
1025 1885 1420 1972 Apostolicae
1522 1906 1647 1971 pro
1728 1884 1859 1950 suis
1932 1886 2219 1975 negociis
2293 1888 2497 1973 impe-

214 1974 444 2039 trandae
518 1988 588 2039 et
663 1973 948 2059 ipsorum
1023 1972 1355 2058 promocio
1432 1973 1714 2055 exigunt
1788 1985 1857 2037 et
1928 1974 2287 2060 requirunt.
2407 1975 2496 2039 Et

213 2081 343 2124 cum
395 2060 742 2146 praedictus
803 2059 1104 2145 magister
1169 2060 1494 2123 Robertus
1550 2060 1633 2123 ab
1686 2060 1913 2123 eadem
1965 2061 2146 2126 curia
2206 2061 2495 2141 redierit,

213 2146 482 2231 praedicti
518 2148 708 2213 Prior
737 2161 805 2212 et
840 2146 1214 2233 Capitulum
1240 2168 1328 2210 ex
1359 2144 1637 2210 uberiori
1669 2144 1845 2209 dono
1876 2146 2109 2230 graciae
2132 2148 2497 2213 concedunt

213 2233 504 2315 praedicto
555 2234 866 2319 magistro
921 2233 1216 2299 Roberto
1262 2255 1380 2319 per
1423 2244 1767 2317 praesentes
1798 2254 1993 2297 unum
2025 2256 2305 2299 annuam
2338 2257 2497 2319 pen-

213 2319 432 2385 sionem
523 2320 762 2409 uinque
806 2342 1184 2399 marcarum,
1215 2342 1550 2407 quousque
1582 2340 1697 2404 per
1726 2316 1893 2403 ipsos
1916 2336 2248 2405 promotus
2278 2322 2494 2401 fuerit,

213 2420 486 2492 utsupra
535 2408 736 2472 ictum
783 2423 902 2486 est,
949 2408 1034 2473 de
1079 2407 1473 2471 monasterio
1516 2406 1844 2471 annuatim
1877 2408 1960 2472 ad
1993 2408 2152 2473 festa
2184 2408 2498 2495 praedicta

213 2512 317 2577 per
359 2494 618 2581 equales
672 2495 1008 2580 porciones
1053 2493 1626 2579 percipiendarum.
1740 2493 1829 2558 Et
1882 2495 2023 2558 vult
2076 2508 2143 2560 et
2196 2495 2498 2561 concedit

214 2582 540 2663 praedictus
565 2584 873 2666 magister
907 2580 1232 2645 Robertns
1264 2602 1379 2666 per
1402 2594 1771 2664 praesenteS,
1804 2582 1981 2667 quod
2012 2604 2130 2668 pro
2163 2595 2304 2648 toto
2334 2596 2499 2647 tem-

211 2686 354 2750 pore
403 2692 532 2755 quo
585 2669 933 2753 praedictus
979 2670 1286 2751 magister
1341 2666 1667 2731 Robertus
1716 2666 1779 2730 in
1826 2667 2003 2734 curia
2052 2670 2345 2735 Romana
2374 2692 2499 2757 pro

211 2754 516 2835 praedictis
563 2756 846 2840 negociis
891 2754 1314 2839 expediendis
1355 2753 1625 2831 steterit,
1660 2766 1733 2818 ut
1763 2756 2143 2840 proedictnm
2176 2769 2298 2835 est,
2332 2779 2501 2843 prae-

213 2837 370 2906 dicta
409 2864 628 2907 annua
671 2842 895 2927 pensio
934 2862 1026 2904 ιιι,
1055 2841 1405 2907 solidorum
1431 2853 1637 2905 cesset
1668 2840 1951 2919 omnino,
1986 2856 2051 2907 et
2079 2866 2197 2928 per
2226 2844 2499 2929 proedic-

212 2938 336 2991 turn
383 2930 761 3014 magistrum
815 2928 1174 2994 Robertum
1220 2928 1579 2992 nullatenus
1625 2926 1874 2996 levetur
1913 2950 2034 2994 nec
2086 2932 2495 3016 percipietur.

216 3012 334 3078 Sed
360 3037 474 3099 pro
504 3028 650 3081 toto
681 3032 974 3101 tempore
998 3015 1112 3080 illo
1135 3014 1447 3100 praedicta
1475 3034 1691 3077 annua
1717 3012 2023 3098 pensione
2056 3030 2315 3081 centum
2347 3018 2499 3081 soli-

212 3098 422 3165 dorum
463 3102 634 3167 ultra
661 3124 974 3188 expensas
1001 3124 1146 3167 suas
1179 3099 1523 3187 proedictas
1553 3098 1635 3162 sit
1664 3114 2025 3170 contentus.
2120 3103 2207 3167 Et
2236 3125 2383 3167 cum
2414 3104 2499 3169 ab

213 3187 418 3252 eadem
459 3189 642 3254 curia
669 3187 956 3267 redierit,
991 3204 1122 3253 tarn
1167 3187 1481 3272 proedicta
1524 3207 1739 3250 annua
1766 3186 1991 3271 pensio
2020 3208 2111 3253 xl,
2144 3189 2497 3255 solidorum

211 3294 384 3359 quam
434 3274 753 3361 praedicta
801 3296 1016 3341 annua
1048 3273 1271 3360 pensio
1301 3287 1559 3343 centum
1590 3271 1943 3339 solidorum
1974 3275 2235 3341 omnino
2266 3290 2495 3355 cesset,

213 3375 272 3423 et
295 3360 520 3427 deinde
543 3384 662 3448 per
691 3360 1072 3448 praedictum
1104 3384 1166 3425 m
1257 3360 1476 3427 'strum
1506 3360 1873 3425 Robertum
1897 3362 2254 3428 nullatenus
2284 3364 2503 3431 leven·

214 3456 310 3510 tur
337 3470 450 3513 nec
477 3447 936 3534 percipientur.
1019 3450 1150 3515 Sed
1169 3384 1272 3513 Ἑ
1295 3446 1605 3534 praedicta
1632 3469 1846 3512 annua
1875 3452 2191 3533 pensione
2213 3452 2499 3539 quinque

215 3552 550 3601 marcarum
595 3535 833 3601 abinde
878 3534 1162 3601 totaliter
1189 3535 1272 3599 sit
1303 3545 1663 3599 contentus.
1760 3534 1835 3600 In
1864 3536 2045 3622 cujus
2088 3540 2181 3603 rei
2214 3538 2501 3605 testimo-

213 3617 372 3685 nium
421 3622 714 3707 partibus
763 3622 958 3708 hujus
1003 3622 1364 3688 indenturoe
1415 3632 1629 3706 partes
1659 3622 1971 3706 predictae
2000 3626 2209 3712 sigilla
2252 3648 2369 3691 sua
2411 3626 2501 3692 al-

217 3710 490 3774 ternatim
547 3722 1030 3795 apposuerunt3
1079 3710 1296 3795 quoad
1347 3706 1833 3795 apposicionem
1886 3711 2075 3799 sigilli
2132 3713 2375 3778 Prioris
2432 3727 2501 3779 et

220 3790 484 3879 Capituli
532 3795 992 3882 praedictorum
1042 3794 1198 3861 data
1243 3795 1310 3859 in
1363 3796 1563 3859 domo
1617 3810 1839 3862 nostra
1882 3798 2217 3884 capitulari
2249 3799 2503 3863 Dunel-

215 3881 420 3959 mensi,
490 3894 726 3970 quarto
791 3883 900 3948 die
968 3883 1202 3948 mensis
1263 3880 1441 3959 Julii,
1506 3883 1722 3967 quoad
1780 3884 2261 3971 apposicionem
2312 3884 2363 3947 si
2413 3884 2503 3948 ‘lli

215 3967 488 4049 praedicti
540 3968 829 4055 magistri
891 3969 1164 4035 Roberti
1213 3971 1366 4035 data
1420 3966 1720 4045 Eboraci,
1773 3986 2006 4037 octavo
2052 3970 2159 4037 die
2211 3906 2503 4057 ejusdam

215 4054 450 4137 mensis,
479 4078 654 4123 anno
685 4056 954 4123 Domini
982 4056 1316 4123 millesimo
1349 4074 1519 4121 cccc
1556 4054 1777 4121 tercio.
