3000 5117
829 520 1248 591 Arpssnmx.
1289 521 1477 573 ANN.
1520 522 1856 572 MCCCCV.
2287 500 2497 573 cxciii

378 986 634 1033 cmxvu.
681 987 1010 1032 mennon
1067 988 1414 1033 concssssa
1465 988 1805 1033 WALTERO
1858 988 2191 1035 El’lscol’o
2232 989 2321 1032 UT

817 1072 1204 1119 emtum-un
1237 1070 1451 1119 muta
1482 1074 1891 1123 accusemu-

1094 1186 1256 1259 [Reg.
1281 1188 1360 1239 11.
1378 1188 1418 1240 f.
1448 1191 1559 1239 184.
1586 1190 1609 1253 ]

297 1301 858 1371 Reverendissimo
887 1301 953 1366 in
985 1302 1245 1367 Christo
1273 1302 1440 1387 patri
1459 1324 1578 1367 suo
1606 1320 1676 1367 et
1706 1302 1971 1367 domino
2005 1302 2327 1379 Waltero,
2362 1302 2495 1367 Dei

211 1391 413 1473 gracia
445 1390 772 1476 Episcopo
807 1388 1252 1465 Dunelmensi,
1285 1388 1681 1453 devotissimi
1711 1388 1826 1453 filii
1854 1384 2182 1455 Jobannes
2221 1388 2403 1453 Prior
2430 1402 2497 1453 et

219 1476 591 1543 Conventus
613 1474 1080 1540 -Danelmensis
1112 1475 1424 1552 ecclesiae,
1456 1474 1917 1552 obedienciam,
1944 1476 2402 1554 reverenciam,
2428 1489 2497 1540 et

213 1560 531 1639 honorem,
567 1584 716 1627 cum
760 1560 1250 1646 promptissimis
1293 1561 1525 1625 animis
1554 1560 1635 1625 ad
1665 1562 2070 1646 placendum.
2163 1561 2495 1625 Reveren-

213 1648 460 1712 dissime
489 1662 682 1733 pater
709 1662 776 1712 et
803 1647 1081 1725 domine,
1110 1670 1258 1712 cum
1303 1647 1661 1713 secundum
1692 1648 2017 1733 religionis
2042 1660 2281 1711 nostrae
2310 1646 2490 1711 insti-

213 1746 344 1798 tuta
389 1747 458 1799 et
517 1734 770 1799 monita
813 1748 1149 1799 teneamur
1195 1754 1317 1818 pro
1374 1734 1605 1797 nostris
1676 1734 2193 1799 benefactoribus
2250 1733 2498 1797 solicite

213 1816 558 1885 Dominum
606 1842 900 1897 exorare,
955 1834 1028 1885 ut
1075 1820 1160 1885 de
1211 1820 1556 1897 beneficiis,
1589 1842 1734 1906 quae
1782 1820 1967 1886 nobis
2012 1819 2223 1903 largiti
2254 1833 2401 1885 sunt
2432 1820 2501 1883 in

210 1905 396 1985 terris,
429 1924 658 1973 eterna
684 1908 749 1971 in
791 1906 973 1973 coelis
1015 1907 1285 1992 praemia
1327 1921 1825 1994 consequantur,
1856 1906 2236 1971 mentalibus
2268 1906 2500 1969 nostris

212 1994 394 2058 oculis
425 1994 668 2060 intimis
691 1995 1206 2079 contemplantes
1231 2007 1389 2080 quot
1419 2008 1486 2057 et
1508 2008 1749 2081 quanta
1770 1992 2113 2079 paternalis
2136 1992 2497 2057 affeccionis

211 2079 374 2165 signa
399 2079 886 2146 evidentissima
912 2093 1122 2145 vestra
1141 2080 1326 2145 nobis
1349 2080 1711 2164 benignitas
1728 2078 2074 2165 saepissime
2096 2081 2500 2145 demonstra-

212 2166 310 2243 vit,
340 2167 736 2253 indigencias
757 2184 1008 2231 nostras
1035 2188 1153 2249 per
1172 2166 1508 2232 facultates
1553 2166 1733 2231 vobis
1762 2190 1803 2231 a
1830 2168 1982 2231 Deo
2012 2166 2195 2231 datas
2223 2164 2500 2251 plurime

211 2254 566 2333 relevandO,
629 2253 970 2338 collegium
1029 2267 1318 2317 nostrum
1372 2252 1749 2319 Oxoniense
1800 2253 1885 2317 ab
1928 2252 2377 2317 adnullacione
2429 2264 2499 2316 et

210 2340 638 2406 destruccione
695 2342 950 2425 pissime
1055 2340 1462 2417 reservando,
1541 2342 1927 2405 vestimenta
1997 2354 2065 2405 et
2124 2352 2503 2403 ornamenta

212 2426 481 2491 ecelesiae
511 2426 806 2511 preciosa
832 2362 1122 2510 largiffue
1141 2426 1559 2502 conferendo,
1584 2440 1652 2491 et
1671 2426 2023 2511 presertim
2054 2426 2135 2491 ad
2168 2442 2501 2489 construc-

213 2512 444 2577 cionem
462 2512 853 2590 dormitorii,
878 2514 964 2577 ad
987 2527 1267 2577 nostram
1298 2512 1585 2611 requiem
1610 2535 1745 2597 proe
1770 2513 1927 2576 locis
1956 2513 2181 2579 ceteris
2212 2510 2501 2595 speciali-

213 2610 304 2661 ter
347 2599 665 2683 deputati,
718 2621 1030 2683 expensas
1077 2598 1515 2663 liberalissime
1566 2598 2211 2679 effundendo„vestri
2255 2620 2504 2661 memo-

213 2684 358 2749 riam
399 2686 466 2749 in
496 2685 903 2751 oracionibus
951 2685 1180 2749 nostris
1223 2685 1585 2769 specialiter
1612 2685 1851 2750 habere
1882 2708 1968 2749 ex
1998 2685 2221 2750 debito
2251 2684 2497 2769 obliga·

213 2794 364 2841 mur.
457 2773 682 2851 Unde,
737 2772 888 2837 licet
933 2772 1336 2837 honorabiles
1382 2772 1881 2856 proedecessores
1934 2772 2129 2836 vestri
2186 2770 2251 2835 in
2303 2772 2501 2837 domo

213 2872 415 2923 nostra
441 2858 782 2944 capitulari
805 2880 888 2923 ex
905 2858 1370 2923 consuetudine
1395 2858 1747 2945 antiquitus
1771 2860 1898 2923 sint
1918 2858 2176 2942 sepulti,
2210 2859 2499 2943 exceptis

214 2962 492 3029 quatuor,
547 2966 823 3032 quorum
879 2966 1151 3028 corpora
1196 2958 1456 3029 propter
1500 2944 1841 3029 specialem
1893 2944 2302 3009 affectionem
2335 2946 2503 3009 infra

213 3032 526 3096 ecelesiam
579 3043 731 3095 sunt
781 3031 1069 3107 humata,
1102 3042 1178 3095 ut
1229 3052 1482 3115 semper
1526 3052 1672 3094 cum
1718 3030 1786 3093 in
1830 3030 2035 3096 choro
2076 3030 2382 3095 stabimus
2413 3033 2500 3097 ad

211 3116 509 3181 orandum
541 3116 736 3185 vestri
760 3130 826 3181 et
869 3117 1354 3181 benefactorum
1384 3130 1743 3182 vestrorum
1773 3115 2149 3181 memoriam
2178 3117 2501 3183 retencius

213 3214 550 3282 teneamus,
599 3204 896 3267 volumus
926 3215 994 3267 et
1041 3203 1466 3281 licenciamus,
1522 3216 1618 3279 ut,
1673 3216 2011 3289 postquam
2063 3224 2209 3267 cum
2257 3205 2501 3289 pietate

213 3288 660 3355 dormicionem
711 3290 1110 3374 acceperitiS,
1160 3289 1386 3375 spiritu
1433 3289 1518 3353 ad
1552 3288 1905 3353 Dominum
1936 3302 2231 3368 evocato,
2264 3314 2501 3378 corpus

214 3390 475 3441 vestrum
525 3376 596 3440 in
655 3390 840 3460 parte
899 3375 1127 3441 boriali
1177 3376 1360 3439 chori
1409 3375 1635 3452 nostri,
1668 3374 1734 3439 in
1788 3374 1935 3440 loco
1978 3397 2173 3461 quem
2202 3378 2494 3463 eligistiS,

213 3461 563 3544 sepeliatur,
621 3461 686 3525 in
731 3476 994 3545 aspectu
1054 3460 1394 3527 manifesto
1451 3474 1818 3526 nostrorum
1870 3463 2202 3527 oculorum
2227 3488 2249 3541 3
2294 3478 2366 3530 ut
2395 3469 2498 3543 ‚vi-

217 3546 426 3613 dentes
477 3563 968 3613 monumentum
1010 3560 1292 3618 vestrum
1338 3569 1711 3613 moneamur
1739 3548 1821 3613 ad
1852 3549 2189 3627 orandum,
2224 3565 2299 3617 ut
2326 3556 2501 3640 opti-

215 3652 368 3697 matn
396 3636 747 3719 repositam
776 3633 1056 3718 graciam
1091 3632 1318 3699 habeat
1329 3633 1408 3712 is,
1437 3632 1715 3699 dicendo
1742 3634 1981 3699 devote
2014 3638 2213 3720 “ejus
2246 3640 2312 3703 in
2344 3662 2504 3726 pace

215 3740 346 3783 cum
392 3720 684 3785 Domino
733 3720 944 3785 anima
989 3722 1343 3806 requiescat
1385 3722 1498 3807 qui
1538 3742 1655 3804 pro
1682 3736 1905 3785 nostra
1929 3724 2151 3807 requie
2182 3729 2503 3810 corporali

213 3804 456 3871 divicias
485 3828 634 3870 suas
665 3806 1110 3872 habundantes
1139 3805 1472 3871 effundere
1499 3808 1895 3875 consuevit.”
1968 3807 2043 3871 ln
2072 3830 2349 3895 quorum
2372 3827 2505 3877 tes-

216 3891 532 3957 timouium
563 3891 838 3975 sigillum
869 3905 1158 3957 nostrum
1181 3914 1525 3957 commune
1546 3893 1971 3977 praesentibus
1994 3908 2097 3959 est
2122 3916 2498 3979 appensum.

217 3974 376 4043 Data
403 3979 468 4042 in
499 3980 702 4044 domo
729 3991 950 4043 nostra
977 3978 1334 4064 capitulari,
1365 3992 1555 4045 sexto
1584 3979 1691 4045 die
1708 3978 2017 4058 Januarii,
2036 4002 2208 4045 anno
2231 3981 2499 4048 Domini

215 4063 536 4130 millesimo
565 4073 787 4131 cccc¹¹²⁰
819 4081 1073 4154 quarto.
