3000 5117
469 369 649 447 cclvi
950 388 1155 443 msr.
1188 392 1545 444 nussam.
1585 390 2054 443 semp-ronss
2081 394 2296 444 Tuas.

462 554 620 619 mihi
676 553 861 619 deest
919 553 1231 619 'retribuat
1276 552 1414 637 ipse
1468 554 1678 618 Deus.
1787 552 1939 627 Qua
1996 567 2262 641 propter
2311 558 2796 640 paternitatem

462 654 739 707 vestram
768 639 1383 716 reverendissimam,
1414 654 1729 725 quantum
1775 638 2076 705 humilius
2107 662 2374 726 possum
2404 647 2676 731 requiro
2713 664 2796 713 et

458 751 644 817 roge,
675 727 995 816 quatinus,
1029 726 1261 814 siquid
1288 748 1407 811 per
1436 748 1540 789 me
1571 726 1710 789 fieri
1747 726 1972 811 possit,
2007 728 2072 792 in
2105 728 2334 814 quibus
2366 730 2796 799 dominacio-

457 817 554 879 nis
589 830 818 879 vestrae
864 812 1271 899 beneplacita
1298 812 1558 877 valeant
1602 812 1960 897 adimpleri,
1995 814 2151 879 mihi
2197 817 2502 880 mandare
2529 819 2788 909 digne·

456 902 616 969 mini
660 904 780 966 sub
822 913 1173 987 praecepto,
1222 920 1367 963 cum
1412 913 1672 983 paratus
1719 922 1862 964 sum
1899 922 2052 965 cum
2083 901 2257 965 omni
2304 902 2676 971 humilitate
2711 924 2792 976 et

456 988 947 1055 mansuetudine
966 986 1191 1051 vestris
1220 985 1536 1050 mandatis
1567 998 1633 1050 et
1663 987 1985 1074 obsequiis
2013 1010 2132 1073 pro
2155 1010 2343 1072 posse
2373 990 2438 1054 in
2462 994 2788 1060 omnibus

456 1098 707 1163 parere.
807 1075 893 1140 Et
927 1073 1226 1160 quaedam
1270 1072 1687 1137 familiaribus
1731 1074 1957 1137 vestris
1985 1076 2267 1140 Johanni
2301 1077 2643 1162 Gargi-ave
2709 1098 2786 1148 et

454 1163 719 1229 domino
787 1160 1113 1227 Edwardo
1183 1160 1485 1245 Clayton,
1555 1173 1790 1224 vestrae
1855 1161 2288 1227 dominacioni
2362 1168 2783 1233 reverendis-

452 1250 653 1327 simae,
698 1249 753 1313 si
781 1248 1053 1334 placeat,
1085 1246 1443 1323 reserenda,
1492 1247 1960 1311 commendavi.
2036 1248 2126 1314 Et
2153 1263 2428 1315 vestram
2461 1256 2782 1337 praeemi-

450 1339 741 1402 nenciam
798 1334 1192 1421 paternalem
1247 1334 1333 1398 ad
1382 1332 1640 1399 salubre
1685 1333 1971 1419 regimen
2022 1348 2090 1400 et
2143 1336 2410 1401 tutelam
2459 1341 2773 1407 ecclesiae

450 1436 686 1488 vestrae
746 1419 1203 1487 Dunelmensis
1273 1420 1540 1485 roboret
1605 1432 1672 1485 et
1737 1420 2004 1505 inspiret
2071 1422 2352 1508 Spiritus
2411 1424 2776 1495 increatus.

454 1510 709 1595 Scripta
770 1506 1101 1586 Dunelmi,
1178 1517 1293 1571 xv⁰
1348 1506 1457 1572 die
1531 1505 1766 1572 mensis
1845 1506 2010 1573 Maii
2067 1530 2238 1575 anno
2298 1510 2570 1579 Domini
2627 1518 2774 1583 διο.

450 1600 792 1665 xxxvn1‘0.

618 2010 907 2059 ccxvln.
956 2009 1283 2056 mentem
1344 2011 1688 2057 CONCESSA.
1747 2013 2021 2056 DOMINO
2070 2012 2386 2057 JonANnx
2451 2014 2582 2057 HR-

622 2098 873 2142 WORTH
938 2096 1279 2143 MONAcno
1340 2098 1798 2143 DUNELMENSI
1867 2100 1956 2143 AD
2018 2100 2576 2144 menanufflnum

620 2184 985 2230 Anclomna
1018 2182 1464 2229 mtmeNEM
1499 2186 1575 2230 m
1609 2186 1984 2233 HIBERNIA.

1277 2326 1441 2396 [neg.
1462 2326 1576 2378 111.
1597 2324 1690 2377 f01.
1715 2328 1833 2405 sss.
1859 2326 1936 2395 a}

540 2465 871 2533 Universis
934 2464 1171 2531 Christi
1228 2463 1526 2531 fidelibus
1577 2464 1662 2530 ad
1721 2486 1882 2551 quos
1933 2479 2268 2550 presentes
2327 2466 2536 2532 literae
2593 2492 2753 2555 per-

439 2553 757 2631 venerint,
812 2552 1165 2629 JohanneS,
1213 2551 1630 2635 permissione
1677 2550 1898 2615 divina
1955 2552 2142 2617 Prior
2184 2553 2472 2618 ecclesiae
2517 2558 2752 2622 cathe-

434 2640 632 2704 dralis
656 2688 663 2694 .
686 2638 1165 2717 Dunelmensis,
1217 2639 1491 2704 salutem
1543 2639 1612 2703 in
1659 2637 1946 2703 Domino
1975 2628 2450 2725 sempiternam.
2545 2644 2746 2723 Cum,

430 2726 791 2791 secundum
827 2727 980 2811 jura
1006 2725 1335 2803 canonica,
1366 2725 1702 2811 religiosus
1733 2725 2022 2825 quisque,
2055 2727 2141 2790 ob
2173 2728 2420 2813 {iugem
2454 2729 2748 2796 melioris

433 2828 509 2878 et
536 2812 873 2877 sanccioris
908 2812 1079 2891 vitaz,
1110 2812 1485 2897 religionem
1520 2826 1728 2897 potest
1761 2812 2008 2898 ingredi
2029 2814 2361 2893 arciorem,
2383 2814 2747 2882 dummodo

432 2900 523 2965 ad
574 2900 641 2965 id
692 2900 1136 2987 peragendum
1182 2922 1327 2965 cum
1371 2900 1738 2965 humilitate
1767 2922 1844 2963 ac
1875 2899 2154 2985 puritate
2184 2900 2518 2966 licenciam
2551 2925 2594 2967 a
2620 2926 2746 2971 suo

430 2989 765 3073 superiore
809 2988 1068 3053 duxerit
1112 2988 1589 3073 postulandum,
1635 2998 1702 3051 et
1732 2987 1944 3051 locum
1969 2987 2279 3051 invenerit
2310 2987 2520 3073 ipsum
2553 3010 2746 3075 para-

434 3088 573 3139 tum
625 3074 931 3161 recipere,
976 3074 1127 3139 hinc
1172 3090 1272 3139 est
1324 3075 1495 3162 quod
1547 3072 1629 3138 ad
1675 3088 1949 3139 vestram
1981 3073 2288 3139 noticiam
2316 3097 2584 3141 reveren

430 3160 810 3225 deducimus
856 3183 973 3245 per
1025 3174 1391 3247 proesenteS,
1422 3161 1599 3249 quod
1628 3160 1956 3227 Iohannes
1993 3160 2330 3238 Heworth,
2361 3184 2744 3229 commona-

428 3247 589 3312 chus
628 3262 695 3311 et
721 3248 1040 3313 confi-ater
1068 3262 1282 3313 noster
1310 3249 1374 3312 in
1408 3262 1634 3313 nostro
1664 3247 2056 3313 monasterio
2088 3248 2534 3329 Dunelmensi,
2562 3252 2744 3317 ordi-

432 3356 580 3398 nem
634 3336 838 3399 sancti
894 3335 1231 3401 Benedicti
1284 3357 1585 3420 expresse
1616 3335 1953 3419 professus,
1981 3348 2050 3399 et
2078 3334 2142 3397 in
2176 3335 2402 3400 ordine
2433 3339 2738 3405 sacerdo·

428 3420 574 3485 ciali
620 3442 738 3505 per
789 3419 999 3507 plures
1045 3444 1245 3488 annos
1290 3422 1576 3507 legitime
1607 3424 2016 3499 constitutus,
2049 3421 2384 3487 licenciam
2413 3423 2738 3491 arciorem

430 3506 810 3594 religionem
853 3508 1279 3592 ingrediendi,
1337 3511 1447 3573 ubi
1495 3510 1580 3574 ob
1611 3508 1882 3573 salutem
1914 3506 2146 3573 animae
2175 3532 2310 3574 suae
2339 3509 2734 3595 singularius

428 3607 496 3659 et
540 3593 827 3659 sti-iccius
875 3596 1024 3661 Deo
1068 3610 1281 3680 posset
1328 3596 1674 3675 deservire,
1722 3620 1764 3661 a
1804 3596 1993 3661 nobis
2041 3619 2188 3660 cum
2234 3597 2552 3662 instancia
2594 3620 2738 3665 non

418 3681 674 3747 modica
730 3681 939 3768 sepius
998 3684 1367 3767 postulavit.
1452 3682 1595 3747 Nos
1656 3706 1808 3747 vero
1855 3682 2158 3768 peticioni
2205 3706 2342 3747 suae
2385 3686 2728 3750 consenci-

422 3784 625 3848 entes,
674 3771 759 3834 ad
800 3768 1283 3859 ingrediendam
1330 3770 1611 3857 aliquam
1655 3770 2029 3855 religionem
2061 3772 2370 3834 arciorem
2403 3770 2574 3836 infra
2607 3772 2738 3837 Hi-

424 3856 732 3937 berniam,
778 3871 847 3922 et
891 3858 954 3921 in
1002 3856 1227 3923 eadem
1262 3856 1568 3943 profiteri,
1600 3859 1950 3922 secundum
1971 3856 2134 3940 juris
2165 3857 2590 3944 exigenciam,
2629 3860 2738 3923 in·-

420 3944 517 4009 fra
560 3966 795 4008 annum
843 3936 893 4009 a'
912 3944 1063 4010 data
1092 3943 1510 4030 presencium,
1545 3944 1718 4008 omni
1748 3943 2170 4008 excusacione
2201 3942 2429 4009 frivola
2461 3962 2734 4031 postpo-

418 4032 560 4109 sita,
608 4043 920 4118 quantum
962 4031 1047 4097 ad
1093 4054 1211 4096 nos
1254 4030 1554 4117 pertinet,
1590 4031 1916 4096 licenciam
1947 4030 2360 4094 concedimus
2377 4033 2730 4116 specialem

416 4140 539 4203 per
579 4135 946 4202 praesenteS.
1046 4119 1253 4203 Igitur
1280 4118 1759 4183 universitatem
1795 4130 2069 4182 vestram
2103 4118 2386 4182 intimius
2417 4120 2730 4205 depreca-

420 4226 582 4282 mur,
631 4204 927 4291 quatinus
972 4204 1148 4271 dicto
1192 4206 1474 4273 Johanni
1513 4205 1846 4282 Heworth,
1881 4204 2344 4270 commonacho
2376 4220 2621 4285 nostro,
2655 4208 2725 4272 in

414 4294 517 4355 sui
568 4291 813 4376 negocii
860 4292 1283 4377 expedicione
1328 4292 1610 4357 favorem
1659 4308 1935 4357 vestrum
1987 4291 2267 4356 caritatis
2313 4292 2550 4359 intuitu
2583 4296 2726 4379 dig-

417 4376 654 4443 nemini
707 4376 1042 4463 impartiri.
1138 4380 1212 4445 In
1258 4380 1435 4465 cujus
1481 4379 1574 4445 rei
1609 4374 2040 4446 testimonium
2088 4378 2364 4467 sigillum
2423 4396 2723 4447 nostrum
