3000 5117
462 362 790 437 CClXXXVl
930 386 1132 437 HIST.
1176 382 1535 433 DUNELM.
1579 381 2040 431 SCRIPTORES
2079 384 2287 436 TRES.

460 549 808 616 servandis,
908 547 1073 611 Item
1107 568 1267 609 unus
1287 543 1454 607 calix
1486 556 1823 626 argenteus
1857 559 1923 607 et
1947 544 2311 612 deauratus,
2414 548 2580 612 Item
2611 548 2760 613 dum

460 638 634 701 fiolae
695 659 764 701 ar
812 649 1006 711 entae,
1070 654 1340 719 quarum
1404 652 1531 695 una
1589 631 1916 695 deaurata.
2042 634 2204 696 Item
2251 655 2377 697 una
2423 637 2644 699 casula
2675 640 2760 701 de

457 726 661 789 rubeo
694 746 785 787 we
818 736 980 785 weto
1010 722 1286 785 brodata
1315 739 1460 781 cum
1493 720 1584 805 ’ΞΘ
1614 716 1957 796 coronatis„
1993 742 2136 783 cum
2169 722 2318 785 alba
2347 720 2430 786 de
2465 723 2762 789 welweto

458 810 733 877 brodata
776 832 920 874 cum
968 808 1123 896 glut.
1221 805 1385 869 Item
1434 826 1632 867 unum
1684 804 2132 869 vestimentum
2167 808 2247 871 de
2279 830 2499 891 panno
2531 834 2758 888 antec,

456 920 604 963 cum
636 897 802 963 stola
831 910 898 961 et
932 892 1254 975 manipulo
1280 906 1345 956 et
1376 890 1714 975 corporali.
1811 890 1977 955 Item
2003 894 2133 959 duo
2158 896 2541 961 vestimenta
2563 898 2760 976 bona,

454 1007 727 1073 quorum
783 1004 979 1049 unum
1037 981 1302 1045 rubeum
1344 980 1427 1043 de
1478 1000 1692 1063 panno
1741 998 1960 1056 aurem,
1995 994 2060 1044 et
2093 982 2265 1045 aliud
2301 983 2384 1045 de
2430 984 2583 1049 albo
2617 986 2764 1049 wel-
2857 1019 2862 1025 ¹
2965 1014 2967 1037 ι

456 1086 647 1151 weto,
682 1091 825 1136 cum
857 1068 1055 1135 stellis
1088 1066 1296 1131 aureis
1327 1064 1591 1129 intextis
1625 1078 1692 1127 et
1723 1065 1936 1152 orfray
1968 1090 2111 1131 cum
2143 1070 2578 1155 ymaginibuS,
2613 1095 2761 1135 cum

455 1160 638 1237 albis,
688 1158 890 1236 stolis,
939 1154 1297 1241 manipuliS,
1346 1151 1572 1238 palliis,
1609 1152 1985 1216 frontalibus
2016 1168 2082 1218 et
2113 1156 2558 1240 corporalibus
2591 1160 2762 1243 ejus-

457 1248 606 1311 dem
638 1260 855 1311 sectae.
948 1244 1111 1307 Item
1143 1242 1274 1305 duo
1307 1238 1498 1323 panni
1545 1240 1860 1323 scevynde
1893 1242 2239 1326 [stevynde
2270 1244 2338 1324 P]
2369 1266 2491 1327 pro
2523 1262 2760 1311 ornatu

454 1334 691 1399 altaris.
785 1333 947 1397 Item
980 1329 1111 1393 duo
1142 1328 1339 1415 panni
1364 1326 1493 1391 albi
1525 1325 1764 1411 depicti
1789 1348 1932 1389 cum
1957 1329 2362 1417 ymaginibus
2397 1354 2518 1415 pro
2549 1334 2760 1398 altari.

459 1421 625 1485 Item
678 1420 808 1489 duo
862 1416 1056 1503 panni
1108 1415 1236 1480 albi
1290 1436 1407 1499 pro
1459 1414 1962 1499 quadragesima,
1997 1438 2144 1479 cum
2191 1418 2493 1482 crucibus
2541 1414 2762 1487 rubeis

450 1504 942 1591 superconsutiS.
1042 1502 1205 1567 Item
1268 1500 1401 1565 duo
1452 1498 1853 1588 manutergia
1898 1502 2256 1585 pendencia
2313 1528 2432 1589 pro
2479 1506 2758 1575 locione‚

454 1595 623 1661 Item
671 1616 867 1660 unum
915 1590 1185 1667 missale,
1220 1587 1393 1675 quod
1442 1588 1614 1672 prius
1649 1586 1766 1649 fuit
1797 1586 1880 1651 ad
1912 1588 2112 1652 altare
2141 1592 2344 1655 sancti
2382 1594 2758 1659 Cuthberti.

457 1681 628 1747 Item
664 1702 859 1745 unum
890 1676 1219 1763 paxbrede
1252 1688 1626 1759 argenteum
1657 1688 1724 1739 et
1749 1674 2150 1740 deauratum.
2247 1678 2411 1743 Item
2435 1704 2564 1747 uua
2587 1706 2764 1747 cam-

451 1789 622 1853 pana
653 1784 957 1867 argentea
986 1777 1051 1829 et
1082 1764 1410 1829 deaurata.
1507 1760 1671 1825 Item
1707 1782 1899 1823 unum
1933 1763 2248 1829 diurnale.
2346 1766 2508 1831 Item
2555 1793 2758 1835 unum

450 1855 856 1939 portiforium
932 1850 1345 1937 portativum.
1474 1848 1637 1912 Item
1699 1870 1897 1911 unum
1957 1849 2360 1933 portiforium
2423 1877 2758 1939 magnum,

452 1942 780 2041 quondam
810 1938 1121 2004 Johannis
1159 1939 1455 2012 Fossour,
1488 1956 1635 1999 cum
1670 1936 2012 1999 firmaculis
2043 1941 2359 2025 argenteis
2391 1956 2456 2005 et
2487 1942 2764 2011 deaura-

450 2044 550 2094 tis,
643 2029 811 2093 Item
867 2048 1062 2089 uuum
1120 2024 1482 2111 psalterium
1547 2043 1691 2085 cum
1753 2020 2020 2087 historia
2077 2026 2316 2091 Christi
2379 2028 2642 2113 depicta
2692 2034 2762 2095 in

446 2114 763 2202 principio
807 2112 1118 2199 ejusdem.
1238 2111 1408 2174 Item
1467 2107 1702 2173 diversi
1735 2110 1932 2192 panni
1986 2112 2067 2175 de
2123 2112 2308 2176 viridi
2355 2137 2472 2199 pro
2523 2121 2762 2203 tapetis

450 2216 599 2268 ante
652 2202 875 2277 altare,
936 2213 1003 2263 et
1048 2198 1455 2281 bankqueres
1511 2218 1626 2280 pro
1675 2196 1966 2260 scabellis
2014 2198 2272 2263 ibidem.
2370 2202 2536 2266 Item
2587 2228 2760 2271 unus

448 2311 697 2376 pannus
740 2286 994 2352 blodius
1046 2308 1248 2349 novus
1294 2306 1415 2371 pro
1462 2296 1681 2367 tapeta
1731 2299 1880 2347 ante
1924 2285 2146 2350 altare.
2240 2288 2408 2352 Item
2440 2290 2529 2374 iiij
2563 2294 2760 2378 qwis-

448 2378 643 2443 shons
702 2377 786 2440 de
846 2373 1088 2450 blodio,
1135 2371 1219 2436 de
1267 2392 1463 2457 opere
1515 2370 1928 2435 Norwicensi.
2022 2373 2188 2437 Item
2221 2374 2310 2459 iiij
2345 2375 2760 2465 bankqueres

444 2464 684 2551 paliata
706 2462 789 2527 de
821 2460 1003 2525 viridi
1034 2473 1099 2525 et
1126 2460 1352 2524 rubeo.
1475 2457 1640 2521 Item
1675 2480 1866 2521 unum
1901 2459 2308 2525 armariolum
2339 2484 2580 2529 novum
2629 2492 2759 2553 pm

446 2553 761 2636 compotis
792 2546 1264 2614 conservandis,
1337 2547 1501 2610 Item
1533 2544 1705 2609 aliud
1737 2545 2148 2610 armariolum
2181 2570 2299 2633 pro
2331 2550 2510 2615 libris
2533 2570 2758 2619 custo-

445 2639 717 2703 diendis.
779 2636 947 2700 Item
996 2634 1037 2719 ij
1086 2634 1462 2719 suppellicia
1490 2654 1609 2715 pro
1639 2632 1872 2696 clerico
1903 2634 2192 2717 capellae.
2268 2636 2430 2700 Item
2453 2642 2484 2725 j
2509 2662 2755 2726 magna

444 2726 639 2790 archa
690 2746 837 2788 cum
879 2725 1067 2785 armis
1122 2720 1321 2806 Regis
1364 2718 1636 2803 Angliae,
1673 2741 1792 2803 pro
1823 2720 2015 2784 rebus
2047 2720 2482 2807 imponendis·
2579 2730 2754 2795 Item

446 2814 593 2898 iiij⁰r
626 2809 1011 2875 candelabra
1038 2810 1121 2873 de
1151 2806 1490 2872 auricalco.

530 2900 847 2965 JOCALM.
943 2895 1021 2960 In
1080 2894 1315 2980 primiS,
1371 2894 1437 2957 in
1486 2894 1806 2958 Cssmmo
1840 2916 1986 2959 vmt
2021 2918 2148 2961 una
2175 2899 2358 2981 pecia
2389 2900 2570 2986 larga
2603 2926 2754 2971 cum

443 2984 829 3073 cooperculo
882 2985 1049 3047 bene
1094 2982 1478 3067 ponderanS,
1513 2981 1792 3046 exterius
1825 2995 2069 3047 tantum
2103 2984 2428 3051 deaurata.
2527 2991 2752 3078 Itemj

441 3074 622 3159 pecia
654 3073 859 3137 minor
881 3092 1027 3135 cum
1058 3068 1443 3153 cooperculo
1469 3068 1731 3132 interius
1757 3082 1822 3134 et
1845 3070 2126 3133 exterius
2149 3072 2474 3143 deaurata.
2579 3079 2756 3145 Item

430 3162 459 3247 j
514 3159 695 3245 pecia
740 3159 934 3243 plana
976 3179 1121 3221 cnm
1155 3154 1563 3240 cooperculO,
1597 3155 1660 3217 in
1703 3178 1831 3242 qua
1859 3156 2306 3243 insculpuutur
2335 3162 2468 3225 duo
2503 3186 2750 3236 versus.

437 3248 639 3331 OEussu
686 3257 831 3329 ttss'u
876 3243 1008 3318 ὓίῖῦ
1050 3253 1298 3314 tutum.
1389 3242 1560 3304 Item
1605 3264 1736 3305 una
1780 3265 1990 3328 cuppa
2033 3266 2178 3307 cum
2225 3252 2620 3332 cooperculo
2651 3276 2758 3318 ar.

435 3348 670 3417 genteo
698 3345 871 3395 stans
901 3351 1091 3413 supra
1121 3346 1247 3392 tres
1294 3328 1632 3412 leopardos
1663 3328 2023 3407 deauratos,
2057 3354 2204 3394 cum
2235 3355 2363 3397 una
2393 3357 2641 3404 corona
2687 3344 2755 3405 in

436 3420 803 3483 summitate
858 3415 1241 3499 cooperculi.
1341 3414 1509 3479 Item
1547 3416 1575 3499 j
1611 3416 1792 3499 pecia
1822 3440 1967 3481 cum
2001 3421 2389 3503 cooperculo
2421 3444 2574 3488 cum
2609 3428 2754 3513 ‘3132

435 3504 753 3591 insculpto
808 3504 871 3567 in
920 3503 1282 3569 summitate
1314 3502 1699 3587 cooperculi.
1797 3504 1956 3568 Item
1992 3526 2117 3569 uua
2141 3508 2326 3591 pecia
2355 3509 2551 3595 plana
2598 3536 2750 3578 cum

436 3591 823 3678 cooperculo
870 3590 1141 3653 habente
1192 3588 1433 3653 nodum
1481 3590 1678 3655 latum
1728 3604 1792 3655 et
1837 3592 2214 3656 deauratum
2263 3594 2326 3656 in
2374 3602 2750 3667 summitate

432 3677 815 3765 cooperculi.
894 3678 1062 3741 Item
1094 3697 1158 3739 v1
1194 3679 1393 3761 pcciae
1414 3693 1737 3761 argenteae
1763 3676 1968 3761 planae
1993 3701 2138 3741 cum
2173 3680 2368 3745 literis
2403 3686 2474 3767 ᾒΒ
2507 3687 2624 3761 Qffl,
2649 3688 2750 3753 in..

432 3769 693 3855 sculptis
726 3766 789 3830 in
819 3764 1033 3829 fundis
1064 3764 1431 3840 earundem,
1466 3763 1654 3827 unius
1685 3778 1899 3831 sectae.
1999 3764 2164 3829 Item
2197 3767 2322 3832 alia
2347 3771 2534 3854 pecia
2551 3774 2752 3857 plana

432 3858 635 3921 fracta
680 3854 743 3917 in
784 3854 1087 3918 bordum.
1181 3851 1347 3915 Item
1383 3850 1423 3933 ij
1457 3850 1704 3934 pixides
1737 3864 2060 3935 argenteae
2091 3852 2418 3920 deauratae
2449 3880 2576 3943 pro
2603 3864 2748 3946 pul-

431 3966 604 4019 vere,
661 3942 776 4006 viz.
828 3964 953 4005 una
1003 3942 1214 4027 plana,
1272 3950 1339 4001 et
1383 3936 1508 4000 alia
1559 3938 1876 4023 insculpta
1897 3960 2040 4003 cum
2083 3941 2291 4004 verbis
2325 3943 2752 4023 zssencuftmg

430 4034 597 4105 neuz
624 4032 699 4101 ίη
728 4029 928 4101 nuniz
958 4029 1147 4103 §uim
1239 4024 1405 4088 Item
1440 4023 1478 4107 ij
1517 4024 1662 4087 olloe
1711 4039 2054 4109 argenteae,
2090 4026 2338 4111 singula
2369 4030 2746 4096 continente

434 4138 625 4181 unam
672 4115 960 4197 lagenam
990 4137 1007 4189 3
1056 4125 1120 4177 et
1162 4110 1303 4175 aliae
1336 4111 1484 4174 duae
1516 4110 1663 4174 ollae
1695 4124 2037 4194 argenteoe,
2073 4113 2326 4192 singula
2357 4117 2745 4183 continente

431 4201 761 4266 dimidiam
807 4200 1119 4285 lagenam,
1170 4219 1312 4261 cum
1347 4197 1536 4261 armis
1569 4196 1857 4261 ecclesiae
1891 4198 2351 4263 Dunelmensis
2383 4200 2448 4261 in
2480 4206 2746 4267 summi-

432 4302 567 4353 tate
614 4286 1141 4370 cooperculorum
1187 4283 1556 4347 earundem.
1639 4284 1802 4348 Item
1839 4284 1938 4371 viij
1973 4284 2121 4348 ollae
2153 4285 2234 4349 de
2258 4299 2496 4351 stanno
2531 4290 2746 4359 diver.

427 4396 641 4441 sarum
694 4394 1153 4448 mensurarum,
1205 4393 1324 4456 pro
1366 4370 1538 4436 vino.
1634 4371 1801 4435 Item
1851 4392 1924 4435 m
1961 4393 2468 4438 PnoMP'ruAmo
2515 4393 2667 4443 sunt
2703 4379 2740 4463 ij
