3000 5117
708 498 1118 550 Arrsnmx.
1177 497 1358 549 Am«.
1398 457 1858 551 mccxxxru.
2249 473 2455 549 lxxiii

260 664 410 730 Item
441 683 585 728 cum
624 661 976 746 Episcopus
1009 659 1462 725 Dunelmensis
1495 660 1731 726 habeat
1760 672 1971 724 castra
1998 658 2362 736 fortissima,
2384 672 2453 724 et

187 751 572 828 municiones,
622 749 688 812 in
739 748 1026 812 confinio
1079 748 1332 832 Angliae
1384 761 1450 812 et
1504 748 1763 824 Scotiae,
1796 759 1943 811 cum
1985 769 2171 834 reges
2211 746 2451 812 Scotioe

186 860 404 923 semper
452 848 918 902 consueverunt
969 835 1225 920 regibus
1280 834 1532 920 Angliae
1579 834 1918 913 adversari,
1951 847 2019 898 et
2070 856 2229 918 gens
2275 835 2456 920 genti

187 927 446 990 similiter
474 925 668 989 fuerit
697 923 976 1000 inimica,
1009 923 1436 1008 periculosum
1467 935 1637 987 esset
1674 922 1840 1010 Regi
1872 935 1939 986 et
1970 944 2171 1007 regno
2205 939 2275 988 ut
2304 945 2454 987 suus

187 1012 448 1078 inimicus
478 1025 544 1076 et
574 1011 816 1076 amicus
855 1009 1048 1094 Regis
1081 1011 1320 1076 Scotioe
1351 1011 1792 1095 praeficeretur
1836 1009 2077 1074 ibidem
2107 1032 2126 1086 ;
2172 1012 2455 1076 maxime

186 1121 311 1164 cum
331 1121 644 1164 summum
674 1099 912 1162 debeat
933 1120 1070 1162 esse
1093 1098 1491 1183 propositum
1516 1097 1711 1182 Regis
1741 1096 1883 1181 paci
1914 1111 1981 1164 et
2010 1099 2459 1186 tranquillitati

186 1187 518 1272 prospicere
547 1187 1002 1270 subjectorum.

262 1275 414 1339 Item
441 1273 799 1360 pericnlum
831 1288 997 1336 esset
1033 1271 1200 1355 Regi
1234 1283 1302 1334 et
1332 1292 1553 1354 reguo,
1587 1268 1637 1333 si
1669 1269 1837 1336 idem
1870 1273 2310 1358 praeficeretur
2338 1275 2461 1340 ibi-

186 1361 335 1440 dem,
365 1361 646 1428 maxime
676 1361 828 1448 quia
847 1360 1114 1425 haberet
1154 1373 1356 1422 terras
1387 1379 1532 1422 suas
1563 1358 1716 1422 sitas
1746 1359 1811 1423 iu
1841 1360 2195 1440 maritimis,
2228 1379 2295 1428 et
2314 1385 2461 1449 pos-

185 1463 268 1514 set
293 1471 404 1534 pro
433 1449 768 1514 voluntate
797 1448 934 1526 sua,
967 1461 1035 1512 et
1069 1446 1251 1530 Rege
1275 1446 1500 1523 invito,
1531 1444 1810 1510 Francos
1842 1461 1907 1511 et
1939 1447 1991 1512 F
1992 1448 2363 1516 laudi-enses
2392 1465 2459 1516 et

186 1537 323 1602 alios
357 1538 555 1622 Regis
585 1551 650 1600 et
677 1537 862 1621 regni
886 1533 1178 1618 inimicos
1210 1532 1641 1598 introducere.
1693 1543 1705 1550 ‘

261 1625 438 1702 Item,
484 1624 668 1712 quod
713 1637 1018 1710 tanquam
1064 1619 1388 1685 homicida
1432 1620 1628 1685 debet
1668 1621 1937 1706 repelli3
1982 1645 2063 1686 eo
2103 1625 2277 1710 quod
2310 1646 2460 1694 cum

186 1711 418 1798 quidam
467 1710 649 1776 istrio
691 1709 758 1774 in
802 1708 1115 1774 cimiterio
1144 1729 1266 1772 suo
1295 1707 1560 1772 cordam
1592 1731 1631 1771 a
1659 1708 1819 1772 turri
1850 1708 1934 1772 ad
1964 1722 2201 1775 turrem
2232 1711 2462 1778 exten-

185 1820 299 1862 sam
326 1800 724 1874 ascenderet,
757 1797 841 1862 de
873 1797 1204 1861 voluntate
1231 1794 1385 1859 dicti
1422 1793 1685 1872 Prioris,
1719 1794 1891 1861 idem
1924 1799 2167 1863 corruit
2194 1813 2259 1864 et
2289 1823 2463 1864 mor-

187 1899 320 1950 tuus
348 1899 474 1961 est3
503 1885 620 1972 qui
643 1884 831 1950 Prior
857 1905 976 1948 nec
1007 1883 1242 1947 talibus
1271 1881 1507 1946 illicitis
1539 1881 1767 1947 debuit
1796 1883 2129 1962 interesse,
2164 1907 2280 1951 nec
2311 1909 2465 1954 con-

183 1971 392 2036 sentire
419 1996 438 2048 3
483 1974 690 2036 immo
719 1971 945 2037 debuit
973 1991 1277 2055 expresse
1309 1969 1482 2048 talia,
1517 1991 1601 2034 ne
1632 1971 1886 2048 fierent,
1912 1971 2285 2040 inhibuisse.

258 2060 414 2124 Item
431 2059 840 2145 impugnavit
861 2059 1188 2123 libertates
1220 2057 1633 2142 Episcopales
1660 2057 2430 2126 EcclesiaeDunelmensis
2444 2086 2469 2138 ς

185 2161 242 2211 et
264 2160 394 2212 tota
430 2147 774 2212 contentio
825 2159 1006 2211 mota
1051 2145 1218 2210 inter
1251 2142 1645 2230 Episcopum
1682 2144 2031 2210 Ricardum
2062 2147 2145 2212 de
2182 2148 2467 2216 Matisco

185 2246 242 2297 et
272 2235 680 2300 conventum
710 2256 829 2320 per
860 2233 1063 2319 ipsum
1095 2245 1272 2296 mota
1299 2231 1442 2298 suit.

262 2321 421 2386 Item
472 2321 636 2386 dicit
684 2321 810 2386 alia
837 2320 1086 2385 ratione
1116 2319 1290 2406 quod
1322 2342 1450 2384 non
1481 2319 1679 2388 debet
1708 2319 1953 2405 praefici
1986 2321 2221 2388 ibidem
2248 2347 2267 2400 ;
2312 2329 2467 2414 quia

70 2393 72 2460 i
185 2405 302 2490 ipse
323 2409 655 2496 usurpavit
685 2409 1012 2474 libertates
1050 2407 1356 2472 Ecclesiae
1389 2407 1865 2485 Dunelmensis,
1902 2421 1971 2472 ut
2001 2423 2155 2495 pote
2168 2413 2471 2498 jurisdic-

185 2495 401 2560 tionem
435 2497 864 2561 Ecclesiarum
899 2518 1158 2560 suarum
1175 2495 1260 2559 de
1285 2494 1705 2572 Alvertonsir,
1737 2517 1894 2582 quas
1923 2495 2253 2562 libertates
2282 2501 2469 2585 Epis-

184 2582 308 2666 copi
345 2582 799 2649 Dunelmensis
829 2583 1178 2660 habebant,
1203 2595 1268 2646 et
1293 2581 1386 2646 eis
1429 2583 1797 2660 utebantur,
1830 2606 2033 2671 usque
2062 2585 2144 2649 ad
2178 2599 2473 2673 tempora

188 2668 469 2757 Episcopi
507 2671 774 2736 Ricardi
803 2673 913 2759 qui
941 2670 1174 2734 ultimo
1203 2669 1497 2734 decessit.
1598 2669 1796 2736 Unde
1829 2693 1977 2736 cum
2008 2671 2127 2736 hiis
2160 2673 2476 2742 libertati-

185 2756 304 2834 bus,
351 2772 418 2822 et
465 2757 631 2834 aliis,
665 2758 934 2822 eandem
989 2757 1343 2822 Ecclesiam
1394 2757 1803 2843 spoliaverit3
1849 2780 1977 2822 non
2030 2759 2225 2826 debet
2257 2763 2473 2832 eidem

187 2843 450 2929 ejusdem
485 2845 800 2910 Ecclesiae
829 2867 985 2909 cura
1013 2844 1351 2908 committi.

265 2933 422 2997 Item
454 2933 618 2998 dicit
661 2933 836 3020 quod
884 2933 1220 2997 morbosus
1248 2947 1365 3009 est,
1397 2944 1628 3018 utpote
1660 2931 2033 3001 calculosus.
2127 2934 2323 3002 Unde
2355 2959 2472 3023 po-

189 3017 316 3096 tiuS,
365 3020 418 3083 si
453 3021 597 3104 jam
649 3020 990 3105 praefectus
1038 3033 1226 3098 esset,
1285 3019 1551 3084 deberet
1602 3031 1827 3105 petere
1872 3020 2248 3102 cessionem,
2283 3047 2476 3112 quam

187 3107 362 3170 modo
390 3122 620 3193 petere
653 3107 1234 3176 confirmacionem.

263 3193 425 3258 Item
467 3193 650 3272 dicit,
684 3195 858 3282 quod
893 3209 1324 3279 transgressor
1352 3207 1448 3258 est
1475 3193 1936 3280 multipliciter,
1987 3210 2119 3262 tum
2152 3197 2304 3284 quia
2333 3221 2480 3285 per-

190 3282 476 3346 sonaliter
505 3283 792 3346 comedit
821 3305 1045 3348 carnes
1071 3297 1216 3367 post
1240 3280 1747 3367 prohibicionem
1772 3305 2027 3363 novam,
2055 3301 2121 3349 et
2143 3305 2317 3366 ante,
2340 3301 2479 3352 tum

189 3368 320 3454 quia
349 3369 682 3434 licentiam
713 3369 896 3434 dedit
924 3370 1266 3434 Monachis
1296 3370 1424 3432 suis
1455 3391 1560 3433 eas
1592 3371 1994 3435 comedendi.

263 3457 427 3522 Item
460 3456 624 3522 dicit
652 3457 828 3543 quod
851 3456 1230 3521 simoniacus
1253 3469 1374 3534 est,
1408 3478 1490 3519 eo
1520 3457 1696 3556 quod
1732 3457 2080 3524 Ricardum
2111 3459 2195 3524 de
2228 3461 2483 3529 Schire-

187 3541 382 3607 burun
433 3545 685 3628 recepit
737 3544 801 3606 in
855 3543 1280 3621 Monachum,
1323 3545 1595 3628 pecunia
1644 3545 2010 3623 mediante3
2054 3563 2123 3612 et
2152 3550 2480 3635 quendam

190 3628 385 3710 alium,
419 3631 686 3695 nomine
721 3630 1152 3708 willielmum,
1202 3631 1356 3695 data
1396 3645 1565 3695 terra
1602 3653 1719 3695 sua
1747 3634 2177 3700 Dunelmensi
2212 3637 2479 3717 Domui,

191 3737 259 3780 eo
283 3733 478 3802 pacto
508 3718 756 3802 recepit
784 3718 852 3782 ia
883 3718 1288 3783 monachum.

269 3804 430 3871 Item
462 3805 627 3870 dicit
655 3827 804 3869 eum
836 3828 974 3870 esse
1005 3805 1422 3869 simoniacum
1452 3804 1580 3869 alia
1608 3805 1874 3885 ratione,
1901 3809 2076 3896 qnod
2108 3831 2255 3874 cum
2285 3823 2483 3875 motae

192 3907 390 3958 essent
417 3892 877 3957 contenciones
905 3893 990 3957 de
1021 3894 1310 3978 pluribus
1341 3891 1763 3971 libertatibus,
1797 3909 1863 3959 et
1891 3897 2077 3959 rebus
2108 3895 2267 3974 aliis,
2314 3896 2486 3963 inter

195 3977 576 4066 Episcopum
628 3979 977 4044 Ricardum
1029 3980 1112 4044 de
1163 3978 1468 4058 Matisco,
1504 3993 1571 4044 et
1619 3980 1913 4045 Priorem
1957 3994 2025 4046 et
2072 3983 2483 4048 Conventum

197 4064 714 4144 Duuelmensem,
767 4065 862 4130 ita
911 4068 1156 4132 sedatae
1209 4065 1470 4131 fuerunt
1522 4081 1811 4152 tempore
1867 4068 2167 4154 Episcopi
2218 4069 2485 4136 Ricardi

194 4153 464 4231 secundi,
499 4154 679 4240 quod
707 4154 1022 4218 concessit
1067 4153 1156 4218 eis
1199 4153 1687 4217 advocationem
1722 4153 2013 4219 omnium
2054 4155 2486 4223 Ecclesiarum

195 4261 434 4305 suarum
463 4240 536 4304 in
583 4241 872 4318 Eborsir,
901 4265 1048 4306 cum
1090 4241 1305 4304 multis
1335 4239 1472 4304 aliis
1504 4239 1927 4318 libertatibus,
1962 4267 2043 4307 eo
2073 4260 2264 4328 pacto
2308 4247 2486 4331 quod

195 4346 314 4391 non
361 4341 628 4413 possent
678 4329 969 4394 conferre
1020 4327 1208 4392 alicui
1259 4326 1540 4414 aliquam
1589 4327 1959 4406 Ecclesiam,
1992 4330 2356 4418 irrequisito
2386 4356 2488 4399 as-

197 4434 368 4478 sensu
401 4427 472 4479 et
501 4429 810 4480 consensu
842 4437 984 4480 suo.

279 4501 444 4567 Item
474 4501 631 4568 dicit
653 4502 832 4590 quod
859 4501 1241 4568 simoniacus
1267 4514 1364 4568 est
1395 4523 1472 4566 eo
1504 4499 1681 4588 quod
1712 4502 1985 4572 contulit
2016 4503 2373 4572 Ecclesiam
2406 4507 2488 4572 de
