3000 5117
739 544 1151 597 noas-,arus
1205 545 1308 597 nn
1363 543 1881 600 cnara-rause.
2372 532 2475 600 53

57 703 98 799 [
153 705 340 772 vobis
396 707 568 772 viam
605 705 860 785 salutis,
893 717 960 774 et
1001 707 1276 774 libenter
1315 707 1566 786 vellem,
1602 721 1673 774 ut
1714 730 1831 794 per
1860 731 2003 774 eam
2044 709 2424 776 incederetis
2444 735 2469 786 ς

155 817 272 858 vos
325 795 738 880 praetenditis
788 794 1048 861 frivolas
1098 795 1569 873 excusationes,
1630 796 1915 862 dicentes
1946 818 2059 861 vos
2090 798 2471 881 ignorare-si

153 895 356 968 caput
407 882 742 960 habeatis3
803 896 876 947 et
918 903 1046 966 ego
1086 882 1236 947 dico
1265 881 1466 960 vobis,
1495 883 1673 982 quod
1708 883 1999 949 Priorem
2030 884 2317 962 habetis3
2363 885 2468 948 hic

153 985 252 1034 aet
295 968 416 1054 qui
463 991 826 1057 nuncquam
867 969 1200 1035 ‘vobiscum
1231 983 1450 1048 staret,
1484 970 1605 1034 nisi
1636 993 1763 1056 ego
1790 993 1991 1036 essem
2012 972 2073 1048 3⁹³
2116 973 2324 1058 digito
2353 972 2469 1038 de-

151 1056 548 1122 monstravit
601 1055 914 1134 Priorem,
947 1070 1016 1121 et
1037 1055 1395 1144 subjunxit,
1447 1065 1493 1100 ‘⁶
1518 1056 1695 1122 Pecii
1740 1081 1780 1124 a
1822 1057 2003 1124 vobis
2047 1060 2224 1146 quod
2254 1059 2466 1124 facere

151 1144 508 1220 tenemini3
539 1143 594 1207 si
613 1144 806 1208 vultis
825 1143 1093 1222 solvere,
1117 1143 1402 1223 solvatiS,
1427 1143 1525 1208 sin
1556 1157 1796 1223 autem,
1818 1167 2179 1233 nuncquam
2212 1170 2251 1211 a
2272 1147 2471 1212 modo

154 1231 318 1295 illud
349 1243 614 1316 petam3
659 1253 856 1317 super
897 1233 1113 1316 capita
1158 1246 1368 1297 vestra
1413 1233 1555 1295 sit.”
1636 1233 1815 1298 Sero
1844 1255 1999 1298 vero
2019 1233 2470 1318 supplicabant

152 1317 426 1406 quidam
463 1319 694 1398 Priori,
725 1333 800 1383 ut
829 1317 944 1397 eis,
971 1332 1236 1404 propter
1258 1318 1545 1407 periwla
1574 1319 1896 1398 evitanda,
1918 1320 2141 1406 palam
2166 1320 2261 1386 eis
2290 1341 2471 1385 suam

155 1406 412 1470 diceret
442 1406 864 1472 voluntatem.
928 1404 1016 1470 Et
1037 1407 1368 1492 respondit
1394 1431 1414 1483 3
1467 1415 1515 1448 “
1538 1407 1609 1472 Si
1638 1420 2031 1492 oportetme
2060 1419 2253 1484 stare,
2287 1406 2471 1471 nullo

154 1493 362 1558 modo
405 1494 596 1558 stabo
642 1493 812 1558 ultra
852 1492 1150 1579 pascha-’³
1242 1492 1331 1557 Et
1359 1493 1561 1557 frater
1588 1493 1872 1578 quidam,
1926 1504 1972 1536 ‘⁶
2000 1493 2069 1559 Si
2098 1515 2227 1559 non
2259 1507 2471 1579 potest

153 1579 346 1646 aliter
387 1581 560 1659 fieri,
591 1582 822 1646 melius
868 1603 910 1645 a
953 1581 1136 1646 nobis
1179 1580 1424 1647 bellum
1473 1579 1865 1659 inchoatum,
1904 1581 2233 1668 quomodo
2288 1581 2467 1645 Deus

155 1667 445 1732 voluenit
514 1667 880 1744 terminare,
941 1690 1134 1755 quam
1205 1666 1641 1754 prothelatum
1716 1667 1801 1732 de
1872 1689 2047 1732 novo
2116 1687 2467 1745 resumere,

159 1769 227 1819 et
255 1754 434 1819 forte
477 1754 792 1819 difficilius
839 1757 1349 1820 consummare.’'
1439 1755 1531 1819 Et
1594 1753 1781 1818 Prior
1822 1764 1868 1798 “
1898 1753 2117 1841 utique
2147 1753 2237 1819 sic
2266 1775 2468 1840 expe-

155 1841 316 1919 dit?
347 1855 418 1906 et.
463 1841 530 1904 in
573 1842 856 1906 crastino
901 1841 966 1903 id
1005 1841 1330 1928 Episcopo
1374 1840 1751 1923 intimans]
1864 1841 2069 1907 Sexto
2097 1841 2293 1928 igitur
2324 1840 2467 1906 idus

155 1927 452 1995 Januarii
511 1927 834 2012 ingressus
895 1927 1250 2013 Episcopus
1325 1929 1727 2013 Capitulum,
1800 1927 2156 1993 cessionem
2228 1928 2469 1994 Prioris

157 2015 440 2093 admisit,
473 2015 796 2100 prioratus
823 2013 918 2078 sui
949 2036 1120 2079 anno
1161 2029 1394 2102 quarto
1427 2016 1681 2080 decimo
1712 2027 1781 2080 et
1826 2015 2247 2080 monachatus
2276 2016 2469 2079 trice-

157 2105 342 2179 simo,
373 2103 790 2187 episcopatus
823 2124 976 2165 vero
1012 2100 1316 2187 Episcopi
1362 2100 1769 2183 duodecimo,
1822 2125 1995 2168 anno
2054 2124 2211 2168 vero
2239 2105 2468 2186 gratiae

163 2209 530 2266 uccnxxn,
595 2189 878 2275 fecitque
936 2189 1362 2271 provisionem
1417 2190 1709 2273 superius
1751 2203 2151 2267 annotatam,
2213 2189 2470 2274 adjecto

159 2276 364 2342 veteri
393 2275 644 2340 vivario
673 2275 760 2340 de
799 2275 1062 2352 Ketton,
1089 2275 1278 2360 signo
1305 2299 1424 2341 suo
1453 2291 1519 2340 et
1548 2276 1829 2361 Capituli
1852 2277 2283 2364 consingnari,
2315 2299 2470 2342 con-

150 2364 656 2454 flingnatamque
683 2361 850 2428 tradi
867 2363 1063 2447 jussit
1097 2363 1192 2428 H.
1227 2362 1456 2433 Priori,

457 2997 618 3044 CAP.
671 2995 800 3042 xn,
893 2995 979 3038 DE:
1029 2995 1146 3039 lus
1195 2994 1355 3047 00AE
1396 2997 1709 3043 mamma·
1756 2996 2160 3040 vAcAwlome

1131 3082 1492 3129 TEMPORE.

911 3247 1071 3314 [MS.
1093 3248 1220 3317 Cap.
1257 3263 1426 3301 cxxv·
1448 3249 1486 3300 f.
1522 3251 1621 3301 188
1645 3250 1719 3313 Β]

244 3413 598 3526 Expeditis
629 3417 1176 3502 praecedentibus,
1211 3429 1284 3482 ut
1313 3417 1559 3483 dictum
1590 3429 1710 3495 est,
1746 3417 2024 3482 surrexit
2050 3415 2311 3504 quidam
2344 3413 2469 3480 fra·

157 3516 280 3581 ter,
307 3504 642 3590 Episcopo
666 3527 1024 3570 sermonem
1043 3504 1164 3568 diri
1213 3527 1347 3582 ens,
1375 3505 1438 3567 in
1457 3504 1601 3569 haec
1631 3505 1849 3570 verba.
1898 3513 1943 3547 ‘⁶
1964 3503 2270 3581 Domine,
2304 3502 2469 3568 mul-

161 3605 298 3656 tum
329 3591 768 3678 regraciamur
786 3593 964 3657 vobis
987 3592 1070 3656 de
1098 3591 1166 3657 di
1191 3591 1462 3670 ectione,
1483 3614 1677 3679 quam
1712 3591 1965 3657 habetis
1994 3597 2096 3672 [et
2126 3591 2469 3672 habuistis]

159 3702 314 3765 erga
341 3699 466 3742 nos
492 3701 510 3754 ;
543 3693 610 3743 et
635 3701 960 3763 rogamuS,
993 3692 1066 3744 ut
1097 3681 1161 3742 in
1192 3680 1386 3743 finem
1419 3701 1535 3744 nos
1564 3679 1866 3764 diligatis.
1950 3680 2183 3764 [Nunc
2213 3678 2472 3744 dilecci-

159 3787 284 3832 one
323 3779 550 3831 vestra
591 3780 662 3831 et
706 3767 948 3832 auxilio
993 3767 1192 3849 magis
1239 3766 1620 3854 indigemus,
1670 3767 1816 3832 ideo
1868 3782 2149 3832 vestrum
2194 3779 2317 3843 est,
2352 3787 2470 3828 nos

159 3855 360 3920 modo
389 3854 558 3919 tueri
589 3866 664 3919 ut
691 3855 879 3930 filios,
913 3867 978 3917 et
1000 3853 1242 3931 fovere,
1278 3869 1348 3918 ut
1377 3876 1418 3918 a
1441 3854 1592 3918 Deo
1623 3855 1987 3920 mercedem
2030 3852 2373 3938 reportetis
2404 3865 2469 3914 et

159 3964 200 4006 a
227 3942 476 4006 mundo
507 3941 931 4028 honorem.]”
985 3939 1346 4026 Episcopus
1376 3963 1535 4006 vero
1567 3943 1961 4027 insurgendo
1990 3940 2081 4003 sic
2110 3935 2466 4022 respondit.

163 4039 204 4072 ‘⁶
229 4029 382 4118 Ego
411 4029 682 4095 multam
711 4050 1054 4116 perpessus
1083 4049 1224 4091 sum
1255 4027 1666 4113 ignominiam
1712 4042 1781 4092 et
1825 4028 2225 4112 despectum,
2274 4044 2469 4109 super

159 4137 382 4180 omnes
411 4117 917 4201 praedecessores
947 4137 1126 4180 meos
1159 4129 1204 4192 ς’
1231 4134 1300 4180 et
1331 4115 1587 4180 habebo
1610 4113 1941 4190 emendas,
1974 4134 2122 4178 cum
2152 4111 2470 4176 Dominus

161 4203 502 4271 voluerit.”
593 4205 731 4268 Vix
763 4203 1120 4292 Episcopus
1149 4219 1398 4288 portam
1429 4206 1674 4268 exierat
1706 4225 1727 4279 3
1760 4214 1826 4267 et
1851 4221 2011 4266 ecce
2042 4197 2473 4265 seneschallus

169 4289 498 4376 Episcopi,
531 4292 778 4357 ducens
821 4313 1036 4356 secum
1082 4289 1415 4356 dominum
1478 4291 1572 4355 W.
1615 4289 1891 4376 Wytebi,
1920 4286 2473 4353 constabularium

159 4377 378 4455 castri,
407 4377 742 4445 advocatis
767 4379 1152 4466 quibusdam
1185 4375 1525 4454 officiariis,
1579 4377 1669 4441 sic
1716 4377 1828 4444 ait.
1922 4385 1969 4420 “
2007 4375 2205 4440 Istum
2234 4373 2473 4439 consti·

166 4464 288 4529 tuit
314 4465 624 4530 dominus
663 4488 846 4531 meus
880 4464 1235 4551 Episcopus
1265 4463 1602 4530 custodem
1633 4464 1865 4529 domus
1893 4463 2105 4548 hujus,
2128 4462 2275 4526 loco
2314 4459 2473 4524 sui?

172 4550 248 4615 ln
291 4551 578 4617 crastino
638 4553 922 4631 veniens,
969 4553 1208 4618 vocatis
1256 4573 1414 4700 ve3ro
1464 4551 1812 4637 Suppriore
1858 4562 1927 4616 et
1968 4549 2107 4616 aliis
2158 4547 2475 4614 officiariis

1235 4658 1279 4701 n
