3000 5117
730 506 1149 557 APPENDIX.
1193 506 1375 555 ΛΚΝ.
1415 506 1931 557 mccccxxxu.
2260 508 2485 557 CCXXV

208 678 418 731 tenore
455 666 866 751 praesencium
912 684 1312 733 revocantes·
1410 667 1484 731 In
1519 668 1697 753 cnjus
1732 667 1823 732 rei
1854 664 2287 731 testimonium
2322 690 2484 753 prse-

205 752 490 830 sentibuS,
519 755 600 818 ad
629 768 916 819 nostrum
952 754 1422 839 beneplacitum
1471 753 1917 819 tantummodo
1941 754 2281 832 duraturis„
2314 756 2513 837 sigil-'

205 840 322 901 lum
371 855 654 903 nostrum
707 842 1006 906 duximus
1044 840 1519 926 apponendum.
1616 840 1793 905 Data
1823 840 2151 919 Dunelmi,
2186 841 2488 905 vicesimo

205 939 377 989 sexto
417 926 520 989 die
567 926 802 992 mensis
834 928 1100 1014 Aprilis,
1132 950 1302 993 anno
1336 927 1605 992 Domini
1648 926 1991 993 millesimo
2026 938 2267 992 cccc¹¹¹⁰
2296 931 2485 993 trice-

203 1012 349 1075 simo
375 1014 684 1079 secundo.

279 1488 284 1493 ·
363 1466 522 1514 cen.
573 1468 809 1516 FORMA
843 1470 1294 1516 DISPENSANDI
1330 1474 1476 1517 cuM
1512 1472 1855 1519 MONAcHo
1891 1470 2311 1517 DUNELMlm-

363 1554 419 1598 sl
482 1558 572 1599 An
633 1558 1124 1603 sAcssnno'rmM
1189 1560 1326 1604 PRO
1381 1552 1792 1605 Monoxx11⁰
1852 1560 2108 1605 AETA'rls
2164 1552 2310 1605 813AE

361 1643 576 1688 ANNO.

983 1758 1141 1828 [lteg.
1169 1759 1246 1811 11.
1275 1758 1426 1811 Parv.
1451 1758 1484 1810 f.
1512 1762 1579 1811 65
1602 1760 1681 1827 b.]

289 1874 610 1940 Universis
639 1888 878 1940 sanctoe
901 1878 1120 1939 matris
1143 1875 1430 1939 ecclesiae
1457 1875 1599 1939 filiis
1622 1875 1705 1939 ad
1730 1896 1891 1962 quos
1916 1888 2257 1959 praesentes
2282 1874 2483 1947 literae

205 1963 614 2046 pervenerint,
661 1962 988 2027 Johannes
1043 1962 1227 2027 Prior
1271 1962 1559 2027 ecclesiae
1602 1962 1981 2027 cathedralis
2033 1963 2488 2029 Dunelmensis

205 2049 454 2113 salutem
503 2049 572 2112 in
616 2049 928 2128 Domino,
977 2063 1043 2113 et
1091 2050 1286 2113 fidem
1334 2049 1663 2113 indubiam
1712 2049 2131 2134 praesentibus
2160 2050 2484 2119 adhibere.

209 2134 438 2200 Literas
487 2136 870 2201 sanctissimi
913 2139 978 2199 in
1017 2136 1276 2201 Christo
1321 2135 1517 2221 patris
1563 2152 1627 2201 et
1660 2136 1901 2200 domini
1932 2136 2241 2201 Johannis
2272 2138 2493 2203 divina

207 2222 598 2303 providencia
661 2224 852 2307 Papae
899 2244 1102 2301 xxm,
1152 2246 1356 2300 sanas,
1406 2222 1709 2311 integraS,
1758 2238 1827 2286 et
1873 2246 2003 2287 non
2038 2224 2316 2303 viciataS,
2350 2226 2488 2309 ejus

207 2329 342 2373 vera
380 2310 556 2375 bulla
605 2310 924 2395 plumbea,
974 2331 1152 2373 more
1191 2310 1500 2373 Romamn
1533 2310 1727 2374 curioe
1758 2309 2053 2380 bullatas,
2088 2310 2269 2374 nobis
2322 2334 2491 2398 prae-
2555 2368 2561 2376 .

205 2409 462 2461 sentatas
491 2398 852 2481 recepimus
883 2399 946 2459 in
978 2398 1119 2460 haec
1153 2398 1368 2460 verba.
1461 2407 1507 2438 “
1527 2396 1857 2460 Johannes
1887 2397 2239 2481 Episcopus
2271 2420 2489 2463 servus

207 2503 509 2547 servorum
565 2484 718 2561 Dei,
767 2483 1014 2547 dilectis
1061 2484 1204 2547 filiis
1242 2482 1446 2547 Priori
1477 2499 1544 2547 et
1580 2484 1884 2568 Capitulo
1916 2484 2201 2548 ecclesiae
2237 2484 2490 2549 Dunel-

207 2571 438 2648 mensis,
486 2571 732 2635 ordinis
775 2571 980 2635 sancti
1033 2570 1385 2646 Benedicti,
1432 2571 1704 2634 salutem
1750 2586 1817 2634 et
1845 2571 2257 2655 apostolicam
2290 2572 2491 2637 bene-

208 2654 562 2725 diccionem.
661 2658 874 2723 Sacrae
907 2656 1250 2741 religioniS,
1284 2658 1402 2721 sub
1431 2680 1559 2744 qua
1588 2658 1893 2721 devotum
1928 2673 1995 2721 et
2022 2659 2311 2722 sedulum
2346 2660 2489 2723 red-

209 2741 339 2805 ditis
371 2744 700 2809 Altissimo
729 2744 1125 2822 famulatum,
1161 2760 1561 2829 promeretur
1589 2743 1909 2820 honestaS,
1945 2758 2016 2807 ut
2046 2744 2214 2808 votis
2248 2746 2489 2824 vestris,

211 2826 266 2889 in
286 2830 396 2893 hiis
423 2831 784 2917 praesertim
815 2854 930 2916 per
957 2854 1104 2919 quae
1135 2832 1386 2894 divinus
1417 2832 1627 2895 cultus
1659 2831 1721 2893 in
1758 2848 1969 2894 vestra
1992 2832 2257 2896 ecclesia
2282 2833 2493 2897 valeat

209 2915 510 3005 adaugeri,
555 2919 991 2983 favorabiliter
1025 2940 1399 2985 annuamuS.
1496 2920 1663 2982 Cum
1710 2917 1946 3002 itaque,
1994 2918 2157 2982 sicut
2199 2920 2496 2985 exhibita

215 3004 375 3068 nobis
417 3028 626 3091 nuper
675 3028 790 3089 pro
834 3020 1014 3089 parte
1045 3018 1253 3069 vestra
1279 3005 1528 3091 peticio
1546 3003 1941 3080 continebat,
1976 3026 2091 3068 vos
2123 3026 2240 3087 pro
2273 3006 2497 3089 hujus-

211 3090 366 3155 modi
414 3093 626 3156 cultus
675 3092 1070 3157 incremento
1122 3089 1494 3155 desideretis
1545 3092 1609 3153 in
1664 3090 1891 3153 eadem
1946 3090 2213 3155 ecclesia
2257 3107 2491 3171 vestra,

211 3198 338 3259 quae
378 3179 615 3243 ordinis
648 3179 852 3243 sancti
884 3177 1224 3243 Benedicti
1255 3176 1489 3255 existit,
1525 3190 1988 3263 congruentem
2022 3178 2243 3260 vigere
2274 3199 2496 3244 uume-

111 3310 120 3315 .
210 3282 334 3326 rum
363 3266 788 3343 sacerdotum,
825 3279 897 3329 ut
927 3265 990 3329 in
1026 3265 1163 3351 ipsa
1189 3265 1474 3329 Domino
1507 3279 1821 3349 perpetuo
1852 3264 2248 3327 deserviatur
2271 3266 2496 3331 lauda-

210 3347 376 3413 bilius
420 3354 485 3416 in
533 3352 786 3428 divinis,
833 3374 951 3437 pro
997 3364 1178 3435 parte
1211 3365 1422 3415 vestra
1449 3352 1640 3415 nobis
1670 3349 1791 3415 fuit
1819 3349 2147 3415 humiliter
2177 3352 2496 3437 supplica-

211 3446 350 3514 tum,
385 3451 452 3502 ut
479 3440 690 3503 Priori
721 3439 914 3503 dictae
944 3438 1242 3516 ecclesiae,
1277 3460 1394 3522 pro
1425 3451 1715 3521 tempore
1740 3437 2060 3515 existenti,
2087 3438 2493 3522 dispensandi

210 3543 338 3585 cum
383 3526 714 3591 monachis
757 3525 1048 3611 ejusdem
1093 3525 1382 3589 ecclesiae
1428 3524 1540 3611 qui
1572 3524 1941 3588 vicesimum
1971 3527 2325 3589 secundum
2358 3550 2495 3591 suae

211 3614 398 3674 aetatis
449 3632 708 3677 annum·
737 3613 1086 3696 attigerint,
1137 3610 1312 3697 quod
1343 3612 1428 3675 ad
1473 3610 1906 3675 sacerdocium
1940 3614 2301 3695 promoveri
2332 3626 2399 3677 et
2430 3614 2497 3679 in

211 3693 306 3758 illo
335 3697 690 3763 ministrare
722 3698 995 3775 valeant,
1029 3698 1358 3763 licenciam
1389 3698 1747 3762 concedere
1779 3698 1861 3761 de
1884 3698 2283 3781 benignitate
2308 3723 2501 3785 apos-

213 3782 384 3848 tolica
433 3786 870 3885 dignaremur.
968 3786 1130 3862 Nos,
1181 3785 1394 3868 igitur,
1429 3784 1539 3871 qui
1570 3784 1935 3868 hujusmodi
1966 3787 2206 3849 cultum
2241 3808 2497 3851 conser-

212 3871 326 3932 vari
371 3870 646 3937 feliciter
689 3886 754 3937 et
801 3872 1022 3961 augeri
1053 3872 1314 3936 intensis
1345 3870 1675 3936 desideriis
1705 3871 2097 3949 affectamus,
2129 3870 2499 3955 hujusmodi

210 3958 764 4040 supplicacionibus
817 3958 1124 4036 inclinati,
1175 3971 1248 4023 ut
1301 3972 1392 4037 tu,
1441 3958 1532 4022 fili
1592 3958 1801 4034 Prior,
1832 3972 1895 4021 et
1939 3980 2330 4022 successores
2376 3961 2495 4041 tui,

218 4040 449 4109 Priores
501 4047 698 4111 dictoe
746 4046 1054 4123 ecclesiae,
1108 4045 1219 4131 qui
1265 4068 1386 4131 pro
1418 4058 1709 4131 tempore
1740 4042 2002 4120 fuerint,
2030 4065 2175 4107 cum
2208 4045 2499 4130 ejusdem

214 4129 474 4195 ecclesiae
507 4134 862 4209 monachiS,
897 4132 1318 4218 praesentibus
1349 4147 1412 4197 et
1443 4131 1693 4208 futuris,
1721 4130 1831 4216 qui
1862 4129 2235 4203 vicesimum
2266 4152 2499 4201 secun-

212 4214 348 4279 dum
396 4218 764 4304 hujusmodi
795 4220 1004 4285 aetatis
1056 4242 1294 4283 annum
1347 4217 1703 4302 attigerint,
1760 4215 2113 4280 dummodo
2165 4217 2319 4281 alias
2368 4221 2499 4289 sint

212 4301 429 4382 idonei,
475 4321 546 4372 et
593 4306 768 4371 aliud
811 4306 1190 4372 canonicum
1235 4328 1364 4369 non
1409 4306 1697 4381 obsistat,
1732 4306 2117 4368 auctoritate
2150 4307 2503 4389 apostolica

213 4386 559 4473 dispensare
605 4394 878 4477 possitis,
926 4394 1122 4481 quod·
1148 4394 1232 4458 ed
1261 4391 1631 4478 hujusmodi
1679 4390 2139 4470 sacerdocium,
2175 4394 2429 4462 statutis
2460 4424 2501 4465 a

203 4474 332 4555 jure
379 4480 796 4566 temporibus,
850 4504 918 4547 se
972 4482 1181 4547 facere
1235 4479 1617 4567 promoveri,
1651 4491 1716 4545 et
1768 4478 1837 4542 in
1881 4500 1981 4558 ec,
2029 4492 2367 4566 postquam
2411 4486 2505 4567 sic

1400 4588 1441 4630 ι·
