3000 5117
591 519 737 589 110
1070 527 1270 584 amr.
1309 527 1665 586 num-:Lm
1705 531 2161 588 semp-roam
2196 533 2403 592 mss,

585 698 669 764 ad
701 695 1067 763 habendam
1100 694 1411 781 Episcopi
1443 695 1981 762 benevolenciam·
1997 711 2063 764 et
2084 700 2211 765 alia
2236 702 2529 787 pericula
2555 705 2891 786 evitandas,

585 805 971 849 consensum
1013 793 1114 846 est
1155 805 1274 867 per
1308 782 1603 846 Priorem
1649 795 1715 846 et
1759 785 2134 868 capitulum,
2171 788 2350 874 quod
2381 790 2500 855 iste
2538 791 2895 859 Archidia-

583 893 788 935 conus
834 891 958 956 pro
1001 881 1141 932 tota
1169 870 1301 932 vita
1333 868 1640 953 Episcopi
1672 869 1943 935 haberet
1965 873 2481 957 jurisdictionem
2514 879 2578 940 in
2610 880 2909 968 singulis·

583 957 872 1022 ecclesiis·
921 956 1013 1020 eis
1052 956 1438 1040 apropriatis
1483 955 1655 1020 infra
1700 977 1919 1042 aquas,
1954 959 2037 1022 de
2080 959 2295 1024 Jarow
2328 975 2394 1026 et
2422 962 2505 1027 de
2542 961 2907 1032 Wermuth'

581 1043 902 1108 duntaxat
928 1043 1238 1126 exceptiS,
1271 1062 1419 1105 cum
1449 1041 1716 1126 capellis⁴
1744 1044 1827 1106 ab
1858 1044 1951 1108 eis
1980 1044 2515 1130 dependentibuS,
2548 1063 2617 1116 et
2642 1069 2905 1118 caetera·

583 1131 802 1195 omnia
845 1141 921 1193 ut
964 1127 1403 1213 praedecessor
1445 1149 1599 1192 suus
1628 1128 1873 1193 habuit.
1964 1131 2330 1217 Episcopus
2360 1155 2515 1200 vero
2545 1149 2612 1201 et
2642 1139 2893 1203 Archi-

579 1215 894 1280 d-iaconus
945 1235 984 1278 e
1037 1235 1350 1278 converso
1396 1229 1871 1293 concesserunt,
1918 1219 2095 1303 quod
2143 1219 2469 1306 Episcopo
2500 1223 2893 1301 decedente,
2934 1295 2944 1302 ,

583 1302 777 1367 Prior
835 1313 1097 1378 extunc„
1130 1301 1241 1386 qui
1283 1321 1406 1386 pro
1457 1319 1750 1386 tempore
1778 1301 1919 1378 fuit,
1954 1306 2039 1368 sit
2086 1305 2155 1369 in
2186 1307 2413 1371 eodem
2444 1321 2613 1374 statu
2645 1311 2713 1374 in
2747 1335 2894 1397 quo

579 1401 720 1454 erat
781 1387 974 1452 Prior
1027 1387 1174 1464 iste,
1207 1387 1277 1449 in
1325 1386 1832 1452 circumcisione
1865 1387 2157 1468 Domini,
2191 1415 2363 1458 anno
2396 1394 2669 1460 Domini
2700 1417 2909 1464 mccc

577 1475 902 1539 tricesimo
945 1475 1177 1557 prime,
1211 1486 1278 1538 et
1327 1474 1419 1537 sic
1463 1485 1561 1537 est
1602 1473 1891 1539 visitacio
1936 1478 2274 1563 protelata,
2307 1494 2373 1545 et
2403 1481 2711 1568 Episcopi
2745 1485 2899 1549 ani-

577 1581 724 1625 mus
753 1573 852 1625 est
880 1559 1189 1642 sedatus]

747 2007 1147 2087 [canxmv.
1212 2023 1301 2067 nn
1365 2015 1588 2069 csavo
1640 2023 1764 2076 om
1822 2023 2124 2071 orreum
2180 2021 2505 2070 usnemu·
2553 2021 2689 2071 raa

951 2109 1400 2156 amunrnuu
1433 2111 1586 2158 mc,
1619 2111 1756 2155 rao
1788 2107 2113 2156 umnam
2144 2113 2235 2156 nr.
2271 2112 2475 2157 aar.

1227 2253 1367 2320 [MS.
1405 2253 1536 2322 Cap.
1571 2251 1976 2308 cmxxvm..fol.
2011 2254 2113 2305 216
2146 2255 2229 2322 b.]·

662 2420 893 2508 [Anno
926 2419 1194 2483 Domini
1235 2439 1422 2484 mccc
1456 2419 1801 2483 trecesimo
1828 2415 2068 2502 primo,
2102 2432 2363 2482 mortuo
2398 2413 2753 2506 Ranulpho
2783 2425 2885 2489 de

570 2505 766 2570 Nova
785 2505 980 2582 Villa,
1027 2507 1335 2570 successit
1377 2505 1437 2568 ei
1477 2503 1884 2588 RadulphuS,
1918 2501 2093 2568 filius
2123 2503 2282 2588 ejus,
2314 2517 2471 2570 tunc
2500 2509 2875 2574 seneschal-

565 2592 668 2657 lus
728 2592 951 2678 Regis,
1002 2607 1069 2656 et
1113 2614 1408 2678 magnuS,
1455 2591 1568 2677 qui
1620 2589 2001 2655 fidelitatem
2053 2589 2207 2654 fecit
2256 2589 2602 2657 willielmo
2647 2594 2880 2661 Priori

564 2680 743 2764 apud
797 2678 1048 2744 Bellum
1106 2678 1378 2754 Iocum,
1433 2677 1500 2740 in
1554 2677 1720 2742 festo
1768 2677 1974 2741 sancti
2023 2675 2205 2740 Petri
2251 2676 2336 2740 ad
2382 2679 2658 2758 vincula,
2693 2704 2876 2748 anno

565 2766 820 2842 eodem,
847 2787 970 2850 pro
995 2765 1282 2828 manerio
1311 2763 1395 2828 de
1431 2762 1619 2850 Baby
1643 2776 1708 2827 et
1734 2763 2246 2848 pertinentibus3
2276 2765 2390 2850 qui
2412 2766 2580 2830 dixit
2609 2789 2679 2830 se
2700 2769 2875 2834 velle

565 2874 828 2916 cervum
873 2851 1127 2929 offerre,
1161 2865 1235 2916 ut
1264 2851 1715 2938 progenitores
1745 2850 1845 2914 sui
1874 2863 2363 2929 consueverant,
2396 2851 2512 2916 sed
2539 2850 2646 2915 ubi
2678 2869 2873 2938 pater

565 2961 720 3002 suus
771 2939 1057 3023 pecierat
1117 2939 1444 3002 ministros
1495 2937 1743 3001 Prioris
1788 2937 2075 2999 amoveri
2122 2949 2191 3001 et
2240 2959 2393 3001 suos
2444 2939 2720 3016 institui,
2752 2941 2873 3006 die

563 3024 930 3102 oblationis,
957 3037 1030 3089 ut
1072 3037 1251 3110 patet
1273 3021 1537 3108 supra,*
1584 3039 1875 3107 tempore
1913 3021 2179 3086 Ricardi
2208 3023 2291 3087 de
2327 3022 2555 3088 Hotou
2590 3023 2869 3105 Prioris,

561 3112 760 3196 peciit
801 3109 920 3174 iste
964 3112 1292 3174 ministros
1323 3132 1475 3172 suos
1506 3110 1871 3172 ministrare
1902 3130 2033 3172 una
2061 3130 2209 3172 cum
2240 3111 2550 3174 ministris
2582 3109 2863 3180 PrioriS.

566 3196 698 3262 Sed
749 3196 856 3259 ubi
912 3197 1111 3260 Pater
1164 3217 1318 3259 suus
1364 3217 1497 3257 non
1554 3196 1749 3278 peciit
1796 3217 1865 3257 se
1912 3194 2167 3260 admitti
2217 3217 2367 3259 cum
2419 3198 2573 3274 suis,
2622 3199 2749 3263 nisi
2772 3201 2860 3264 ad

559 3282 932 3366 prandium,
965 3282 1164 3367 peciit
1192 3283 1312 3342 iste
1340 3301 1408 3343 se
1431 3279 1686 3342 admitti
1716 3300 1833 3363 per
1860 3292 2069 3343 totum
2089 3280 2282 3356 diem,
2307 3283 2459 3346 etin
2482 3286 2869 3364 crastinum,

561 3390 768 3454 usque
819 3367 904 3430 ad
944 3366 1368 3453 jantaculum.
1463 3364 1835 3449 Respondit
1891 3364 2082 3427 Prior
2128 3367 2305 3452 quod
2352 3390 2689 3455 nunquam
2740 3372 2869 3438 suit

561 3453 646 3517 ali
697 3455 794 3517 uis
839 3453 1330 3539 progenitorum
1377 3471 1642 3514 suorum
1690 3450 1784 3514 sic
1830 3449 2171 3529 admissus,
2219 3465 2285 3515 et
2324 3453 2392 3516 in
2446 3477 2684 3520 novam
2724 3479 2869 3523 non

561 3477 889 3627 redigeret
909 3537 1242 3602 ecclesiam
1260 3537 1655 3613 servitutem,
1676 3538 1875 3601 immo
1898 3535 2203 3602 libentius
2228 3539 2571 3605 sustineret
2592 3563 2865 3608 cervum

561 3646 698 3690 nou
727 3624 965 3688 offerri.
1065 3622 1432 3708 Respondit
1461 3621 1647 3700 alius,
1680 3623 1883 3709 quod,
1915 3636 2029 3686 aut
2058 3636 2267 3687 totum
2296 3627 2637 3692 servicium
2670 3651 2865 3694 suum

561 3712 823 3788 faceret,
870 3724 982 3776 aut
1025 3709 1246 3786 nichil,
1294 3722 1360 3774 et
1401 3708 1679 3774 libenter
1707 3721 1983 3794 poneret
2012 3731 2080 3773 se
2108 3711 2177 3773 in
2206 3713 2437 3795 patria,
2472 3712 2526 3777 si
2547 3720 2864 3802 progeni-

561 3812 736 3864 tores
760 3799 860 3863 sui
890 3799 982 3862 sic
1012 3809 1478 3862 consueverant
1505 3796 1727 3881 recipi,
1753 3807 1866 3860 aut
1892 3817 2044 3859 non.
2137 3796 2329 3862 Prior
2360 3821 2513 3865 vero
2544 3799 2763 3866 timuit
2788 3829 2859 3869 se

557 3908 804 3972 ponere
849 3907 1045 3970 super
1091 3883 1389 3969 patriam,
1433 3897 1701 3968 propter
1742 3883 2100 3968 potentiam
2146 3883 2429 3962 alterius,
2462 3887 2617 3970 quia
2644 3893 2865 3972 patria

557 3974 672 4037 vix
708 3973 976 4037 auderet
1004 3969 1220 4035 dicere
1248 3970 1601 4033 veritatem.
1682 3969 2001 4046 Tandem,
2034 3967 2119 4032 ad
2148 3971 2541 4054 captandum
2571 3973 2860 4040 benevo-

558 4059 835 4124 lenciam
886 4059 1090 4143 ipsius
1145 4055 1496 4140 Radulphi,
1545 4055 1698 4140 quia
1735 4055 1847 4118 ille
1882 4077 1945 4119 m
2083 4078 2158 4121 us
2202 4069 2343 4120 erat
2370 4079 2516 4121 cum
2554 4057 2761 4146 Rege,
2796 4077 2864 4128 et

558 4147 776 4231 potuit
813 4145 882 4208 in
913 4143 1134 4208 multis
1163 4143 1376 4208 valere
1409 4140 1644 4217 Priori,
1677 4155 1744 4206 et
1786 4143 1855 4204 in
1883 4163 1995 4205 mu
2022 4143 2103 4206 tis
2133 4143 2379 4220 obesse,
2414 4143 2668 4209 dicente
2700 4170 2863 4212 con-

560 4231 706 4296 silio
739 4231 984 4295 Prioris
1013 4229 1140 4292 hoc
1161 4228 1284 4292 sibi
1305 4227 1749 4312 praejudiciale
1772 4249 1907 4292 non
1932 4250 2088 4306 esse,
2114 4231 2434 4294 concessit
2459 4228 2652 4295 Prior
2673 4237 2855 4319 quod

558 4316 673 4380 illa
702 4319 838 4381 vice
867 4316 1108 4380 faceret
1133 4316 1200 4378 in
1229 4313 1439 4378 forma
1460 4337 1591 4399 qua
1618 4315 1825 4397 petiit,
1855 4314 2024 4379 facta
2051 4329 2265 4380 tamen
2298 4317 2474 4398 prius
2503 4317 2859 4386 indentura

560 4403 731 4469 inter
771 4425 905 4480 ρος,
938 4400 1114 4488 quod
1144 4422 1228 4466 ex
1257 4401 1384 4465 hoc
1413 4401 1584 4464 facto
1616 4421 1735 4465 nec
1764 4416 2162 4467 accresceret
2190 4406 2300 4467 uni
2331 4404 2503 4488 parti
2537 4405 2638 4470 vel
2669 4407 2861 4472 alteri

1423 4581 1448 4605 ⁰
1493 4573 1591 4626 Sec
1614 4573 1789 4636 above,
1823 4589 1870 4639 p.
1898 4577 1981 4630 7⁴-
