3000 5117
1048 452 1468 505 APPENDIX.
2235 438 2428 515 xxvii

168 612 467 683 ecclesiam
522 615 601 680 de
636 613 1002 690 Houeden;
1050 614 1383 679 ecclesiam
1412 616 1495 681 de
1532 615 2038 701 Brantiugham3
2084 620 2424 688 ecclesiam

168 708 235 771 de
267 705 569 769 Welletun
596 727 615 780 3
662 699 995 767 ecclesiam
1024 702 1107 766 de
1147 700 1569 771 Walchintun.
1667 702 1742 769 ln
1775 702 2070 771 Eboraco
2093 708 2428 775 ecclesiam

169 806 375 857 sanctae
424 790 797 865 Trinitatis3
844 789 1175 855 ecclesiam
1222 788 1307 855 de
1347 790 1682 866 Bruntun3
1726 802 1794 855 et
1825 793 2160 859 ecclesiam
2191 795 2274 861 de
2311 798 2426 861 Al·

170 896 400 955 verton3
486 902 635 943 cum
685 876 985 942 omnibus
1044 876 1453 963 pertinenciis
1513 877 1662 943 suis.
1755 878 2168 969 Quicumque
2227 882 2426 969 igitur

170 966 525 1053 supradictas
568 965 1006 1051 possessiones
1042 963 1249 1029 Priori
1294 977 1361 1029 et
1404 964 1734 1030 monacbis
1763 988 2096 1033 concessas
2125 968 2428 1057 deinceps

172 1053 487 1131 violaverit,
541 1054 646 1117 vel
698 1051 1052 1128 abstulerit,
1084 1051 1242 1116 sciat
1272 1074 1340 1117 se
1370 1052 1756 1117 auctoritate
1784 1056 2138 1139 apostolica
2165 1080 2430 1123 excom-

170 1140 589 1207 municacionis
618 1137 1007 1205 sentenciam
1031 1152 1162 1203 tam
1193 1161 1235 1203 a
1252 1138 1519 1203 domino
1542 1140 1722 1224 Papa
1749 1140 2201 1209 denunciatum
2231 1168 2426 1233 quam

168 1252 199 1293 a
222 1228 449 1293 caeteris
478 1224 921 1293 ecclesiasticis
966 1226 1273 1311 personis,
1321 1248 1590 1313 quarum
1637 1228 2142 1315 subscripciones
2171 1230 2236 1297 in
2262 1256 2432 1319 prae·

167 1316 305 1380 senti
332 1329 504 1380 carta
533 1315 857 1390 videntur,
908 1314 977 1377 in
1011 1314 1439 1379 Glavornensi
1470 1315 1860 1380 monasterio
1894 1332 2118 1401 postea
2145 1320 2430 1387 celebra·-

169 1418 297 1481 tam,
328 1403 553 1468 merito
606 1401 878 1478 subisse,
934 1400 1051 1465 nisi
1084 1400 1253 1465 forte
1280 1400 1648 1487 resipuerit,
1680 1415 1747 1467 et
1776 1402 1866 1467 eis
1897 1426 2012 1489 per
2039 1406 2430 1497 condignam

168 1490 585 1575 poenitenciam
614 1487 1015 1555 satisfecerit.
1072 1486 1203 1561 Qui
1228 1510 1381 1553 vero
1404 1489 1648 1576 aliquid
1673 1490 1968 1555 beneficii
1993 1493 2058 1557 in
2079 1494 2432 1563 elemosina

168 1580 241 1643 eis
261 1600 297 1641 a
310 1579 499 1643 modo
516 1576 774 1643 dederit
792 1574 1306 1643 benedictionem
1318 1574 1449 1641 Dei
1466 1578 1926 1661 omnipotentis
1949 1591 2016 1643 et
2037 1580 2210 1645 beati
2223 1582 2432 1649 Cuth-

166 1664 307 1729 berti
334 1665 669 1731 reverendi
688 1661 1063 1728 confessoris
1083 1662 1367 1749 recipere
1387 1678 1707 1729 mereatur
1737 1664 1862 1744 hic,
1897 1678 1962 1730 et
1992 1664 2060 1732 in
2091 1668 2330 1749 future,
2363 1687 2430 1737 et

164 1752 449 1839 particeps
458 1754 581 1818 fiat
590 1751 877 1816 omnium
896 1750 1357 1815 beneficiorum
1374 1750 2148 1819 Dunelmensisecclesiae.
2193 1756 2428 1829 Amen.

166 1842 289 1924 Ego
316 1841 711 1905 willielmus
748 1838 1101 1924 Episcopus
1156 1837 1612 1904 Duuelmensis
1654 1840 1776 1904 hoc
1825 1840 2080 1926 signum
2127 1844 2333 1909 crucis
2362 1853 2431 1909 4-

162 1930 215 1993 in
260 1927 689 1993 testimonium
745 1924 934 2011 hujus
995 1938 1191 1990 cartae
1240 1939 1309 1991 et
1369 1926 1496 1991 mei
1545 1926 1916 1993 memoriam
1976 1930 2430 2017 sempiternam

162 2015 371 2100 primus
396 2014 766 2101 subscripsi.
864 2013 1131 2097 Signum
1164 2013 1512 2079 Lausi-anci
1540 2019 1608 2084 -Ι-
1640 2013 2120 2082 Cantuariensis
2161 2019 2436 2085 Archie·

162 2103 391 2188 piscopi.
486 2104 759 2187 Signum
795 2100 1073 2165 Thomae
1103 2103 1171 2168 -Ι-
1208 2100 1630 2167 Eboracensis
1685 2101 2190 2191 Archiepiscopi.
2284 2107 2431 2193 Sig-

164 2213 289 2255 num
337 2190 733 2257 Waichelini
777 2193 846 2251 -i-
907 2187 1354 2253 wintoniensis
1402 2188 1728 2275 Episcopi.
1821 2190 2093 2279 Signum
2127 2192 2430 2260 Mauricii

164 2284 217 2340 4-
244 2278 709 2343 Londoniensis
744 2274 1069 2362 Episcopi.
1186 2275 1457 2364 Signum
1522 2276 1816 2365 Stigandi
1876 2286 1944 2343 -Ι·
2005 2279 2431 2348 cicestrensis

168 2363 457 2451 Episcopi.
605 2364 873 2450 Signum
940 2361 1260 2427 willielmi
1312 2372 1379 2425 -0-
1442 2362 2024 2431 Theothfordensis
2100 2368 2160 2433 E
2205 2368 2427 2456 iscopi.

166 2452 399 2537 Signum
460 2452 739 2518 Roberti
790 2457 857 2517 ÷
893 2449 1253 2516 Cestrensis
1309 2449 1638 2537 Episcopi.
1738 2450 2007 2538 Signum
2048 2455 2168 2520 Ser
2193 2458 2335 2519 onis
2365 2467 2434 2522 -Ι-

167 2541 407 2606 Abbatis
461 2536 948 2608 Glavoruensis.
1045 2537 1315 2623 Signum
1382 2537 1714 2605 Scollandi
1761 2547 1826 2602 -ὶ-
1876 2542 2154 2608 Abbatis
2213 2544 2434 2610 Sancti

166 2628 503 2712 Augustini.
629 2628 897 2713 Signum
950 2624 1114 2690 Alsii
1174 2630 1241 2690 -ἑ-
1293 2624 1570 2691 Abbatis
1635 2626 2064 2697 Batoniensis.
2163 2630 2433 2715 Signum

168 2713 423 2781 Turstini
471 2724 545 2780 -Ι-
594 2714 871 2783 Abbatis
930 2713 1385 2781 Perscorensis.
1480 2714 1684 2779 Facta
1729 2729 1826 2780 est
1871 2714 2014 2781 haec
2061 2730 2239 2783 carta
2275 2718 2435 2783 Gla-

168 2806 373 2868 vorniae
396 2818 463 2869 et
474 2803 827 2893 Thurgoto
842 2800 1055 2867 Priori
1063 2799 1489 2867 Dunelmensi
1498 2801 1676 2881 data,
1693 2824 1863 2869 auno
1879 2804 1962 2869 ab
1987 2803 2430 2873 incarnacione

168 2886 399 2957 Domini
426 2891 774 2959 millesimo
798 2899 908 2955 xc⁰
944 2896 1081 2955 111⁰.

312 3256 413 3305 XV.
465 3257 913 3305 RA‘rlrlcacto
964 3260 1041 3307 W.
1110 3258 1313 3302 nnc-18
1372 3256 1460 3301 DE
1506 3254 1824 3300 OMNIBUS
1873 3256 2122 3300 'ruanis
2169 3256 2256 3301 ΕΤ

298 3346 865 3391 Possnssmmnus
896 3346 1075 3397 QUAS
1124 3344 1463 3391 oP'rmul'r
1494 3344 1732 3389 Domus
1765 3344 2256 3391 Duunbmnnsls

308 3432 381 3475 m
415 3433 539 3477 mn
573 3434 717 3485 Quo
752 3434 947 3479 OBIIT
981 3435 1057 3483 W.
1093 3432 1358 3478 PRIMUS
1390 3430 1784 3478 EpiscoPUS.

1054 3550 1215 3619 [cm
1253 3552 1303 3603 1.
1329 3549 1367 3600 f.
1390 3552 1505 3615 ια]

240 3664 625 3734 Willielmus
700 3666 849 3734 Rex
920 3668 1303 3755 Anglorum,
1378 3664 1461 3734 Ο.
1525 3667 1762 3731 clerico
1823 3666 2074 3732 Lincol.
2135 3670 2431 3735 salutem.

173 3750 319 3817 Scias
363 3757 541 3842 quod
596 3756 745 3821 volo
792 3769 861 3821 et
906 3755 1213 3842 praecipio
1246 3766 1318 3819 ut
1371 3754 1706 3843 Turgotus
1758 3755 1964 3835 Prior,
2017 3770 2086 3820 et
2133 3758 2430 3822 monachi

169 3840 341 3905 sancti
393 3844 767 3922 Cutbberti,
823 3866 1043 3909 omnes
1087 3857 1287 3909 terras
1315 3863 1461 3906 suas
1491 3855 1559 3906 et
1589 3842 2086 3907 consuetudines
2116 3858 2183 3907 et
2211 3865 2434 3909 omnes

168 3944 249 3988 res
280 3950 419 3994 suas
464 3930 555 3997 ita
595 3932 767 3997 bene
812 3945 877 3997 et
908 3930 1263 3997 honorifice
1294 3943 1576 4007 teneant,
1609 3931 1774 3994 sicut
1803 3930 2030 3995 melius
2059 3942 2126 3994 et
2154 3929 2432 3996 honora-

168 4010 326 4078 bilius
376 4032 739 4097 tenuerunt,
795 4019 899 4084 die
950 4041 1079 4107 qua
1134 4016 1507 4082 Willielmus
1556 4016 2018 4083 Dunelmensis
2073 4016 2430 4102 Episcopus

168 4100 321 4166 vivus
360 4119 427 4168 et
474 4120 767 4171 mortuus
814 4106 977 4183 fuit;
1024 4119 1089 4171 et
1141 4105 1320 4193 quod
1362 4104 1512 4169 inde
1545 4120 1771 4191 postea
1799 4117 2057 4189 captum
2086 4120 2187 4167 est
2217 4116 2431 4171 totum

169 4187 463 4259 reddatur.
558 4194 740 4261 Test.
780 4194 899 4259 W.
948 4196 1169 4274 Cane„
1217 4207 1279 4259 et
1336 4192 1417 4257 R.
1464 4192 1694 4279 capel„
1731 4208 1798 4259 et
1831 4191 2003 4261 Eud.
2038 4191 2207 4279 dap„
2240 4207 2308 4258 et
2345 4194 2426 4261 R.

53 4294 55 4303 ·
170 4272 289 4363 Big.
324 4272 515 4366 Apud
551 4281 901 4350 Bruellam.
