3000 5117
560 472 707 553 128
1042 480 1253 549 mss.-
1288 480 1649 546 rit-mmm}
1683 480 2144 548 scu1'1'2'101‘t213s
2173 478 2390 548 funs,

552 661 709 727 alios
753 657 993 726 amicos
1037 680 1188 723 suos
1231 656 1297 722 in
1350 655 1571 733 curia,
1619 676 1742 742 pro
1775 656 2092 743 praedicto
2121 658 2498 744 episcopatu
2535 658 2845 736 habendo,

548 746 889 835 respondit
916 768 987 813 se
1029 766 1153 827 nec
1194 748 1317 830 pro
1359 741 1473 808 illo
1517 742 1905 829 episcopatu·
1940 760 2060 810 nec
2089 767 2208 832 pro
2237 746 2458 849 aliquo
2487 745 2619 812 alio
2649 746 2864 809 literas·

549 836 911 903 missurum.
1026 830 1376 899 Dominica
1436 843 1591 895 ante
1650 828 1909 911 Natale,
1969 851 2129 897 xnvr
2189 846 2403 899 aetatis
2464 854 2604 897 suae
2661 856 2847 909 anno,

550 932 965 989 consecratus
1006 930 1109 986 est
1148 917 1485 1005 episcopus
1530 916 1988 983 Duuelmensis
2030 919 2115 984 ab
2152 919 2658 1007 Archiepiscopo
2690 922 2852 986 Can-

550 1007 880 1088 tu'ariens'i,
910 1005 1206 1073 Jobanne
1255 1002 1600 1083 Stretliord,
1633 1004 1702 1068 in
1739 1004 2066 1073 Abbathia
2099 1004 2459 1092 Nigrorum
2495 1006 2850 1073 Monacho-

548 1118 695 1163 rum
722 1096 809 1163 de
842 1092 1204 1180 Cherdsay.-
1290 1090 1366 1157 En
1395 1112 1532 1181 qna·
1547 1094 2033 1159 consecratione
2070 1092 2432 1180 Episcopus
2467 1093 2846 1171 Lincolniae,

555 1182 881 1251 Henricus
935 1176 1305 1258 Burweseb,
1366 1170 1680 1245 fundebat
1732 1196 1954 1247 omnes
1999 1184 2342 1267 eipensaS‚
2381 1181 2572 1267 jussu
2612 1181 2846 1247 domini

552 1269 775 1373 Regis.
822 1268 984 1335 Post
1000 1267 1143 1331 haec
1163 1266 1367 1333 factus
1384 1278 1485 1330 est
1502 1262 1974 1332 Thesaurarius
1994 1266 2253 1353 Anglioe
2273 1291 2303 1345 ;·
2315 1282 2386 1334 et
2407 1268 2644 1335 eodem
2668 1290 2846 1345 anno,

542 1364 803 1447 [qumto
846 1354 953 1421 die
994 1353 1197 1433 Junii,
1227 1374 1348 1440 per
1397 1351 1782 1418 Willelmum
1823 1354 2097 1419 Cowtou
2131 1354 2422 1420 Priorem
2457 1356 2850 1421 Dunelmen-

546 1452 717 1528 sema
736 1456 837 1509 est
854 1439 1230 1507 installatus.
1297 1439 1371 1505 In
1393 1460 1524 1527 qua
1543 1439 1976 1507 installatione
2003 1440 2152 1508 fecit
2173 1443 2422 1531 grande
2443 1444 2801 1509 convivium
2828 1448 2856 1521 ;'

543 1532 657 1599 ubi
702 1527 1128 1597 interfuerunt
1160 1525 1309 1593 Rex
1357 1541 1429 1592 et
1483 1526 1738 1611 Regina
1783 1526 2062 1613 August»,
2095 1544 2301 1595 mater
2335 1529 2542 1616 Regis
2575 1531 2843 1620 Angliae‚

550 1619 704 1685 Rex
757 1614 1019 1695 Scotioe,
1066 1612 1201 1680 duo
1257 1612 1738 1701 Archiepiscopi
1789 1628 1859 1680 et
1900 1614 2182 1703 quinque
2235 1616 2567 1705 Episcopi,
2609 1633 2842 1703 septem

543 1704 823 1774 comites·
855 1714 1005 1769 c‘um
1041 1698 1351 1769 uxoribus
1380 1699 1530 1780 suiss
1562 1714 1631 1765 et
1669 1722 1890 1767 omnes
1945 1716 2272 1787 magnates
2315 1708 2481 1771 citra
2510 1706 2852 1785 Tremuit),-

542 1792 735 1861 multi
779 1788 1014 1857 milites
1065 1800 1133 1854 et
1176 1786 1504 1875 armigeri,
1549 1786 1764 1872 plures
1807 1787 2000 1855 etiam
2052 1790 2337 1857 Abbates
2381 1807 2450 1859 et
2485 1792 2742 1859 Priores
2779 1797 2846 1859 et'

538 1880 659 1947 viri
686 1876 993 1969 religiosi,
1024 1894 1171 1942 cum
1200 1873 1542 1941 innumera
1565 1874 1982 1942 multitudine
2011 1880 2516 1945 communitatis.
2597 1880 2838 1946 Eodem

541 1981 719 2037 anno
746 1963 1203 2047 institutusest
1236 1961 1672 2029 cancellarius
1704 1961 1983 2048 Angliae.
2077 1962 2165 2030 Et
2193 1964 2364 2047 infra·
2385 1967 2737 2033 triennium
2761 1993 2839 2035 ex

540 2066 695 2145 post
724 2064 829 2121 ter'
852 2051 1016 2118 adiit
1052 2048 1301 2139 Regem
1334 2048 1627 2115 Francioe
1653 2046 1929 2116 Parisius
1960 2052 2024 2116 in
2058 2052 2294 2119 nuncio
2328 2052 2533 2141 Regis
2571 2057 2838 2141 lingna»,

538 2144 629 2211 ad
672 2136 1141 2207 vendicandum
1186 2158 1460 2225 regnum
1496 2136 1810 2208 Franciae.
1907 2136 2143 2205 Postea
2171 2142 2334 2206 adiit
2369 2142 2836 2230 Handewarpe,

543 2244 613 2301 et
640 2228 769 2295 alia
795 2226 936 2295 vice
958 2223 1044 2291 ad
1076 2222 1334 2291 Braban
1359 2247 1379 2301 3
1423 2236 1493 2290 et
1535 2224 1626 2290 ita
1653 2224 1958 2312 fatigatus
1987 2224 2111 2292 fuit
2137 2249 2254 2312 per
2279 2228 2536 2295 diversa
2565 2230 2704 2295 loca
2731 2254 2842 2317 pro

535 2315 854 2407 praedicta
890 2310 1216 2402 legatione
1266 2328 1502 2377 novem
1547 2310 1749 2381 annis,
1843 2312 1935 2381 Et
1975 2313 2190 2380 medio
2249 2328 2542 2402 ternpore
2587 2317 2836 2383 fuerunt

536 2426 763 2473 omnes
810 2400 1141 2469 libertates
1174 2398 1630 2465 Dunelmensis
1688 2398 1978 2465 ecclesioe
2022 2418 2417 2469 conservatas
2463 2394 2600 2471 si'ne
2629 2404 2834 2493 aliquo

538 2491 951 2561 detrimento,
1046 2484 1208 2552 Post
1228 2486 1373 2551 haec
1404 2485 1707 2571 Angliatn
1739 2486 1949 2553 rediit.

628 2578 925 2645 Multum
968 2572 1209 2656 [enim]
1252 2572 1696 2639 delectabatur
1734 2571 1820 2641 de
1872 2574 2238 2663 [comitiva]
2283 2578 2700 2655 clericorum3
2768 2590 2829 2641 et

584 2666 760 2731 iures
803 2682 1060 2749 semper
1101 2659 1365 2726 clericos
1408 2658 1636 2726 habuit
1681 2659 1747 2725 in
1793 2683 1909 2726 sua
1951 2660 2212 2731 familia.
2309 2665 2415 2731 De
2461 2668 2692 2754 quibus
2721 2664 2831 2729 fuit

538 2690 831 2821 &homas
866 2746 1333 2835 Bradwardyn,·
1373 2760 1600 2835 postea
1647 2746 2123 2816 cantuariensis
2166 2752 2723 2841 Archiepiseopus,
2768 2758 2835 2815 et-

546 2836 863 2906 Ricardus
908 2836 1080 2925 Fyfft
1134 2834 1329 2911 Rauf,
1363 2832 1780 2923 postmodum
1820 2836 2359 2925 Archiepiscopus
2391 2840 2825 2914 Armachanae,

547 2921 869 2994 walterus
892 2924 1161 3013 Butley‚
1191 2922 1520 2989 Johannes
1541 2920 1831 3001 Mandra,
1857 2923 2185 2990 Robertus
2223 2926 2486 3007 Holcot,
2531 2926 2824 2993 Ricardus

536 3014 623 3083 de
661 3012 1127 3105 Kylwyngton,
1177 3030 1403 3076 omues
1442 3008 1741 3077 doctores
1785 3009 1852 3075 in
1897 3010 2224 3098 theologia
2246 3037 2276 3092 ς·
2318 3015 2632 3081 Ricardas
2665 3016 2822 3080 Ben-

533 3100 764 3185 worth‚
810 3113 1041 3187 postea
1088 3096 1447 3185 Episcopus
1500 3096 1970 3163 Londoniensis
2020 3110 2092 3165 et
2157 3098 2468 3167 Walterus
2524 3100 2819 3189 Segraffe‚

532 3200 767 3279 postea
793 3188 1154 3275 Episcopus
1190 3184 1624 3251 cicestrensis,
1713 3182 1805 3251 Et
1826 3183 2116 3275 quolibet
2143 3186 2252 3253 die
2277 3190 2342 3252 in
2365 3210 2588 3255 mensa
2615 3188 2820 3253 solitus

530 3289 674 3343 erat
700 3274 943 3340 habere
971 3271 1340 3349 lectionem,
1372 3271 1493 3336 nisi
1519 3270 1685 3339 forte
1712 3294 1835 3358 per
1861 3272 2212 3339 adventum
2236 3291 2610 3365 magnatum
2634 3274 2830 3359 impe-·

529 3364 779 3429 ditetur
800 3383 821 3441 3
864 3371 933 3425 et
959 3372 1107 3447 post
1156 3357 1496 3444 prandium
1549 3358 1811 3447 singulis
1856 3359 2086 3426 diebus
2131 3362 2633 3449 disputationem
2683 3380 2816 3426 cum

532 3448 779 3531 clericis
806 3442 1307 3534 praenominatis5
1340 3458 1409 3509 et
1434 3445 1575 3511 aliis
1603 3466 1738 3510 suae
1769 3446 2018 3527 domus,
2063 3448 2186 3513 uisi
2229 3450 2438 3539 major
2480 3470 2672 3517 eausa
2712 3450 2817 3511 im-

582 3534 811 3603 ediret'.
903 3532 1012 3610 Et,
1058 3530 1200 3597 aliis
1242 3530 1508 3610 vicibus,
1553 3546 1670 3597 aut
1711 3534 1972 3598 servitio
2016 3534 2242 3601 divino
2285 3551 2401 3602 aut
2440 3538 2618 3603 libris
2647 3556 2814 3602 vaca-

532 3554 693 3689 bat:
736 3618 857 3685 uisi
886 3617 1057 3684 foret
1084 3630 1172 3685 ex
1222 3618 1429 3684 causis
1470 3618 1689 3685 arduis
1733 3620 2097 3707 impeditus.
2189 3623 2392 3689 Omni
2419 3624 2612 3692 etiam
2640 3620 2818 3707 septi-

533 3732 731 3777 mana
758 3706 1087 3775 distribuit
1115 3707 1180 3770 in
1210 3704 1399 3772 cibos·
1461 3728 1769 3793 nuperum
1799 3721 1951 3773 octo
1980 3712 2303 3797 quartaria
2321 3710 2623 3778 frumenti
2645 3712 2816 3799 pista,

533 3809 779 3887 praeter
890 3881 893 3883 v
944 3805 1162 3860 menta
1181 3792 1374 3860 solita
1441 3816 1628 3859 ornus
1651 3816 1808 3865 suae.
1881 3794 1986 3875 Et,
2013 3796 2064 3861 si
2083 3798 2300 3884 plures
2321 3800 2814 3885 supervenirent,

580 3898 683 3951 ost
710 3882 893 3951 distri
940 3880 1226 3948 utionem
1250 3881 1464 3971 'dictoe
1497 3882 1920 3961 eleemosinae,
1952 3886 2229 3950 contulit
2257 3885 2516 3977 singulo
2543 3885 2809 3953 obolum.

594 3984 787 4039 raeter
828 3970 993 4049 baec,
1046 3968 1309 4037 veniens
1360 3982 1473 4035 aut
1502 3969 1765 4035 rediens
1786 3990 1828 4035 a
1859 3968 2052 4037 Novo
2085 3972 2320 4039 Castro
2350 3997 2550 4063 usque
2581 3968 2813 4042 Dunel-

534 4080 735 4138 mum,
794 4056 879 4124 ali
923 4056 1141 4123 nando
1216 4054 1562 4123 duodecim
1631 4078 1876 4123 marcas
1934 4059 2209 4124 contulit
2269 4059 2334 4125 in
2392 4056 2813 4147 eleemosynis,

528 4145 723 4213 etiam
766 4166 809 4211 a
861 4081 1190 4211 flnnelmo
1242 4166 1315 4209 us
1358 4166 1445 4209 ue
1496 4142 1778 4209 Stoktou
1825 4146 2214 4235 quaudoque
2261 4167 2390 4213 v111
2435 4170 2696 4223 marcas,
2753 4153 2812 4206 et

529 4254 573 4299 a
615 4230 945 4299 Dunelmo
988 4252 1190 4320 usque
1235 4232 1337 4297 Au
1389 4230 1544 4297 land
1585 4252 1645 4296 v·
1689 4252 1954 4310 marcas,
1987 4256 2029 4298 a
2059 4234 2388 4299 Dunelmo
2417 4258 2620 4325 usque
2653 4229 2810 4300 Mid-

528 4320 766 4389 denam
803 4338 849 4385 c
888 4317 1150 4386 solidos.
1244 4318 1405 4386 Post
1445 4318 1583 4419 ejus
1627 4318 1874 4385 obitum
1925 4318 2179 4388 inventa
2226 4321 2344 4388 fuit
2399 4347 2529 4389 una
2566 4324 2648 4389 de
2696 4317 2809 4385 suis

530 4405 821 4495 capsellis
864 4405 1058 4492 plenu
1101 4406 1643 4484 lintheamimbus,
1693 4409 1968 4474 camisiis
2021 4424 2088 4476 et
2137 4410 2381 4476 braccis
2411 4410 2710 4485 cilicinis3
2752 4404 2808 4467 in

528 4518 655 4584 qua
686 4494 1031 4583 putabatur
1060 4494 1429 4560 thesaurum
1461 4493 1748 4561 inveniri.
