3000 5117
883 490 1292 549 APPEme-
1348 497 1531 547 A-NN.
1573 492 1771 551 anl
1784 498 1835 547 14
2300 498 2515 549 CCCGV

195 648 672 741 Proprietari'us'
726 656 810 722 de
875 656 1096 722 Hertt.
1201 656 1486 723 vicarius
1546 658 1630 723 de
1674 660 1921 725 eadem.
2030 658 2497 744 Proprietarius

188 744 276 807 de
335 746 669 811 Stranton.
793 745 1086 809 Viearius
1145 744 1228 809 de
1287 744 1533 809 eadem.
1654 746 1941 810 Viearius
2000 746 2083 810 de
2146 745 2489 812 Gretham.

193 828 440 895 Rector
491 831 576 896 de
633 830 920 915 Elwyke.
1037 830 1506 917 proprietarius
1554 832 1640 895 de
1696 832 2105 919 Biningham.
2201 831 2493 898 Vicarius

184 917 268 981 de
299 917 553 982 eadem.
650 918 940 982 Vicarius
971 916 1057 981 de
1083 914 1364 982 Norton.
1460 918 1749 982 Vieariue
1770 919 1853 984 de
1884 918 2221 1005 Grynden.
2318 919 2495 983 Rec-

185 1005 396 1068 torde
425 1000 746 1089 Segefeld.
831 1003 1304 1091 Proprietarius
1331 1004 1412 1069 de
1451 1004 1723 1069 Kellow.
1804 1004 2091 1070 Vicarius
2122 1006 2205 1069 de
2234 1005 2483 1073 eadem.

185 1090 436 1155 Rector
463 1091 548 1155 de
587 1090 1006 1159 Redmersell.
1107 1090 1569 1174 proprietarius
1600 1091 1681 1156 de
1724 1090 2117 1178 Byshopton.
2192 1092 2485 1157 Vicorius

179 1178 264 1242 de
309 1178 562 1243 eadem.
657 1178 901 1242 Rector
943 1177 1026 1243 de
1073 1177 1348 1241 Stanton
1393 1178 1460 1241 in
1506 1178 1738 1246 Strata.
1838 1178 2079 1243 Rector
2122 1178 2205 1243 de
2252 1179 2485 1265 Eglys-

177 1265 354 1349 clyff.
481 1264 946 1348 Proprietarius
1015 1264 1100 1328 de
1171 1262 1603 1349 Myddilham.
1732 1264 2025 1329 Vicarius
2081 1265 2165 1329 de
2224 1267 2475 1332 eadem.
2560 1320 2565 1327 .

181 1350 660 1436 proprietarius
701 1344 782 1415 de
823 1350 996 1415 Acie.
1089 1350 1383 1414 vicarius
1413 1352 1497 1414 de
1528 1350 1780 1414 eadem.
1878 1352 2117 1416 Rector
2146 1352 2229 1415 de
2264 1352 2478 1435 Lang-

175 1442 462 1503 newt'on.
574 1438 816 1502 Rector
868 1436 950 1502 de
1009 1434 1221 1500 Eiton.
1339 1436 1579 1501 Rector
1626 1436 1708 1501 de
1774 1436 2130 1502 Midelham
2190 1439 2480 1523 George.

179 1524 432 1589 Rector
483 1526 566 1589 de
617 1524 977 1610 Detynsail.
1073 1522 1543 1607 Proprietarius
1579 1524 1663 1587 de
1698 1523 2101 1589 Sokebnme„
2184 1523 2477 1589 vicarius

171 1611 260 1674 de
323 1610 574 1677 eadem.
697 1608 942 1674 Rector
995 1608 1088 1673 de
1148 1610 1519 1673 Hui-worth.
1639 1608 1881 1675 R'ector
1936 1609 2021 1675 de
2090 1608 2477 1695 Haughton«

177 1696 660 1781 proprietarius
701 1696 787 1761 de
835 1695 1295 1781 Cunyngsclyf.
1386 1696 1677 1761 Vicarius
1723 1697 1805 1761 de
1834 1697 2080 1765 eadem.
2179 1698 2476 1781 Proprie-

173 1784 378 1848 tarius
423 1784 506 1847 de
555 1783 1012 1869 Heghington.
1113 1782 1401 1847 vicarius
1445 1782 1531 1847 de
1560 1783 1808 1847 eadem.
1906 1784 2362 1869 proprietarius
2392 1784 2475 1848 de

175 1870 607 1956 Meryngton.
729 1868 1022 1935 Vicarius
1081 1870 1164 1933 de
1215 1870 1466 1938 eadem.
1588 1870 2055 1955 proprietarius
2107 1872 2189 1935 de
2250 1871 2472 1958 Gayn·

169 1957 374 2024 forth.
479 1956 770 2022 vicarius
821 1957 906 2021 de
959 1956 1206 2021 eadem.
1308 1956 1549 2021 Rector
1586 1958 1669 2021 de
1734 1957 2061 2042 Wynston.
2162 1957 2475 2040 Magister

169 2042 430 2127 collegii
461 2044 546 2107 de
573 2043 962 2128 Standropp.
1058 2042 1347 2108 Viearius
1377 2043 1460 2107 de
1491 2044 1735 2108 emiem.
1832 2044 2075 2109 Rector
2116 2044 2199 2109 de
2234 2045 2476 2110 Midle-

169 2146 287 2194 ton
346 2130 410 2193 in
463 2130 767 2195 Teisdeli.
883 2131 1124 2194 Rector
1169 2129 1252 2193 de
1303 2129 1604 2198 Cokfeld.
1726 2130 1974 2194 Rector
2016 2132 2101 2195 de.
2156 2132 2474 2217 Stanhop.

175 2218 427 2282 Rector
484 2219 567 2281 de
625 2218 1114 2303 Wolsyngham.
1227 2216 1470 2280 Rector
1524 2218 1607 2281 de
1672 2217 2019 2282 Edmundb
2046 2240 2185 2281 ’rem
2304 2218 2471 2283 Rec-

170 2318 276 2369 tor
335 2304 422 2368 de
485 2304 914 2389 Brancepath.
1011 2302 1257 2367 Rector
1279 2303 1364 2366 de
1400 2302 1892 2368 Kemelsworth·.
2092 2318 2233 2369 ctor
2262 2305 2471 2370 eccle-

167 2390 286 2454 siae
339 2392 544 2455 sancti
604 2390 901 2455 Nicholai
957 2388 1430 2458 DuneimensiS.
1530 2390 1775 2454 Rector
1819 2391 1903 2453 de
1962 2391 2170 2455 Bauio
2218 2392 2469 2455 Boriaii

171 2478 625 2543 Dunelmensi.
705 2478 949 2541 Rector
975 2477 1059 2540 de
1099 2476 1304 2540 Ballio
1341 2476 1623 2541 Australi
1651 2477 2096 2542 Dunelmensi.
2176 2479 2473 2543 Vicarius

169 2566 376 2629 sancti
415 2564 698 2630 Oswaldi
735 2563 1206 2631 Dunelmensis.

265 2650 738 2736 proprietarius
763 2650 962 2715 saneti
993 2648 1293 2715 N-icholai
1325 2648 1492 2715 vinae
1528 2651 1705 2714 Novi·
1726 2650 1935 2715 Castri
1965 2672 2157 2736 super
2185 2652 2459 2739 Tynam.

171 2738 470 2803 vicarius
517 2739 600 2802 de
647 2738 890 2802 eadem.
989 2736 1454 2821 proprietarius
1499 2738 1584 2801 de
1617 2736 1963 2805 Newburn.
2060 2739 2353 2803 Vicarius
2381 2740 2473 2803 de

167 2825 419 2889 eadem.
517 2824 982 2909 proprietarius
1013 2823 1096 2887 de
1140 2823 1452 2887 Heddon.
1552 2824 1842 2889 Viearius
1872 2825 1957 2890 de
1986 2825 2233 2890 eadem.
2305 2826 2463 2891 Pro-

163 2911 506 2995 prietarius
536 2912 624 2975 de
646 2910 898 2975 Bolum.
997 2908 1290 2973 Vicarius
1321 2913 1404 2972 de
1435 2910 1683 2975 eadem.
1764 2911 2005 2975 Rector
2028 2912 2111 2976 de
2144 2912 2458 2977 Whaiton.

173 2998 648 3083 proprietarius
678 2999 762 3061 de
798 2995 1124 3063 Mitfurth.
1219 2995 1511 3059 vicarius
1534 2996 1617 3061 de
1648 2997 1895 3064 eadem.
1992 2998 2467 3084 Proprietarius

164 3085 248 3147 de
301 3086 737 3172 Stanyngton.
832 3082 1126 3146 Vicat-ius
1165 3080 1248 3145 de
1295 3083 1545 3150 eadem.
1644 3083 2109 3167 Proprietarius
2162 3084 2245 3149 de
2293 3083 2465 3149 Bed-

163 3171 470 3257 1yngtou.
571 3170 860 3235 vicarius
901 3170 987 3233 de
1019 3168 1265 3235 eadem.
1363 3169 1607 3233 Rector
1658 3169 1741 3233 de
1776 3168 2070 3235 Meldon.
2164 3170 2293 3235 Pro
2340 3174 2464 3236 rie-

165 3258 366 3321 tarius
415 3258 499 3322 de
555 3258 832 3321 Benton.
929 3254 1220 3319 Vicarius
1267 3254 1351 3318 de
1401 3255 1652 3319 eadem.
1750 3254 1987 3319 Rector
2037 3255 2121 3319 de
2174 3256 2299 3321 Bot
2348 3258 2454 3326 au.

171 3344 466 3409 vicarius
517 3343 599 3408 de
652 3342 1054 3430 Tyumoutlr.
1147 3340 1616 3425 Proprietarius
1661 3340 1743 3405 de
1780 3340 2169 3407 Wodhorne.
2268 3344 2463 3409 Vica-

163 3433 294 3494 rius
323 3430 418 3494 de
441 3429 694 3494 eadem.
813 3426 1278 3513 proprietarius
1307 3427 1392 3491 de
1431 3428 1683 3492 Horsle.
1775 3428 2067 3493 Viearius
2095 3428 2177 3494 de
2206 3430 2454 3499 eadem.

169 3516 641 3601 proprietarius
693 3516 778 3579 de
834 3513 1217 3580 ponteland.
1308 3512 1601 3578 Viearius
1648 3513 1730 3579 de
1760 3516 2004 3583 eadem.
2106 3516 2349 3583 Rector
2376 3519 2461 3584 de

166 3604 509 3690 Morpeth.
630 3601 1095 3686 proprietarius
1147 3600 1232 3663 de
1292 3598 1649 3665 Hertburn.
1748 3600 2038 3667 Vicarius
2084 3603 2168 3669 de
2212 3606 2461 3671 eadem.

167 3690 654 3775 proprietarius
679 3688 766 3753 de
799 3686 1139 3771 Corbu-ige.
1229 3684 1525 3751 Vicat-ius
1555 3686 1639 3750 de
1670 3688 1919 3757 eadem.
2002 3690 2469 3775 proprietarius

161 3775 246 3839 de
315 3776 374 3839 Β
401 3775 562 3839 'well
622 3774 872 3841 Andro.
995 3772 1286 3837 vicarius
1345 3772 1428 3836 de
1485 3774 1734 3841 eadem.
1852 3775 2319 3859 Proprietarius
2378 3780 2464 3843 de

165 3798 417 3948 Byweil
472 3860 668 3925 Petri.
782 3859 1074 3924 Vicarius
1104 3860 1188 3925 de
1219 3856 1470 3923 eadem.
1570 3858 1861 3924 Vicarius
1890 3861 1974 3925 de
2033 3860 2456 3947 Kyrkeharle.

166 3950 416 4015 Rector
447 3948 530 4013 de
563 3946 886 4014 Whitfeld.
981 3944 2075 4031 Proprietariusde·Whelpington.
2170 3947 2460 4013 Vicarius

161 4036 246 4099 de
299 4036 560 4099 eadem.
680 4033 927 4097 Rector
978 4032 1066 4095 de
1125 4030 1528 4095 Knaresdeil.
1652 4030 1893 4093 Rector
1936 4032 2019 4095 de
2066 4032 2334 4097 Denton
2393 4036 2465 4098 iu

167 4121 580 4207 Gyllysland.
704 4118 1174 4204 Proprietarius
1243 4116 1328 4179 de
1399 4116 1879 4183 Stanfordham.
2012 4118 2303 4183 vicarius
2370 4120 2463 4187 de·

159 4211 418 4273 eadem.
499 4206 744 4270 Rector
765 4206 848 4271 de
885 4204 1216 4290 EHysden.
1301 4202 1615 4289 Magister
1644 4201 1975 4286 hospitalis
2007 4202 2089 4268 de
2112 4204 2457 4292 Ellyshaw.

163 4296 414 4359 Rector
459 4294 544 4358 de
593 4290 1062 4377 Crossynsyde.
1155 4288 1626 4373 proprietarius
1656 4287 1738 4352 de
1772 4288 2175 4355 Chollerton.
2268 4292 2463 4359 Vica-

159 4382 288 4445 rius
349 4382 436 4445 de
489 4379 732 4444 eadem.
845 4376 1320 4461 proprietarius
1371 4374 1453 4438 de
1508 4373 1919 4460 Ovyngham.
2030 4371 2321 4443 vicarius
2374 4382 2463 4446 de

161 4468 410 4535 eadem.
529 4463 997 4550 Proprietarius
1050 4462 1134 4529 de
1183 4460 1601 4613 H2autgvesyll.
1716 4462 2007 4529 vicarius
2065 4464 2159 4540 de*
2210 4466 2475 4534 eadem-

897 4566 901 4571 ·
1265 4570 1327 4640 Xc
