3000 5117
808 502 1227 553 APPENmX.
1268 504 1451 553 ANN.
1494 505 1896 557 MLxxxm.
2400 512 2502 563 VH

392 666 663 752 Signum
702 662 1017 729 Rodberti
1052 683 1115 737 4
1144 664 1227 729 de
1263 664 1496 730 Monte
1535 666 1732 733 Forti.

383 752 651 839 Signum
686 750 989 815 Mauricii
1021 758 1087 813 -l-
1116 752 1446 837 capellani.

392 842 655 923 Signum
690 838 983 903 Herfasti
1010 854 1073 904 -t-
1102 839 1401 925 episcopi.

379 926 647 1011 Signum
680 925 969 993 Gosfridi
1000 925 1281 1013 episcopi
1316 928 1832 995 constanciensis
1873 945 1949 996 ψ.

386 1016 653 1102 Signum
688 1024 753 1070 -t-
790 1012 1059 1079 Siwardi
1089 1014 1271 1079 barn.

374 1100 649 1185 Signum
684 1101 877 1167 Alani
911 1110 974 1160 -t-
1002 1102 1083 1167 dc
1116 1102 1454 1169 Lincollia.

381 1188 647 1273 Signum
680 1216 747 1273 4
778 1188 1027 1254 Tui-ald
1056 1190 1141 1254 de
1176 1188 1526 1273 Papeleon.

372 1276 649 1363 Signum
682 1292 741 1353 ÷
783 1276 1099 1342 willielmi
1128 1275 1459 1361 capellani.

380 1362 647 1447 Signum
684 1380 748 1421 -1-
780 1364 1099 1429 Rodberti
1128 1363 1462 1450 capellanL

376 1450 645 1535 Signum
686 1452 791 1515 Ro
874 1451 931 1515 ri
968 1452 1199 1538 Bigod.

374 1540 647 1625 Signum
682 1558 743 1608 -ι-
885 1542 1023 1624 geri
1053 1539 1137 1603 de
1175 1538 1397 1607 Somb.

372 1627 645 1708 Signum
680 1636 743 1683 4
778 1625 1093 1691 Rodberti
1121 1624 1598 1711 dispensatoris.

372 1714 647 1796 Signum
678 1740 741 1783 -i-
779 1712 1091 1779 Hamonis
1115 1712 1435 1798 Thesbyri
1466 1715 1632 1777 com’
1663 1712 1956 1798 dapiferi.

374 2228 473 2274 ΙΙΙ.
526 2226 765 2270 BULLA
823 2227 1162 2271 Gnnooml
1212 2226 1407 2269 PAPAE
1449 2226 1565 2269 vu.
1621 2226 2171 2273 UNIVBRSALIBUS
2221 2230 2308 2273 D}

370 2314 939 2359 PossBssmmnus
988 2315 1073 2359 BT
1122 2313 1632 2359 LlnEaTATIBUs
1680 2308 2032 2359 concessls
2069 2316 2316 2359 13ch13-

372 2402 495 2445 81AE
528 2402 1011 2446 nunnamenst-

1150 2516 1557 2584 [omnm]

296 2660 645 2745 Gregorius
700 2659 1077 2746 Episcopus,
1110 2682 1329 2725 servus
1375 2682 1702 2725 servorum
1743 2660 1889 2740 Dei,
1924 2660 2162 2727 dilecto
2207 2675 2273 2728 et
2305 2686 2496 2731 vene-

214 2749 375 2813 rabili
420 2747 606 2813 fratri
661 2746 1035 2812 Guillielmo
1086 2747 1504 2813 Dunelmensi
1548 2748 1872 2834 episcope,
1920 2762 1988 2814 et
2027 2750 2322 2814 omnibus
2352 2774 2495 2817 suc-

214 2837 551 2901 cessoribus
584 2834 731 2911 suis,
765 2849 829 2899 et
860 2834 1163 2899 universis
1190 2850 1434 2901 sanctae
1466 2834 1684 2900 matris
1709 2835 1996 2901 ecclesiae
2027 2836 2195 2915 filiis,
2221 2839 2495 2905 salutem

214 2938 273 2987 et
311 2924 723 3009 apostolicam
770 2922 1316 2988 benediccionem.
1414 2924 1834 2987 Sacrosancta
1873 2922 2168 2993 Romana
2197 2926 2490 3004 ecclesia,

218 3010 325 3088 cui,
368 3010 683 3095 largiente
734 3008 1041 3087 Domino,
1076 3011 1512 3096 praesidemus,
1545 3009 1870 3098 religionis
1923 3023 2074 3075 vota
2101 3010 2212 3097 pia
2240 3034 2492 3096 semper

212 3096 719 3164 consideracione
738 3119 857 3161 suo
886 3097 953 3161 in
983 3098 1231 3182 gremio
1252 3120 1333 3163 eo
1355 3098 1662 3164 devocius
1683 3096 2047 3174 confovere,
2073 3112 2134 3161 et
2161 3098 2246 3162 ad
2271 3098 2498 3164 virium

218 3204 451 3249 suarum
500 3207 706 3272 usque
736 3184 1201 3269 plenitudinem
1234 3185 1510 3271 graviori
1541 3183 1944 3249 solicitudine
1976 3183 2204 3249 nititur
2236 3207 2494 3271 promo-

218 3296 367 3350 vere,
399 3296 531 3360 quo
564 3273 891 3359 praecipue
918 3272 1169 3357 Regum
1204 3272 1353 3339 inde
1376 3272 1834 3339 catholicorum
1855 3272 2037 3357 justa
2056 3286 2118 3337 et
2141 3272 2496 3338 reverenda

217 3360 515 3444 peticione
564 3361 837 3444 pulsata,
883 3382 1109 3425 eorum
1152 3375 1473 3447 potestate
1502 3375 1570 3424 et
1599 3358 1906 3424 diffusiori
1937 3360 2408 3439 munificencia,
2441 3362 2496 3426 si

216 3448 485 3513 exaudiri
518 3462 868 3531 merentur,
900 3449 1027 3513 suis
1058 3449 1121 3512 in
1154 3449 1456 3513 membris
1484 3470 1566 3512 ea
1595 3445 1907 3533 conspicit
1939 3446 2279 3533 plurimum
2307 3472 2494 3535 posse

216 3534 467 3605 dilatari.
556 3534 829 3601 Illustris
860 3536 1077 3635 itaque
1108 3536 1277 3619 regis
1310 3536 1672 3620 Anglorum
1712 3534 2102 3613 Gwillielmi‚
2129 3536 2349 3602 dilecti
2374 3536 2492 3602 filii

218 3624 414 3701 nostri,
462 3646 549 3688 ex
602 3622 801 3687 literis
848 3624 1033 3687 nobis
1086 3625 1169 3689 ab
1214 3646 1297 3688 eo
1326 3623 1585 3688 directis
1615 3622 2036 3687 devocionem
2065 3623 2490 3705 attendentes,

212 3709 361 3785 sicut
387 3711 443 3776 ei
476 3732 597 3797 per
626 3710 978 3796 apostolica
1007 3710 1245 3797 scripta
1274 3709 1734 3787 mandavimus»,
1767 3710 2013 3795 gracias
2043 3711 2287 3795 agimus
2323 3710 2492 3790 Deo,

220 3816 315 3878 per
366 3820 561 3885 quem
625 3798 845 3883 Reges,
886 3813 1179 3883 regnant,
1237 3798 1433 3885 quod,
1488 3796 1654 3862 sicut
1705 3796 1770 3861 in
1825 3820 2026 3899 regno
2079 3797 2494 3885 adipiscendo

224 3882 523 3950 Dominus
562 3906 710 3949 eum
743 3886 1027 3951 victoriae
1058 3884 1209 3951 fecit
1240 3887 1380 3950 luce
1408 3884 1754 3969 refulgere,
1785 3885 1874 3951 ita
1903 3884 2176 3948 inimicis
2206 3884 2495 3949 ecclesiae

216 3973 375 4058 regni
405 3972 583 4037 omni
617 3972 953 4039 vivacitate
987 3972 1215 4037 mentis
1245 3987 1311 4038 et
1340 3974 1630 4059 corporis
1653 3972 1806 4037 facit
1834 3973 2116 4051 obviare,
2151 3986 2217 4035 et
2243 3972 2497 4037 domes-

219 4057 331 4121 tico
350 4059 695 4125 sanctuarii
716 4060 980 4125 Domini
998 4084 1113 4125 sua
1135 4059 1544 4146 proteccione
1567 4059 1815 4123 munire
1845 4056 2024 4148 [εἰσ]
2122 4058 2496 4125 sicutenim

218 4147 487 4213 nunciati
528 4146 711 4212 nobis
741 4147 1038 4213 facinoris
1068 4148 1341 4235 qualitas
1371 4161 1437 4213 et
1466 4169 1663 4211 cansa
1687 4146 1949 4229 exigere
1981 4146 2302 4226 videntur,
2335 4148 2500 4215 sacri

216 4233 438 4299 ordinis
482 4248 551 4300 et
594 4250 837 4299 sanctae
880 4234 1167 4301 ecclesiae
1210 4224 1590 4301 saevissimos
1623 4234 1980 4313 violatores,
2015 4234 2122 4322 qui
2154 4235 2500 4321 specialem

218 4318 397 4385 filium
440 4336 685 4386 sanctae
738 4321 1051 4387 Romanae
1098 4324 1385 4390 ecclesioe
1427 4322 1944 4409 predecessorem
1986 4336 2169 4386 tuum
2209 4322 2500 4388 Walche-

217 4426 342 4472 rum
383 4409 753 4495 episcopum
800 4410 1279 4491 interfecerunt,
1314 4412 1602 4477 dictante
1633 4409 2096 4495 regnijusticia
2126 4433 2256 4475 non
2285 4410 2496 4474 solum
