3000 5117
783 441 1199 493 sternunt-x,
1261 441 1445 492 Aul-1.
1487 436 1912 493 mccccmx.
2344 422 2503 495 ccix

187 592 615 667 Dunelmensi
638 599 784 667 loco
809 597 1248 669 consistoriali
1271 614 1747 687 comparerent,
1774 600 2033 681 dicturi,
2068 600 2404 690 allegaturi
2430 617 2497 669 et

187 689 248 751 in
301 688 514 753 forma
553 690 718 775 juris
769 690 1182 775 proposituri,
1238 712 1436 777 quare
1489 690 1854 774 hujusmodi
1907 690 2141 755 litterae
2190 690 2498 775 publicari

183 790 316 840 non
372 776 673 855 debeant,
705 790 779 842 ut
828 775 1188 862 praefertur,
1221 777 1479 842 easdem
1510 777 1753 841 litteras
1783 798 1901 862 per
1930 776 2303 861 magistrum
2348 777 2499 840 Wil-

183 861 469 927 lielmum
523 864 608 929 de
661 864 1032 929 Doncastre
1078 862 1144 928 in
1199 862 1447 948 legibus
1498 862 1936 943 bacallarium,
1993 863 2212 931 Curiae
2258 878 2498 929 uostroe

180 949 593 1030 advocatum,
627 966 693 1017 et-
749 950 1118 1034 Robertum
1145 950 1230 1016 de
1262 951 1476 1016 Berall
1522 950 1793 1015 scribam
1828 962 2115 1016 nostrum
2146 950 2211 1015 in
2242 952 2495 1033 eadem,

180 1050 612 1105 sacrosanctae
641 1033 806 1103 sedis
835 1037 1210 1123 apostolicae
1237 1036 1629 1103 auctoritate
1670 1038 1965 1103 notarios·
1984 1038 2299 1124 publicos,-
2326 1052 2501 1104 tran-

178 1124 398 1204 scribi,
429 1125 737 1191 transumi
767 1136 836 1189 et
865 1123 1176 1209 publicari
1223 1124 1703 1202 mandavimus3
1746 1124 2036 1191 volentes
2064 1125 2375 1212 deinceps
2420 1141 2495 1191 ut

181 1211 570 1299 transcripto
597 1213 732 1277 sive
761 1224 1165 1298 transumpto
1191 1211 1559 1299 hujusmodi
1592 1212 1756 1276 fides
1800 1212 2087 1297 plenaria
2114 1211 2498 1279 adhibeatur

181 1314 312 1365 tam
335 1299 663 1388 injudicio
681 1320 873 1385 quam
891 1311 1077 1364 extra
1095 1298 1162 1363 in
1181 1298 1498 1377 omnibus,
1512 1311 1579 1364 et
1598 1314 1715 1384 per
1733 1298 1966 1377 omnia,
1988 1298 2155 1365 sicut
2176 1298 2365 1365 dictis
2388 1299 2493 1366 lit-

181 1385 342 1451 teris
373 1386 789 1472 originalibus
811 1384 1244 1471 infrascriptis,
1265 1388 1498 1472 quibus
1517 1385 1811 1450 omnibus
1834 1400 1902 1452 et
1922 1383 2189 1474 singulis
2207 1401 2495 1453 nostram

179 1473 628 1539 auctoritatem
654 1472 1040 1538 ordinariam
1065 1472 1559 1558 interposuimus
1582 1487 1650 1538 et
1678 1472 2034 1541 decretum.
2086 1473 2309 1539 Tenor
2339 1496 2492 1539 vero

179 1560 541 1626 litterarum
565 1559 1019 1647 praedictarum
1048 1559 1132 1625 de
1159 1560 1359 1639 verbo
1389 1560 1450 1623 in
1484 1560 1751 1626 verbum
1781 1560 2070 1647 sequitur
2096 1575 2168 1624 et
2196 1574 2303 1646 est,
2326 1561 2489 1629 talis.

183 1657 230 1689 “
250 1648 750 1713 venerabilibus
777 1646 1069 1733 patribus
1097 1646 1178 1712 L.
1204 1647 1334 1713 Dei
1363 1645 1581 1731 gracia
1614 1646 2080 1724 cantuariensi,
2112 1661 2179 1712 et
2211 1648 2489 1713 Thomoe

179 1734 578 1801 Eboracensi
607 1733 1147 1819 ArchiepiscopiS,
1179 1748 1248 1798 et
1270 1734 1568 1798 omnibus
1588 1733 1920 1819 Episcopis
1950 1735 2017 1798 in
2048 1735 2490 1820 episcopatum

181 1822 694 1887 Dunelmensem
713 1820 1020 1886 canonice
1041 1820 1553 1897 succedentibus,
1574 1835 1642 1903 et
1659 1820 1964 1886 universis
1982 1820 2271 1905 personis
2288 1822 2492 1887 eccle-

178 1908 420 1973 siarum
449 1908 856 1993 episcopatus
898 1906 1380 1984 Dunelmensis,
1421 1907 1837 1987 willielmus,
1869 1909 2097 1973 eadem
2124 1910 2343 1995 gracia
2372 1910 2493 1974 hu-

177 1994 346 2059 milis
375 1995 664 2060 minister
683 1993 1136 2059 Dunelmensis
1159 1994 1472 2073 eeclesiae,
1506 1995 1801 2059 salutem.
1894 1994 2141 2059 Notum
2166 1996 2251 2061 sit
2282 1996 2489 2061 omni-

179 2084 325 2161 bus,
342 2096 478 2147 tam
497 2081 1134 2168 praesentibus-quam
1153 2082 1402 2160 futuris,
1413 2082 1593 2169 quod
1612 2104 1759 2147 cum
1772 2082 2229 2168 Episcopatum
2241 2083 2491 2149 Duuel-

177 2192 491 2249 mensem,
517 2170 668 2235 Deo
695 2182 982 2247 auctore,
1005 2168 1418 2255 suscepimus,
1449 2182 1603 2249 etc.,
1634 2180 1703 2235 ut
1720 2180 1896 2253 patet
1926 2172 2263 2236 Cartuario
2280 2176 2492 2254 primo

155 2264 225 2338 j.
257 2262 348 2321 69
378 2278 572 2341 usque
597 2260 708 2335 ibi,
742 2255 926 2321 Data·
947 2278 1122 2321 anno
1150 2257 1233 2321 ab
1276 2256 1723 2321 incarnacione
1756 2256 2025 2321 Domini
2058 2260 2489 2324 u⁰xc⁰1n⁰.*”

184 2344 260 2408 In
314 2366 594 2433 quorum
623 2342 1017 2428 singulorum
1046 2342 1486 2409 testimonium
1518 2356 1719 2431 atque
1744 2344 1937 2409 fidem
1966 2358 2321 2430 praesentes
2348 2345 2492 2411 lite-

177 2452 276 2495 ras
311 2430 416 2495 vel
446 2452 726 2515 praesens
759 2431 1206 2515 transcriptum
1237 2431 1372 2495 sive
1403 2443 1871 2517 transumptum
1902 2430 2092 2519 sigilli
2121 2432 2311 2496 officii
2346 2455 2492 2497 nos-

180 2519 262 2583 tri
301 2516 732 2583 officialitatis
759 2516 1221 2582 Duuelmensis
1267 2518 1684 2603 appensione,
1718 2518 2041 2606 signisque
2072 2532 2141 2584 et
2171 2520 2489 2605 subscrip-

179 2605 474 2670 cionibus
519 2604 838 2668 dictorum
883 2602 1176 2689 magistri
1208 2603 1531 2669 wilhelmi
1560 2606 1644 2670 de
1678 2605 2063 2684 Doncastre,
2100 2606 2394 2671 advocati
2420 2608 2487 2672 in

182 2690 385 2757 Curia
433 2706 653 2756 nostra
697 2690 1027 2776 praedieta,
1059 2703 1128 2756 et
1179 2690 1452 2757 Roberti
1504 2692 1589 2757 de
1632 2692 1849 2757 Berall
1896 2692 2123 2757 scribae
2174 2693 2373 2759 nostri
2418 2694 2489 2757 in

179 2780 245 2843 in
299 2778 551 2856 eadem,
583 2778 976 2843 notariorum
1027 2777 1450 2863 publicorum,
1504 2778 1771 2843 fecimus
1820 2779 2219 2845 communiri.
2308 2781 2489 2847 Data

179 2879 243 2931 et
269 2880 422 2931 acta
448 2868 514 2929 in
551 2864 810 2929 Galilea
833 2863 1275 2941 Dunelmensi,
1297 2887 1470 2930 anno
1488 2867 1573 2931 ab
1596 2867 2039 2931 incarnacione
2072 2866 2360 2945 Domini,
2392 2891 2490 2933 se-

176 2953 464 3018 cundum
513 2974 769 3017 cursum
814 2964 883 3017 et
933 2954 1491 3037 computacionem
1530 2953 1817 3018 ecclesiae
1850 2954 2249 3037 Anglicanae,
2284 2955 2490 3019 mille-

177 3041 342 3105 simo
369 3038 1002 3127 quadringentesimo
1031 3038 1283 3104 decimo
1305 3052 1559 3117 octavo,
1584 3038 1997 3125 pontificatus
2015 3040 2391 3105 sanctissimi
2420 3040 2489 3105 in

184 3126 424 3193 Christi
473 3125 670 3213 patris
721 3137 790 3190 et
839 3126 1084 3191 domini
1134 3128 1339 3191 nostri
1390 3126 1644 3192 domini
1686 3126 1957 3191 Martini
2010 3125 2224 3192 diviua
2276 3129 2489 3213 provi-

179 3214 368 3279 denci
404 3214 604 3299 Papae
632 3212 836 3301 quinti
865 3235 1040 3277 anno
1084 3212 1388 3292 secund0,
1425 3212 1791 3279 Indiccione
1822 3213 2219 3291 duodecima,
2252 3214 2488 3279 mensis

183 3300 514 3366 Februarii
544 3300 650 3365 die
682 3299 982 3364 vicesimo
1011 3300 1238 3385 primo,
1270 3302 1695 3385 praesentibus
1724 3300 2015 3364 discretis
2048 3300 2193 3365 viris
2228 3302 2489 3366 Thoma

185 3388 414 3473 Tange
463 3386 717 3453 notario
765 3385 1054 3471 publico,
1105 3386 1405 3452 Roberto
1441 3386 1525 3451 de
1576 3386 1982 3451 Middelham
2034 3400 2101 3452 et
2139 3387 2483 3453 Willielmo

185 3474 378 3541 Clerk
434 3472 896 3539 Dunelmensis
943 3472 1297 3551 dioceseoS,
1329 3486 1398 3539 et
1447 3472 1969 3559 procuratoribus
2002 3474 2197 3539 curiae
2246 3489 2484 3540 nostrae

182 3562 536 3644 praedictae,
587 3576 656 3626 et
706 3559 846 3624 aliis
911 3560 1412 3647 quamplurimiS,
1467 3572 1597 3625 tam
1646 3561 1907 3627 clericis·
1944 3583 2143 3649 quam
2190 3562 2365 3627 laicis
2416 3562 2483 3626 in

183 3648 592 3750 multitudine
637 3646 919 3734 copiosa,
955 3647 1221 3713 testibus
1269 3647 1351 3711 ad
1383 3649 1715 3733 praemissa
1738 3647 1981 3715 vocatis
2008 3650 2371 3735 specialiter
2406 3662 2484 3721 ‚et

183 3750 440 3821 rogam.

329 3904 358 3933 Φ
387 3898 487 3950 See
510 3913 560 3965 p-
585 3878 786 3949 xxrvss—
796 3911 966 3950 xxvix
989 3897 1169 3963 above,
1193 3898 1364 3951 where
1389 3898 1492 3951 this
1518 3898 1739 3951 Charter
1762 3898 1805 3950 is
1828 3897 2031 3965 printed
2056 3904 2109 3949 at
2132 3896 2336 3967 length.
