3000 5117
679 492 1094 547 Arrnnmx.
1135 495 1317 549 ARN.
1359 496 1779 549 mcccxcw.
2186 477 2439 558 clxxiii

133 667 452 747 ecelesiae,
507 690 584 735 ac
635 668 1009 735 obedientia
1057 684 1126 737 et
1170 671 1525 737 devocione
1574 684 1809 749 nostra,
1860 672 1965 739 vel
2006 691 2443 739 successorum

133 770 537 833 nostrorum,
577 754 1020 823 Romanorum
1051 760 1428 845 pontificum
1457 759 1770 825 canonice
1796 759 2192 837 intrantium,
2216 758 2445 844 persis-

135 843 332 921 tenti,
387 846 774 910 auctoritate
825 846 1178 929 apostolica
1229 846 1587 912 concedere
1632 846 1863 924 valeat,
1918 846 2257 913 devocioni
2308 860 2441 913 tuae

133 946 374 997 tenore
413 932 822 1017 praesentium
875 930 1304 1020 indulgemus,
1397 934 1505 1001 Sic
1538 947 1755 1007 tamen
1784 934 1961 1034 quod
1990 932 2159 1001 idem
2191 934 2447 1001 confes-

134 1040 270 1095 sor,
303 1018 390 1083 de
442 1017 584 1097 hiis,
615 1017 700 1084 de
730 1019 960 1106 quibus
989 1020 1181 1086 suerit
1219 1021 1408 1087 alteri
1433 1020 1785 1087 satisfactio
1814 1021 2267 1107 impendenda,
2300 1044 2447 1089 eam

133 1106 262 1170 tibi
311 1128 435 1191 per
481 1118 570 1183 te,
623 1108 676 1170 si
723 1107 1170 1192 supervixeris,
1205 1109 1306 1173 vel
1352 1129 1467 1193 per
1506 1109 1783 1175 heredes
1808 1123 1979 1187 tuos,
2011 1108 2065 1175 si
2094 1123 2247 1174 tunc
2276 1108 2453 1175 forte

131 1193 494 1271 transieris,
524 1192 882 1259 faciendam
914 1196 1230 1280 injungat,
1258 1211 1547 1282 quam-tu
1578 1196 1685 1261 vel
1714 1196 1803 1261 illi
1835 1196 2045 1261 facere
2076 1195 2446 1275 teneamini,

129 1296 212 1344 ut
243 1280 614 1366 praefertur.
667 1281 756 1347 Et
779 1304 884 1360 ne,
909 1282 1088 1369 quod
1109 1282 1292 1360 absit,
1325 1296 1589 1369 propter
1605 1282 1971 1369 hujusmodi
1998 1283 2271 1368 gratiam
2298 1283 2448 1349 red-

129 1366 316 1433 daris
369 1368 712 1453 proclivior
757 1369 842 1435 ad
888 1368 1114 1435 illicita
1161 1369 1579 1455 imposterum
1624 1370 2107 1449 committenda,
2151 1370 2445 1438 volumus

129 1456 316 1541 quod
351 1456 404 1519 si
437 1477 520 1521 ex
549 1456 942 1521 confidentia
989 1456 1376 1524 remissionis
1421 1457 1789 1542 hujusmodi
1818 1457 2035 1545 aliqua
2068 1458 2239 1523 forte
2267 1479 2445 1523 com·

131 1542 457 1620 mitteres,
537 1543 707 1608 uoad
739 1543 870 1623 illa,
926 1544 1238 1628 praedicta
1265 1544 1555 1611 remissio
1586 1545 1703 1611 tibi
1734 1545 2100 1611 nullatenus
2130 1545 2445 1635 susti-age-

133 1646 274 1695 tur.
399 1630 462 1693 N
470 1565 580 1694 υἹΙί
611 1652 770 1716 ergo
799 1631 1064 1697 omnino
1093 1632 1424 1697 hominum
1457 1632 1651 1699 liceat
1678 1632 1843 1697 hanc
1872 1632 2173 1719 paginam
2203 1646 2442 1697 nostrae

134 1716 570 1781 concessionis
615 1731 680 1783 et
723 1720 1070 1783 voluntatis
1101 1719 1469 1808 infringere,
1504 1721 1606 1786 vel
1634 1721 1697 1785 ei
1726 1742 1883 1785 ausu
1916 1720 2258 1786 temerario
2286 1742 2443 1785 con-

133 1804 363 1873 traire.
487 1805 558 1869 Si
587 1803 728 1891 quis
777 1819 996 1871 autem
1024 1806 1152 1872 hoc
1179 1819 1575 1893 attemptare
1613 1807 2114 1895 praesumpserit,
2148 1806 2441 1895 indigna-

135 1891 397 1959 cionem
429 1891 886 1977 0mnipotentis
920 1894 1072 1972 Dei,
1104 1907 1171 1960 et
1199 1896 1538 1965 beatorum
1576 1895 1751 1963 Petri
1778 1908 1847 1961 et
1881 1894 2088 1974 Pauli,
2122 1894 2447 1980 apostolo-

135 2002 288 2043 rum
341 1982 498 2056 e‘us,
561 2002 631 2045 se
687 1980 944 2049 noverit
999 1982 1427 2047 incursurum.
1548 1982 1727 2049 Data
1773 1984 2025 2063 Romae,
2056 1982 2229 2067 apud
2260 2004 2445 2047 sanc·-

138 2079 280 2131 tum
425 2081 658 2147 etrum,
721 2087 790 2131 vl
861 2068 1006 2135 idus
1076 2068 1482 2149 Novembris,
1544 2072 1955 2157 pontificatus
2012 2069 2217 2141 nostri
2272 2090 2445 2135 anno

139 2164 402 2243 quarto.

321 2518 506 2565 cmv.
559 2519 1122 2565 INSTRUMENTUM
1171 2520 1366 2571 QUOD
1419 2519 1793 2564 Episcopus
1849 2520 2273 2567 nosm'rA‘rus

319 2607 488 2651 run·
536 2607 610 2650 ΙΝ
655 2606 978 2653 maxumo
1023 2608 1116 2652 DE
1157 2607 1543 2653 Prrmoron
1578 2607 1669 2651 EX
1701 2608 1959 2654 GRACIA
1988 2610 2073 2655 m·
2105 2610 2273 2655 PER.-

315 2693 669 2744 ulssIoNB.

1064 2812 1234 2879 [Cart.
1257 2813 1304 2865 1.
1327 2812 1366 2865 f.
1390 2815 1527 2881 lla]

225 2929 312 2995 In
345 2927 605 2994 nomine
633 2928 780 3008 Dei,
815 2931 1028 2995 Amen
1058 2964 1146 2981 -—
1177 2930 1450 2995 Constet
1477 2972 1565 2985 -
1592 2930 1767 3018 quod
1798 2953 1969 2996 anno
1998 2973 2083 2987 --
2111 2930 2450 2997 millesimo

136 3016 602 3083 trecentesimo
648 3015 1068 3104 nonagesimo
1120 3032 1352 3104 quarto
1393 3058 1485 3075 -—
1536 3017 1769 3081 mensis
1822 3018 1985 3084 Maii
2038 3018 2145 3082 die
2196 3018 2453 3085 decima

133 3127 337 3183 nona,
371 3104 442 3169 in
471 3104 750 3191 quadam
780 3105 966 3169 bassa
994 3106 1250 3169 camera
1293 3104 1631 3170 reverendi
1664 3117 1730 3170 et
1756 3104 2035 3190 religiosi
2066 3105 2184 3169 viri
2206 3104 2452 3171 domini

131 3192 462 3257 Johannis
508 3192 594 3256 de
649 3190 1238 3280 Hemmyngburgh
1289 3190 1531 3257 Prioris
1561 3191 1851 3257 ecclesiae
1889 3192 2193 3257 Dunelm.
2224 3194 2289 3256 in
2322 3191 2453 3257 mei

135 3277 382 3345 notarii
429 3320 516 3333 --
560 3280 914 3364 praesencia
959 3277 1388 3365 personaliter
1429 3280 1783 3344 constituto
1819 3279 2084 3345 domino
2122 3278 2449 3357 Uthredo,

137 3388 344 3431 sacrae
374 3364 634 3453 paginas
663 3365 1010 3451 professori
1042 3365 1360 3431 monacho
1383 3365 1715 3445 Dunelm.,
1742 3365 1915 3431 idem
1935 3365 2235 3433 dominus
2263 3366 2453 3432 Prior.

137 3452 478 3518 mandavit
542 3452 639 3517 ire
707 3453 795 3519 ad
865 3454 1298 3519 venerabilem
1365 3466 1615 3539 patrem
1684 3452 2022 3521 dominum
2099 3454 2449 3520 Walter-um

141 3540 457 3605 Dunelm.
493 3539 910 3625 Episcopum,
935 3540 1020 3605 ad
1041 3540 1386 3606 crastinum
1411 3539 1749 3607 ecclesiam
1772 3542 1856 3606 de
1884 3541 2237 3626 Pitington‚
2259 3564 2455 3630 quam

139 3640 376 3693 tenent
423 3626 491 3691 in
531 3626 747 3691 usibus
777 3627 906 3691 suis
938 3627 1126 3693 Prior
1153 3642 1224 3692 et
1255 3628 1631 3693 Conventus
1664 3628 1995 3706 Dunelm.,
2029 3628 2457 3709 visitaturum,

141 3729 210 3779 et
251 3713 474 3781 eidem
516 3714 689 3799 patri
715 3714 1010 3779 intimare
1039 3715 1125 3779 de
1155 3714 1440 3780 manerio
1468 3718 1752 3801 ipsorum
1787 3716 2027 3783 Prioris
2057 3730 2127 3781 et
2157 3716 2457 3782 Conven-

149 3816 276 3879 tus,
327 3800 510 3889 quod
552 3801 747 3866 situm
777 3817 878 3868 est
895 3803 1092 3887 juxta
1117 3802 1450 3869 ecclesiam
1480 3802 1567 3867 de
1599 3803 1931 3889 Pitington
1963 3803 2361 3889 praedictam,
2394 3822 2465 3869 et

144 3903 218 3955 nt
262 3888 512 3953 faceret
557 3889 840 3978 constari
887 3889 1008 3975 ipsi
1048 3889 1398 3955 venerabili
1448 3889 1628 3955 Patri
1658 3891 1836 3978 quod
1864 3891 2070 3976 ipsum
2102 3889 2455 3955 manerium

142 3997 278 4041 non
341 3988 444 4041 est
500 3975 586 4040 de
645 3977 784 4042 solo
835 3976 1032 4063 ipsius
1089 3976 1401 4055 ecclesias,
1464 3992 1535 4043 et
1583 4000 1715 4041 non
1765 3978 2005 4045 debere
2061 3974 2455 4061 Episcopum

142 4062 657 4129 Dunelmensem
697 4065 956 4131 racione
985 4064 1376 4129 visitacionis
1401 4087 1535 4132 suoe
1564 4063 1807 4129 ibidem
1837 4064 2167 4150 hospitari.
2260 4060 2456 4127 Man-

140 4150 330 4215 davit
355 4148 619 4236 insnper
648 4150 858 4217 eidem
885 4150 1196 4237 magistro
1231 4152 1537 4218 Uthredo
1566 4152 1775 4216 dictus
1806 4150 2111 4215 dominus
2143 4150 2331 4215 Prior
2360 4149 2457 4215 in-

23 4301 25 4312 ,
141 4238 354 4303 vitare
401 4238 834 4305 venerabilem
863 4254 1112 4324 patrem
1159 4240 1243 4305 ad
1274 4238 1730 4325 hospitandum
1762 4239 1831 4303 in
1860 4236 2456 4337 manerio-‚praefato

23 4313 26 4334 ³
140 4346 269 4411 pro
319 4338 616 4412 tempore
667 4325 1052 4391 visitacionis
1103 4327 1492 4413 hujusmodi,
1549 4326 1791 4412 absque
1843 4324 2303 4391 vendicaclone
2350 4325 2457 4391 vel

141 4411 572 4497 usurpacione
609 4412 760 4479 novi
794 4413 960 4500 juris
991 4414 1095 4479 vel
1138 4412 1550 4500 possessionis
1583 4412 1646 4477 in
1677 4436 1755 4477 ea
1826 4429 1965 4477 arte
1997 4450 2083 4467 --
2118 4411 2460 4478 Praesenti-

143 4500 270 4567 bus
307 4499 610 4567 discretis
659 4500 808 4567 viris
861 4500 1174 4591 magistris
1223 4502 1517 4569 Roberto
1546 4501 1627 4569 de
1661 4502 1783 4569 Ass
1834 4500 2035 4569 eburn
2065 4512 2132 4567 et
2160 4498 2459 4568 Johanne
