3000 5117
823 460 1242 511 Arrsumx.
1284 462 1466 509 Amr.
1510 459 1912 519 mccccvn.
2315 441 2529 513 cxcix

301 922 331 937 ⁹
443 932 700 978 cnxxn.
749 930 1354 977 rnocnnxromtm
1387 932 1525 979 rao
1560 930 1903 975 ArosrA'rA
1936 930 2307 991 οᾼνικκυο.

1101 1072 1260 1141 [aeg.
1285 1072 1368 1123 11.
1389 1070 1476 1125 foi.
1501 1074 1649 1137 sta]

303 1212 648 1283 Universis
683 1211 922 1277 Christi
969 1211 1269 1277 fidelibus
1300 1212 1383 1277 ad
1413 1235 1575 1300 quos
1604 1230 1952 1298 praesentes
1982 1214 2183 1279 literae
2213 1237 2525 1300 pervene-

209 1302 348 1366 rint
377 1302 708 1367 Johanues
742 1299 928 1364 Prior
955 1299 1242 1363 ecclesiae
1267 1299 1653 1364 cathedralis
1680 1300 2139 1367 Dunelmensis
2162 1303 2431 1367 salutem
2456 1316 2526 1367 et

208 1388 550 1473 religionis
565 1398 980 1470 augmentum
1004 1385 1304 1451 devocius
1335 1386 1655 1451 affectare.
1725 1388 2047 1461 Quoniam
2078 1388 2339 1475 quidam
2372 1411 2527 1453 con·

208 1474 422 1539 frater
441 1485 664 1539 noster
685 1486 752 1537 et
769 1472 1295 1550 commonachuS,
1325 1472 1538 1538 Adam
1563 1474 1647 1539 de
1676 1472 1965 1539 Durham
1994 1474 2341 1559 vulgariter
2363 1498 2526 1539 nun·

208 1574 516 1647 cupatus,
547 1559 896 1623 secundum
927 1558 1214 1643 regulam
1244 1560 1446 1623 sancti
1479 1560 1823 1626 Benedicti
1853 1562 1919 1625 in
1956 1574 2174 1625 nostro
2204 1576 2527 1627 monaste-

206 1647 309 1712 rio
367 1647 714 1732 professus,
747 1644 968 1710 habitu
999 1668 1131 1709 suae
1181 1646 1509 1734 religionis
1558 1658 1801 1712 temere
1844 1648 2120 1734 abject0,
2178 1648 2524 1732 instigante

206 1734 500 1811 diabole,
521 1732 602 1797 ad
635 1733 917 1796 seculum
947 1748 1042 1797 est
1064 1754 1375 1811 reversus,
1401 1733 1741 1833 apostasiae
1768 1733 2009 1798 crimen
2032 1734 2524 1819 dampnabiliter

205 1820 588 1897 incidendo,
620 1833 888 1919 propter
931 1840 1122 1905 quam
1176 1835 1561 1905 apostasnam
1608 1822 1933 1885 sententia
1976 1822 2233 1905 majoris
2264 1843 2525 1885 excom-

206 1906 696 1984 municacioms,
744 1926 892 1969 cum
923 1906 1219 1970 omnibus
1249 1905 1358 1993 qui
1390 1905 1508 1969 sibi
1541 1905 1605 1968 in
1636 1906 2003 1991 hujusmodi
2032 1909 2351 1992 apostasia
2378 1930 2525 1994 per-

207 1993 478 2059 duranti
511 1992 786 2057 scienter
816 1990 1128 2056 auxilium
1160 1994 1453 2076 praebent
1483 1992 1585 2057 vel
1616 1992 1923 2071 favorem,
1947 1994 2145 2077 juxta
2172 1994 2523 2059 sententias

207 2081 558 2146 canonicas
589 2078 953 2156 innodatur,
1009 2076 1510 2145 Universitatem
1561 2094 1837 2143 vestram
1885 2079 2266 2166 requirimus
2311 2096 2377 2145 et
2408 2104 2525 2144 ex-

207 2168 552 2232 hortamur
593 2167 662 2230 in
695 2165 1002 2243 Domin0,
1035 2164 1355 2253 quatinus,
1387 2188 1607 2230 amore
1634 2165 1913 2249 justiciae
1944 2184 2011 2231 et
2043 2167 2155 2231 reli
2207 2166 2365 2231 ‘onis
2396 2170 2519 2231 ser-

208 2277 398 2332 vore,
430 2253 669 2319 dilecto
697 2252 1000 2317 confratri
1021 2265 1241 2315 nostro
1259 2252 1524 2317 domino
1549 2251 1865 2317 willelmo
1892 2253 1974 2317 de
2000 2255 2169 2338 Appi
2200 2256 2305 2339 by,
2328 2276 2523 2341 quem

214 2342 302 2405 ad
350 2339 744 2426 praedictum
795 2339 1006 2403 Adam
1046 2338 1452 2423 capiendum,
1504 2340 1787 2424 seu'capi
1819 2339 2201 2417 faciendum,
2234 2358 2527 2405 nostrum

207 2426 664 2492 constituimus
715 2438 1134 2502 attornatum,
1177 2438 1679 2509 procuratorem,
1713 2449 1789 2490 ac
1819 2428 2123 2490 nuncium
2154 2428 2517 2510 specialem,

207 2529 502 2578 vestrum
551 2511 862 2578 auxilium
903 2511 1278 2595 impendere
1326 2511 1679 2599 dignemini
1710 2527 1777 2577 et
1824 2513 2133 2591 favorem,
2186 2527 2258 2578 ut
2308 2530 2521 2579 vestro

205 2600 540 2665 mediante
587 2597 926 2683 adjutorio,
959 2597 1168 2662 dictus
1219 2598 1434 2663 Adam
1488 2598 1572 2662 ab
1616 2621 1831 2664 errore
1862 2599 1983 2663 viae
2015 2622 2148 2663 sum
2180 2602 2521 2665 salubriter

205 2700 576 2763 revocetur,
607 2700 678 2750 et
721 2707 837 2749 vos
867 2684 1102 2749 exinde
1131 2697 1374 2748 eternae
1403 2684 1852 2750 retribucionis
1882 2687 2217 2771 proemium
2250 2688 2523 2752 feliciter

204 2773 584 2861 adquiratis.
681 2772 758 2837 ln
784 2774 968 2857 cujus
997 2771 1091 2834 rei
1125 2770 1559 2835 testimonium
1590 2769 1863 2857 sigillum
1898 2786 2185 2837 nostrum
2209 2776 2519 2858 presenti-

203 2860 328 2923 bus
351 2877 454 2924 est
470 2880 843 2944 appensum.
934 2858 1116 2923 Data
1140 2857 1472 2937 Dunelmi,
1507 2878 1581 2923 xl
1613 2858 1721 2924 die
1754 2859 2013 2947 Aprilis,
2041 2882 2212 2924 anno
2247 2860 2514 2925 Domini

206 2945 552 3013 millesimo
585 2964 754 3011 cccc
785 2954 976 3009 vum.

549 3358 840 3404 chxlu.
883 3358 1099 3404 ΒΗΛ-,Δ
1129 3358 1498 3403 ΡΟΒΒΕΟΤΑ
1530 3357 1811 3403 DOMINO
1845 3358 2013 3404 REGI
2048 3360 2185 3403 Pto

989 3444 1333 3490 Aros‘rA‘rA
1363 3446 1736 3493 CAPmNDO.

1089 3586 1252 3656 [aeg.
1273 3587 1354 3639 11.
1376 3586 1466 3639 fol.
1485 3587 1634 3652 3404

288 3720 863 3789 Excellentissimo
913 3719 980 3784 in
1027 3717 1293 3783 Christo
1338 3717 1541 3803 princi
1584 3718 1611 3783 i
1662 3733 1731 3785 et
1774 3718 2039 3786 domino
2078 3743 2200 3784 suo
2246 3720 2511 3785 domino

207 3810 510 3875 Henrico
558 3807 688 3874 Dei
731 3806 950 3895 gracia
991 3805 1128 3893 regi
1165 3804 1418 3893 Angliae
1449 3819 1519 3871 et
1608 3805 1841 3871 ranciae
1871 3820 1938 3871 et
1968 3807 2232 3871 domino
2271 3808 2509 3872 Hiber-

201 3900 349 3976 nioe,
401 3918 556 3960 suus
609 3893 865 3960 humilis
911 3907 978 3957 et
1022 3891 1296 3955 devotus
1325 3906 1545 3957 orator
1573 3892 1902 3958 Johannes
1936 3892 2511 3978 Hemmynburgh,

205 3983 394 4047 Prior
431 3982 760 4047 Prioratus
795 3978 1279 4056 Dunelmensis,
1311 3978 1531 4042 divina
1557 4001 1819 4063 precum
1849 3980 2167 4063 suffragia,
2195 4001 2339 4042 cum
2366 4003 2507 4044 om-

201 4068 480 4135 nimodis
507 4067 887 4133 reverenciis
917 4064 1158 4149 pariter
1201 4078 1270 4129 et
1315 4064 1688 4132 honoribus.
1817 4064 2246 4128 Excellenciae
2277 4082 2511 4129 vestrae

201 4157 402 4242 regioe
459 4170 682 4219 notum
734 4152 1001 4217 facimus
1057 4173 1172 4235 per
1217 4164 1565 4235 praesentes
1612 4150 1787 4237 quod
1849 4152 2046 4214 frater
2112 4151 2390 4232 A[dam]
2422 4152 2506 4215 de

205 4240 572 4327 D[urham]
610 4239 962 4304 monachus
999 4254 1236 4315 noster,
1269 4238 1334 4301 in
1380 4238 1607 4325 regula
1649 4236 1890 4301 ordinis
1933 4236 2134 4299 sancti
2174 4237 2510 4303 Benedicti

201 4328 264 4390 in
311 4330 516 4393 domo
558 4340 782 4391 nostra
823 4324 1136 4410 praedicta
1179 4326 1486 4389 canonice
1518 4339 1583 4389 et
1614 4323 1863 4386 notorie
1894 4323 2236 4408 professuS,
2290 4339 2509 4409 spreto

200 4414 428 4480 habitu
458 4412 702 4479 ordinis
730 4412 918 4491 illins,
951 4424 1019 4476 et
1047 4410 1292 4495 rejecto
1321 4410 1526 4474 fraeno
1557 4423 1622 4475 et
1655 4423 1807 4475 voto
1828 4408 2224 4474 obedienciae
2246 4432 2401 4489 suae,
2424 4412 2508 4476 de
