3000 5117
518 512 661 586 xliv
988 532 1193 584 fflsr.
1234 530 1596 583 DUNELM.
1635 529 2102 582 sempr-onas
2139 532 2354 585 runs.

858 868 966 931 De
992 867 1221 931 solacio
1249 866 1582 930 Fratribus
1597 867 1906 947 faciendo
1933 869 1999 930 in
2021 886 2130 931 esu
2155 869 2462 935 carnium.

604 1002 793 1079 Cum,
844 1021 932 1064 ex
984 998 1463 1085 dispensaci0ne
1514 999 1700 1065 Sedis
1758 1000 2172 1086 Apostolicoe,
2215 1000 2408 1067 liceat
2455 1000 2820 1067 Abbatibns

512 1088 744 1154 fratres
794 1110 942 1153 suos
989 1100 1256 1172 propter
1304 1086 1612 1152 solacium
1661 1088 1727 1153 in
1771 1089 2039 1167 cameris
2071 1088 2200 1151 suis
2229 1087 2575 1175 aliquando
2598 1111 2821 1154 secum

514 1177 856 1254 advocare,
912 1188 979 1240 et
1028 1197 1140 1238 eos
1186 1173 1439 1259 plenius
1484 1174 1773 1252 exibere,
1808 1175 2096 1239 Thomas
2133 1174 2320 1239 Prior
2350 1175 2822 1241 recreationem

512 1263 805 1341 fratrum,
838 1262 948 1350 qui
978 1274 1242 1348 portant
1269 1261 1525 1346 pondus
1555 1261 1684 1326 diei
1715 1278 1781 1326 et
1808 1276 2025 1340 aestus,
2061 1262 2286 1327 volens
2319 1261 2823 1328 misericorditer

512 1350 900 1436 prospicere,
955 1347 1260 1433 providit,
1315 1361 1412 1427 ut,
1458 1348 1727 1433 singulis
1771 1349 1976 1427 anniS,
2027 1350 2422 1433 temporibus
2467 1349 2622 1427 suiS,
2654 1350 2824 1415 inter

518 1436 835 1503 Pascham
882 1452 949 1500 et
1004 1435 1434 1500 Pentecosten
1486 1434 1718 1500 fratres
1772 1435 1835 1499 in
1881 1457 1993 1501 esu
2042 1434 2330 1500 carnium
2377 1436 2474 1502 bis
2502 1436 2635 1501 reci
2692 1437 2824 1501 iant

510 1524 1005 1588 recreacionem.
1102 1521 1269 1586 Item
1316 1523 1486 1587 inter
1530 1522 1768 1587 festum
1815 1522 2228 1587 Pentecostes
2265 1536 2330 1587 et
2373 1521 2605 1587 festum
2735 1522 2826 1588 ati

516 1608 859 1675 Benedicti
886 1608 1024 1672 bis:
1074 1607 1223 1673 item
1258 1608 1422 1673 inter
1450 1608 1685 1674 festum
1717 1610 1918 1674 sancti
1954 1608 2295 1674 Benedicti
2326 1622 2392 1673 et
2421 1609 2666 1674 festum
2703 1612 2829 1675 As-

514 1693 899 1782 sumpcionis
931 1696 1143 1759 beatae
1187 1694 1471 1777 Virginis
1500 1695 1636 1761 bis:
1683 1695 1838 1761 item
1869 1698 2038 1760 inter
2067 1694 2303 1760 festum
2335 1696 2826 1779 Assumpcionis

513 1796 584 1848 et
628 1781 975 1848 nativitatis
1018 1781 1232 1846 beatae
1275 1781 1561 1866 Virginis
1601 1782 1742 1847 bis:
1789 1783 1947 1848 item
1977 1782 2146 1847 inter
2171 1783 2404 1849 festum
2443 1782 2828 1847 Nativitatis

514 1885 584 1935 et
635 1867 832 1935 sancti
887 1867 1225 1933 Michaelis
1277 1868 1418 1933 bis:
1466 1868 1619 1934 item
1667 1868 1833 1935 inter
1877 1869 2112 1934 festum
2141 1871 2342 1935 sancti
2378 1869 2732 1935 Michaelis
2761 1888 2832 1937 et

516 1957 829 2023 Omnium
896 1956 1277 2020 Sanctorum
1338 1954 1475 2019 bis:
1537 1956 1690 2021 item
1745 1978 1786 2021 a
1832 1953 1999 2021 festo
2060 1956 2364 2022 Omnium
2429 1958 2830 2021 Sanctorum

510 2066 715 2130 usque
764 2042 1136 2107 Adventum
1178 2040 1447 2105 Domini
1491 2042 1628 2107 bis:
1676 2042 1830 2108 item
1873 2068 1915 2108 a
1949 2042 2167 2108 Natali
2202 2065 2401 2129 usque
2431 2043 2516 2108 ad
2551 2042 2831 2128 Epifan-

512 2152 661 2217 yam
706 2131 936 2194 semel:
983 2129 1141 2193 item
1184 2128 1267 2193 ab
1316 2128 1686 2215 Epiphania
1726 2153 1929 2217 usque
1973 2130 2058 2195 ad
2106 2131 2666 2217 septuagesimam
2703 2132 2826 2199 bis.

512 2218 697 2282 Idem
727 2216 931 2282 eciam
970 2215 1154 2281 Prior
1176 2213 1678 2282 misericorditer
1706 2217 2006 2301 providit,
2039 2227 2132 2295 ut,
2164 2230 2403 2302 praeter
2429 2216 2543 2282 has
2567 2239 2832 2283 recrea-

510 2304 749 2378 ciones‚
782 2326 827 2367 x
856 2302 1139 2403 antiquae
1168 2302 1594 2367 recreationes
1624 2304 1786 2369 fiant
1811 2302 2012 2370 solitis
2043 2303 2437 2389 temporibus
2467 2304 2646 2382 anni,
2673 2327 2830 2370 cum

510 2406 788 2479 quatuor
815 2389 1070 2455 ferculis
1100 2389 1183 2454 de
1210 2390 1508 2454 carnibus
1536 2390 1620 2455 ad
1651 2412 1844 2455 unam
1873 2390 2234 2478 pitantiam,
2267 2390 2620 2455 secundum
2655 2392 2829 2457 anti-

511 2500 706 2565 quam
766 2475 1066 2561 graciam.
1178 2476 1256 2541 In
1312 2476 1451 2541 aliis
1511 2489 1722 2542 autem
1780 2478 2276 2543 recreationibus
2328 2476 2828 2563 praenominatis

508 2564 828 2629 sufficiant
878 2564 1011 2629 duo
1062 2562 1306 2629 fercula
1353 2565 1802 2649 competencia
1849 2565 1934 2630 de
1985 2564 2300 2643 carnibuS‚
2356 2586 2502 2629 cum
2557 2564 2828 2631 ferculis

512 2650 839 2728 ordinatis,
887 2672 1035 2737 quae
1085 2652 1462 2717 Conventus
1508 2651 1701 2715 habet
1747 2652 1814 2714 in
1849 2650 2247 2729 Refectorio,
2281 2650 2400 2714 nisi
2437 2652 2826 2718 Conventus

509 2738 707 2805 fuerit
738 2738 800 2801 in
832 2736 1071 2823 cappis.
1160 2737 1349 2802 Tunc
1380 2760 1538 2801 vero
1567 2736 1884 2804 sufficiant
1911 2738 2044 2803 duo
2072 2738 2318 2803 fercula
2344 2740 2825 2824 competencia,

510 2848 659 2913 quoe
716 2825 1088 2891 Conventus
1132 2823 1331 2889 habet
1373 2825 1441 2887 in
1493 2823 1886 2903 Refectorio,
1936 2848 2080 2889 cum
2128 2826 2384 2889 duobus
2426 2826 2692 2890 ferculis
2741 2828 2828 2893 de

510 2912 830 2979 carnibus.
922 2914 1001 2977 In
1059 2911 1205 2975 loco
1256 2926 1471 2977 autem
1519 2912 1902 2977 recreationi
1946 2913 2214 2977 fratrum
2255 2912 2571 2997 deputato
2603 2913 2828 2979 nullus

454 3022 461 3029 ·
508 2999 807 3065 secularis
859 2998 1257 3076 admittatur,
1310 3010 1550 3083 praeter
1599 2996 1950 3065 servientes
1989 2999 2074 3065 ad
2117 2998 2526 3065 serviendum
2558 2999 2648 3065 ibi
2673 3022 2829 3087 spe-

508 3089 756 3156 cialiter
787 3087 1127 3173 deputatos
1156 3098 1225 3151 et
1244 3086 1518 3172 juratos.

826 3264 936 3327 De
962 3262 1325 3327 Elemosina
1344 3262 1660 3343 facienda
1687 3265 1756 3325 iu
1785 3262 1988 3327 Fatis
2005 3264 2487 3345 principalibus.

599 3397 767 3461 Item
811 3397 1035 3461 statuit
1080 3395 1249 3461 idem
1281 3396 1580 3461 dominus
1611 3396 1900 3463 Thomas
1933 3396 2122 3463 Prior
2151 3395 2634 3470 Dunelmensis,
2665 3419 2826 3463 cum

506 3504 816 3548 consensu
864 3494 929 3547 et
974 3482 1239 3548 consilio
1291 3483 1599 3568 Capituli,
1642 3484 1878 3550 festum
1911 3484 2260 3550 nativitatis
2289 3483 2466 3549 beati
2496 3482 2826 3549 ,Iohannis

512 3569 827 3656 Baptistae
856 3568 1245 3655 principale3
1277 3584 1343 3636 et
1376 3572 1550 3657 quod
1584 3571 1647 3636 in
1679 3574 1980 3637 omnibus
2004 3571 2181 3637 festis
2212 3571 2670 3658 principalibus
2701 3594 2828 3656 per

507 3678 766 3735 annum,
800 3656 1042 3721 scilicet
1068 3656 1433 3722 Nativitatis
1462 3658 1746 3737 Domini,
1777 3658 2244 3725 Purificacione
2267 3660 2478 3725 beatae
2503 3657 2823 3742 Virginis„

506 3744 945 3830 Deposicioue
990 3745 1193 3808 sancti
1229 3744 1594 3825 Cuthberti,
1633 3747 1900 3826 Pascha,
1939 3747 2357 3825 Ascensione,
2395 3746 2822 3825 Pentecoste,

500 3830 869 3909 'TrinitatiS,
938 3830 1296 3897 Nativitate
1354 3833 1529 3898 beati
1576 3834 1890 3901 Johannis
1945 3834 2282 3922 Baptistae,
2346 3832 2826 3919 Assumpcione

507 3934 749 3985 sanctae
798 3918 1054 3997 Marioe,
1110 3918 1458 3985 festivitate
1507 3925 1712 3987 sancti
1763 3921 2064 4000 Oswaldi,
2115 3920 2580 3987 Translacione
2609 3920 2826 3986 sancti

512 4007 879 4085 Cuthberti,
943 4023 1008 4073 et
1061 4006 1404 4073 festivitate
1472 4008 1774 4073 Omnium
1841 4011 2247 4088 Sanctorum,
2301 4008 2546 4073 scilicet
2597 4021 2692 4085 ut,
2747 4010 2826 4073 in

504 4095 736 4161 horum
782 4095 1066 4183 singulm,
1116 4095 1580 4161 distribuantur
1617 4096 1677 4161 vi
1727 4097 1841 4161 'nti
1873 4097 2060 4163 solidi
2090 4098 2174 4162 ad
2205 4095 2548 4161 emendum
2581 4116 2824 4180 panem

506 4185 589 4248 ad
632 4206 781 4247 usus
826 4205 1202 4268 pauperum,
1252 4183 1336 4247 de
1382 4183 1664 4249 scacario
1679 4121 1960 4264 ffirioriS,
1988 4185 2096 4272 qui
2122 4207 2242 4271 pro
2272 4197 2563 4267 tempore
2593 4182 2818 4261 fuerit,

502 4270 877 4355 recipiendi.
970 4270 1099 4345 Qui
1148 4268 1387 4336 denarii
1442 4271 1746 4361 assignati
1795 4286 1947 4337 sunt
1994 4273 2078 4337 ad
2131 4273 2304 4337 istud
2349 4293 2509 4355 opus
2554 4270 2822 4354 pietatis

502 4379 629 4422 exe
678 4357 958 4421 nendum
993 4357 1271 4423 fideliter
1300 4358 1365 4422 in
1397 4374 1780 4444 perpetuum
1811 4361 1894 4427 de
1925 4360 2194 4428 ecclesia
2221 4361 2305 4426 de
2333 4356 2816 4445 Edelyngham‚

504 4381 808 4511 videlicet
838 4444 1181 4513 duodecim
1210 4445 1395 4513 librae
1424 4446 1696 4532 argenti.
