3000 5117
588 460 712 530 Ixx
1069 478 1270 531 mer.
1310 475 1664 530 nussum.
1704 475 2165 530 scum-omes
2198 475 2412 530 raus.

596 637 783 706 nobis
831 639 1144 727 imposito·
1173 642 1557 709 submittens
1600 639 2017 706 humen-ond
2044 639 2464 726 portandum,
2508 635 2693 703 omni
2722 658 2933 702 occa-

600 727 801 792 sione·
825 750 902 792 ac
945 729 1370 796 excusacione
1414 741 1727 806 cessante,
1762 728 1899 792 sine
1943 749 2144 792 morae
2187 724 2529 812 dispendio
2554 725 2641 790 ad
2676 723 2925 790 Eccle-

600 814 764 879 siam*
803 814 1085 880 accedas·
1114 817 1406 895 eandem,
1439 831 1701 882 acturus
1730 815 2083 880 secundum
2127 815 2353 880 datam-
2392 812 2512 878 tibi
2540 835 2590 877 a
2612 811 2929 877 Domino

597 902 873 986 gratiam
902 923 1123 967 curam
1153 903 1323 988 ejus3
1371 903 1585 970 taliter
1613 915 1839 967 autem·
1860 902 2279 1001 beneplacitis
2306 898 2539 966 nostris
2560 898 2925 986 obsequiet

590 989 982 1077 jussionibus
1011 990 1274 1056 studeas
1301 991 1567 1057 obedire
1596 988 1775 1078 quod
1804 987 2260 1056 inobedientiae
2304 990 2510 1054 vitato
2538 1001 2727 1052 reatu
2766 987 2929 1052 obe-

599 1075 868 1142 dientiae
897 1076 1197 1142 meritum
1227 1078 1629 1144 voluntarius
1645 1076 1939 1162 proberis
1956 1075 2277 1162 amplecti,
2297 1097 2542 1163 nosque
2564 1073 2687 1138 tibi
2711 1095 2927 1160 prop-

598 1175 701 1228 ter
745 1164 870 1228 hoc
915 1164 1146 1230 reddas
1189 1164 1574 1232 favorabiles·
1600 1177 1667 1229 et
1696 1163 2051 1248 benignos3
2094 1163 2365 1229 sciturus
2396 1162 2594 1250 quod,
2628 1161 2685 1225 si
2715 1161 2927 1238 adeo,

597 1250 776 1338 quod
821 1273 952 1316 non
998 1253 1335 1330 credimus,
1368 1267 1499 1318 tuae
1546 1251 1751 1316 velles·
1783 1251 2119 1340 indulgere
2163 1250 2390 1339 quieti,
2416 1263 2487 1314 ut
2518 1271 2689 1314 onus
2736 1249 2928 1335 quod

595 1338 781 1403 nobis
811 1339 1188 1406 incumbens
1217 1339 1334 1405 tibi
1378 1339 1774 1406 destinamus
1802 1338 2265 1426 imponendum
2296 1336 2621 1423 suscipere
2649 1336 2930 1400 detrec·

596 1437 736 1490 tare
780 1439 989 1512 potes,
1021 1449 1152 1492 non
1198 1427 1515 1492 immerito
1558 1425 1907 1491 formidare
1950 1448 2033 1492 ne
2076 1449 2117 1490 a
2146 1440 2211 1491 te
2238 1425 2639 1513 requiramus
2672 1425 2751 1487 in
2812 1445 2931 1488 ex-

598 1527 811 1577 tremo
839 1514 1132 1579 examine
1161 1537 1376 1580 coram
1422 1513 1716 1579 districto
1734 1513 1956 1598 judice
1996 1513 2332 1580 rationem.
2420 1511 2601 1578 Data
2634 1511 2937 1598 Spoleti,

603 1618 660 1663 u
697 1599 850 1665 Idus
883 1599 1072 1681 Maii,
1105 1601 1523 1687 pontificatus
1552 1601 1757 1666 nostri
1786 1621 1955 1666 anno
1983 1600 2298 1666 secundo.

777 1967 930 2016 mn.
981 1965 1402 2012 COMPOSITIO
1437 1967 1597 2018 QUAE
1642 1965 1967 2012 VOGATUB
2000 1965 2085 2010 LE
2122 1964 2475 2012 commun·
2505 1965 2747 2012 INTER·

769 2053 1160 2099 lu’lscol’uu
1223 2055 1597 2100 RICARDUM
1658 2053 2049 2100 SECUNDUM
2103 2055 2192 2100 ΒΤ
2252 2053 2574 2100 Pmoun!
2642 2055 2741 2099 ΒΤ

772 2141 1204 2188 convmvruu
1235 2141 1797 2190 nun-RLMBNSBM.

1363 2259 1496 2327 [Ει.
1520 2260 1665 2330 Orig·
1688 2261 1756 2312 A.
1778 2261 1820 2310 Ι.
1844 2263 1894 2311 2.
1923 2257 2148 2326 Penus}

687 2375 1278 2444 Omnibus=sanctae
1314 2374 1545 2440 matris
1574 2373 1862 2440 ecclesiae
1908 2374 2075 2453 filiis,
2102 2373 2183 2440 ad
2215 2395 2377 2460 quos
2396 2395 2689 2460 proesens
2716 2375 2940 2462 scrip-

591 2477 729 2530 mm
763 2464 1144 2551 pervenerit,
1185 2462 1507 2528 Ricardus-
1532 2461 1667 2528 Dei.
1688 2463 1893 2551 grati&
1927 2460 2381 2527 Dunelmensis
2416 2461 2792 2548 Episcopus
2826 2487 2935 2528 sa-

590 2553 808 2618 lutem·
839 2555 904 2616 in
955 2550 1257 2616 Domino.
1350 2551 1522 2616 Cam
1568 2571 1685 2634 per
1730 2549 2102 2614 mandatnm
2148 2548 2525 2614 sanctissimi
2570 2553 2793 2634 patris
2836 2553 2930 2617 G.

591 2663 784 2727 papae
817 2637 988 2717 noni,
1026 2635 1484 2704 Dunelmensis
1514 2636 1806 2702 eeclesiae
1848 2638 2138 2722 regimen
2180 2639 2704 2722 suscepissemus,
2742 2639 2930 2723 ejus-

591 2727 741 2792 dem
773 2725 1161 2811 reparationi
1190 2747 1266 2791 ac
1293 2723 1763 2802 reformationi,
1788 2723 1933 2810 paci
1962 2737 2029 2788 et
2048 2724 2509 2811 tranquillitati,
2531 2728 2937 2810 prospicere

589 2814 907 2878 volumus,
1002 2812 1210 2897 Igitur
1251 2833 1398 2876 cum
1431 2811 1837 2896 temporibus·
1888 2811 2210 2896 Hugonis,
2271 2811 2613 2897 Philipppi,
2652 2813 2935 2898 episco-

591 2923 826 2987 porum
876 2898 1433 2977 Dunelmensium,
1467 2900 2014 2984 praedecessorum
2058 2912 2445 2976 nostrorum,
2477 2913 2551 2963 et
2574 2901 2931 2986 praecipue

591 3003 886 3075 tempore
941 2987 1202 3052 Ricardi
1251 2986 1336 3052 de
1387 2985 1679 3053 Marisco
1732 2984 2018 3072 episcopi
2050 2985 2506 3051 Dunelmeusis
2534 2988 2934 3071 praedeces-

587 3077 749 3142 soris
778 3077 1007 3153 nostri,
1030 3075 1263 3139 multas
1293 3072 1767 3140 controversias·
1780 3085 1848 3138 et
1876 3095 2103 3161 graves
2124 3071 2420 3160 querelas
2442 3073 2611 3137 inter
2632 3075 2931 3140 eosdem

593 3163 952 3250 Episcopos
998 3176 1064 3227 et
1097 3161 1385 3227 Priorem
1431 3179 1500 3226 et
1536 3161 1951 3225 conventum
1980 3159 2487 3225 Dunelmeusem
2526 3159 2933 3248 frequenter

587 3265 848 3317 exortas
895 3248 1453 3335 cognovissemus3
1528 3248 1861 3333 cupientes
1912 3269 2109 3334 super
2154 3247 2397 3312 eisdem
2449 3249 2929 3313 controversiis

589 3353 659 3404 et
703 3337 979 3425 querelis
1023 3350 1267 3401 certam
1311 3349 1380 3401 et
1408 3335 1705 3400 stabilem
1732 3357 1811 3400 ac
1838 3334 2177 3400 honestam
2207 3333 2379 3420 pacis
2409 3333 2689 3398 formam
2738 3335 2932 3402 inter

588 3446 710 3488 nos
739 3438 808 3489 et
835 3445 1230 3488 successores
1262 3435 1511 3487 nostros
1542 3437 1611 3488 et
1637 3436 2025 3488 memoratos
2059 3421 2350 3487 Priorem
2380 3435 2448 3486 et
2480 3422 2933 3488 conventum

588 3509 818 3576 futuris
850 3508 1244 3594 temporibus
1274 3509 1670 3587 duraturam,
1691 3509 2055 3595 providere,
2078 3509 2343 3574 tandem
2372 3507 2599 3573 habito
2618 3522 2931 3576 tractatu

591 3619 740 3663 eum
787 3597 946 3660 viris
980 3595 1293 3675 discretis,
1327 3597 1410 3662 de
1439 3619 1752 3661 consensu
1796 3610 1865 3662 et
1895 3597 2231 3662 voluntate
2268 3594 2597 3680 Radulphi
2634 3596 2929 3678 Prioris,

592 3699 662 3752 et
695 3683 976 3770 Capituli
1005 3683 1221 3747 nostri·
1243 3683 1717 3763 DunelmensiS,
1751 3683 1837 3748 ad
1880 3682 2193 3748 honorem
2238 3681 2393 3761 Dei,
2422 3682 2610 3747 dictis
2642 3699 2931 3750 contro·

591 3770 812 3838 ver-siis
841 3788 909 3836 et
935 3770 1219 3858 querelis
1243 3769 1307 3835 in
1336 3770 1543 3835 forma
1572 3771 1925 3855 subscripta
1954 3770 2149 3835 finem
2194 3769 2635 3856 imposuimus,
2669 3793 2757 3836 ac
2792 3774 2925 3838 sub

591 3860 837 3926 eisdem
867 3859 1040 3924 inter
1063 3879 1182 3922 nos
1211 3879 1299 3922 ex
1330 3858 1458 3922 una
1485 3873 1670 3942 parte
1699 3871 1903 3942 parte,
1938 3870 2005 3922 et
2034 3856 2241 3922 dictos
2274 3855 2567 3922 Priorem
2596 3871 2666 3922 et
2700 3859 2927 3945 Capi-

590 3947 804 4013 tulum
843 3968 935 4012 ex
983 3945 1204 4022 attera,
1240 3946 1655 4010 convenit0in
1701 3943 1873 4009 hunc
1913 3945 2199 4014 modum.
2296 3942 2559 4009 Scilicet
2580 3947 2773 4032 quod
2802 3969 2931 4010 vo-

519 4065 526 4074 ’
590 4036 802 4101 lumus
849 4046 918 4100 et
968 4033 1390 4098 concedimus
1429 4031 1611 4117 quod
1649 4031 1757 4115 jus
1809 4031 2245 4117 praesentandi
2292 4031 2377 4096 ad
2433 4031 2773 4097 Ecclesias
2832 4035 2928 4100 de

593 4121 951 4200 Houeden,
1002 4119 1362 4198 Welleton,
1400 4119 1843 4196 Brentinham,
1883 4119 2337 4202 VValkington,
2394 4116 2773 4203 Siggeston,
2814 4143 2931 4186 re-

589 4223 852 4274 maneat
899 4209 1392 4292 inperpetuum
1437 4206 1766 4270 monachis
1800 4203 2345 4270 Dunelmensibus
2370 4203 2507 4269 sine
2536 4207 2930 4273 contradic-

593 4298 773 4362 tione
821 4295 1040 4359 nostrfl.
1089 4293 1204 4359 vel·
1236 4315 1667 4358 successorum
1716 4305 2104 4362 nostrorum.
2254 4291 2572 4358 Custodia
2620 4315 2793 4359 vero
2852 4310 2925 4360 et

590 4395 923 4472 sequestra
967 4379 1190 4446 omnia·
1229 4379 1661 4444 Ecclesiarum
1705 4403 1853 4468 quae
1894 4395 2042 4445 sunt
2071 4379 2545 4447 de'donacione
2573 4378 2927 4448 dictorum

592 4467 1053 4536 monachorum
1083 4467 1152 4532 iu
1181 4467 1577 4554 Episcopatu
1608 4467 2052 4550 Dunelmffiisi,
2086 4491 2233 4535 cum
2264 4464 2663 4548 vacaverint,
2713 4471 2931 4536 nobis
