3000 5117
520 508 730 582 xcviii
968 529 1174 582 ms‘r.
1214 529 1571 584 nussum·
1612 528 2081 588 scr-mouns
2117 529 2333 583 rans.

523 691 944 758 devocionem
975 691 1311 770 habemuS,
1333 689 1583 776 jugiter
1612 689 1679 755 in
1710 691 1945 756 nostris
1968 691 2217 757 actibus
2246 689 2561 778 adjuvari,
2594 703 2663 758 et
2695 692 2857 780 dig-

522 801 682 844 num
727 792 1064 844 censentes
1109 779 1312 864 ipsum
1345 778 1408 840 in
1441 777 1625 841 terris
1654 779 1719 841 in
1750 780 1879 842 suis
1910 777 2232 844 honorare
2263 777 2591 858 ministriS,
2624 794 2695 846 et
2722 803 2847 845 eos

523 866 844 950 respicere
868 866 1088 950 gratiis
1109 862 1470 951 oportuniS,
1486 865 1985 949 perdonavimus
2008 865 2255 931 dilectis
2276 867 2462 931 nobis
2482 865 2548 931 in
2575 866 2847 932 Christo

527 952 737 1018 Priori
768 967 834 1018 et
867 954 1231 1018 Conventui
1255 950 1543 1016 ecclesiae
1576 951 2050 1030 Dunelmensis,
2081 951 2311 1040 inqua
2335 949 2848 1039 ipsius-Confes-

522 1039 684 1104 soris
729 1061 964 1125 corpus
1007 1038 1472 1104 sanctissimum
1518 1037 1880 1124 requiescit,
1930 1037 2106 1105 mille
2154 1056 2221 1104 et
2264 1037 2611 1104 duodecim
2642 1039 2844 1105 libras

521 1147 758 1192 novem
789 1127 1030 1191 solidos
1059 1126 1354 1190 undecim
1389 1124 1683 1188 denarios
1714 1140 1783 1190 et
1815 1146 2015 1190 unum
2043 1126 2488 1212 quadrantem,
2512 1126 2579 1190 in
2602 1127 2851 1212 quibus

521 1213 710 1279 nobis
764 1214 1147 1278 tenebantur
1197 1212 1282 1276 ad
1339 1211 1743 1278 Scaccarium
1795 1225 2108 1290 nostrum,
2168 1225 2301 1277 tam
2353 1212 2438 1277 de
2492 1213 2853 1299 arreragiis

519 1299 882 1366 medietatis
925 1321 1116 1386 quam
1151 1299 1396 1386 quintae
1427 1299 1745 1363 bonorum
1774 1320 2059 1377 suorum,
2139 1321 2251 1364 uas
2282 1321 2489 1383 nuper
2516 1300 2732 1378 nobis,
2770 1299 2851 1366 in-

519 1389 734 1452 nostri
781 1386 1160 1463 subsidium,
1209 1402 1717 1461 concesserunt3.
1757 1398 1823 1450 et
1876 1408 2023 1472 quae
2068 1408 2109 1450 a
2195 1385 2289 1450 eis
2332 1407 2449 1471 per
2478 1389 2844 1452 summoni-

521 1473 802 1540 oionem*
829 1473 1118 1558 ejusdem
1182 1469 1502 1538 Scaecarii
1548 1473 1899 1557 exiguntur
1916 1496 1942 1550 ς.
2000 1471 2288 1538 volentes
2342 1471 2518 1560 quod
2572 1475 2843 1559 praefati

527 1559 720 1626 Prior
749 1573 818 1626 et
876 1561 1270 1638 Conventus,
1319 1573 1429 1623 aut
1474 1581 1871 1626 successores
1900 1559 2019 1638 sui,
2072 1580 2189 1644 per
2234 1581 2371 1638 ηοε,
2404 1559 2509 1626 vel
2536 1559 2845 1628 haeredes

519 1659 778 1712 nostros
806 1647 1141 1712 occasione
1173 1645 1642 1734 arreragiorum
1673 1645 1966 1731 pecuniae
1995 1646 2326 1732 praedictoe
2347 1645 2432 1711 de
2456 1659 2676 1711 cetero
2694 1669 2846 1712 non

520 1733 948 1800 molestentur
989 1733 1056 1798 in
1095 1733 1310 1820 aliquo
1341 1755 1450 1797 seu
1482 1749 1851 1817 graventur.
1942 1733 2020 1797 In
2052 1737 2232 1799 cu‘us
2261 1734 2356 1799 rei
2388 1733 2843 1799 testimonium

521 1819 640 1884 h'as
684 1821 926 1886 litteras
964 1836 1216 1884 nostras
1247 1819 1394 1884 fieri*
1417 1818 1681 1883 fecimus
1710 1831 2035 1904 patentes..
2114 1759 2317 1885 'i'este
2347 1843 2455 1884 me
2484 1820 2623 1906 ipso
2653 1822 2844 1907 apud

516 1905 943 1986 Dunelmum‚
991 1926 1095 1970 xn
1125 1907 1231 1972 die
1267 1905 1666 1983 Decembris,
1700 1925 1871 1970 anno
1900 1906 2081 1991 regni
2112 1905 2318 1972 nostri
2348 1907 2837 1994 vicesimo-sep-

518 1995 702 2062 timo,
800 1993 926 2058 Per
955 1993 1166 2078 ipsum
1206 1993 1479 2076 Regem,
1529 1992 1982 2056 nunciantibus
2041 1993 2358 2060 Willelmo
2416 1995 2733 2061 Coventr’
2766 2009 2843 2061 et

516 2079 706 2146 Ltch’
735 2082 1041 2166 episcopo
1072 2094 1139 2144 et
1168 2079 1232 2147 J.
1263 2080 1350 2144 de
1384 2079 1928 2144 Drokenessford.

690 2445 950 2493 Exxvn.
1001 2474 1101 2494 ...ο
1139 2449 1352 2493 REGIS·
1393 2449 1718 2492 RDWARDI
1750 2447 1888 2493 PRO
1934 2447 2243 2494 chRno
2277 2449 2366 2493 DE
2402 2451 2657 2496 HOTON‘

689 2535 914 2580 SUPER
940 2535 1312 2581 CONDUCTU
1347 2537 1417 2580 m
1443 2537 1791 2581 FACIENDO
1820 2535 1893 2580 m
1916 2537 2261 2582 PARTIBUS
2284 2537 2651 2582 TRANSMA-

689 2621 904 2670 nmis.

1001 2741 1176 2807 [Cart.
1202 2742 1318 2794 111.
1337 2740 1378 2798 f.
1399 2745 1519 2794 219.
1538 2742 1596 2794 b.
1620 2748 1677 2796 et
1700 2741 1995 2811 offirma.
2018 2743 2155 2811 neg.
2180 2741 2244 2794 Ε.
2272 2744 2347 2811 ι.]

605 2854 962 2922 Edwardus
1019 2856 1149 2922 Dei
1196 2857 1415 2942 gracia
1470 2857 1620 2922 Rex
1678 2855 1959 2956 Angliae,
1997 2855 2321 2920 Dominus
2358 2855 2703 2922 Hiberuiae
2750 2873 2831 2926 et

510 2941 675 3010 Dux
707 2943 1098 3032 Aquitaniae,
1134 2945 1430 3010 omnibus
1478 2942 1697 3008 amieis
1728 2965 1857 3007 suis
1886 2943 1971 3007 ad
2003 2962 2168 3030 quos
2195 2955 2551 3028 proesentes
2578 2945 2828 3012 litterae

505 3031 940 3116 pervenerint,
974 3030 1268 3098 salutem.
1366 3031 1533 3095 Cum
1566 3028 1835 3095 dilectus
1866 3027 2054 3094 nobis
2084 3028 2152 3092 in
2190 3029 2456 3095 Christo
2491 3029 2819 3098 Ricardus

508 3117 614 3183 de·
651 3119 902 3184 Hoton·
931 3117 1142 3183 Prior·
1183 3113 1647 3182 Dunelmensis
1695 3116 1781 3181 de
1842 3115 2109 3181 licencia
2158 3129 2378 3181 nostra
2427 3117 2511 3182 ad
2564 3118 2819 3186 curiam

514 3205 880 3270 Romanam
907 3225 1030 3292 pro
1047 3204 1443 3292 quibusdam
1474 3201 1758 3287 negociis
1789 3201 1919 3267 suis
1948 3201 2369 3286 expediendis
2400 3225 2471 3268 se
2500 3203 2813 3284 divertat,

499 3313 618 3356 vos
669 3313 970 3376 rogamus
991 3317 996 3320 ·
1017 3291 1315 3380 quatinus
1365 3289 1579 3355 eidem
1639 3289 1845 3354 Priori
1898 3301 2099 3376 atque
2134 3289 2394 3353 familiae
2422 3312 2557 3355 suae
2586 3313 2814 3359 secum

499 3378 679 3442 eunti
734 3379 800 3442 in
853 3379 1045 3442 rebus
1091 3391 1204 3443 ant
1252 3377 1543 3462 personis
1592 3375 1740 3453 θυῖε,
1776 3377 1865 3440 in·
1895 3376 2124 3440 eundo
2144 3395 2363 3440 versus
2390 3391 2613 3462 partes
2640 3401 2817 3464 prae-

502 3462 730 3541 dictas,
792 3463 1032 3529 ibidem
1089 3464 1428 3540 morando,
1491 3477 1561 3528 et
1612 3462 1847 3528 exinde
1905 3461 2261 3538 redeundo,
2302 3485 2437 3527 non
2488 3464 2809 3548 inferatis,

497 3550 626 3628 vel,
659 3564 974 3636 quantum
1027 3549 1094 3613 in
1147 3549 1326 3615 vobis
1373 3562 1492 3629 est,
1526 3549 1746 3614 inferri
1792 3549 2177 3635 permittatis
2217 3550 2538 3635 injuriam,
2570 3553 2811 3619 moles-

495 3635 673 3714 tiam,
707 3636 1240 3721 impedimentum
1289 3659 1400 3701 seu
1454 3657 1801 3725 gravamen
1825 3662 1851 3712 ς
1894 3636 2007 3701 sed
2054 3635 2275 3721 potius
2306 3635 2418 3714 eis,
2452 3659 2600 3702 cum
2630 3639 2817 3724 ipsos

491 3743 612 3808 per
641 3739 862 3810 partes
902 3738 1140 3788 vestras
1189 3725 1531 3789 transitum
1562 3723 1773 3788 facere
1818 3721 2185 3811 contigerit,
2217 3723 2463 3788 salvum
2508 3737 2575 3789 et
2618 3747 2819 3792 secu-

486 3831 634 3876 rum
695 3813 1090 3876 conductum
1151 3811 1350 3876 nostri
1405 3809 1963 3897 contemplacione
2030 3808 2270 3875 habere
2336 3809 2601 3890 faciatis,
2648 3835 2812 3878 cum

488 3899 576 3964 ab
598 3897 748 3998 ipsis
765 3919 852 3963 ex
884 3912 1065 3985 parte
1093 3912 1318 3963 nostra
1343 3897 1595 3962 fueritis
1625 3920 1817 3982 super
1831 3897 1955 3960 hoc
1984 3895 2291 3983 requisiti.
2382 3895 2463 3961 In
2490 3898 2675 3984 cnjus
2704 3903 2809 3967 rei

487 3985 926 4051 testimonium
980 3984 1096 4051 has
1146 3985 1396 4050 litteras
1426 3999 1680 4050 nostras
1720 3984 1862 4049 fieri
1891 3983 2159 4048 fecimus
2188 3994 2505 4069 patentes,
2623 4008 2656 4050 r
2700 3988 2811 4053 bi-

491 4074 756 4138 ennium
803 4073 1166 4138 duraturas.
1255 4072 1438 4137 Data
1465 4071 1636 4158 apud
1686 4069 2112 4148 Lincolniam,
2156 4071 2366 4156 primo
2394 4071 2503 4137 die
2614 4075 2800 4156 arcii,

487 4181 659 4226 anno
686 4161 873 4250 regni
903 4161 1109 4228 nostri
1137 4158 1442 4226 vicesimo
1473 4181 1669 4226 nono.
1761 4159 1891 4225 Per
1918 4157 2131 4245 ipsum
2164 4157 2450 4246 Regem.
