3000 5117
721 508 1166 561 osuramus
1222 510 1326 561 nn
1383 512 1933 564 coanoHAM.
2390 502 2485 567 15

166 674 610 760 patrocinium
625 672 716 735 eis
741 671 1176 737 advocationis
1197 686 1565 759 praestante,
1588 676 1765 761 operi
1792 673 2203 741 nihilominus
2222 696 2487 761 operam

171 762 440 827 dabant.
547 760 902 824 Videbatur
955 758 1076 823 hiis
1141 759 1494 846 Episcopus
1555 762 1897 837 assentire3
1972 763 2129 827 dum
2188 764 2483 851 querelas

169 848 642 913 monachorum
689 846 777 910 ad
821 847 1030 931 ipsum
1072 845 1444 934 frequenter
1472 847 1717 914 delatas
1748 870 1875 912 non
1906 850 2321 927 admitteret3
2364 850 2483 916 sed

169 937 438 1020 objecto
497 934 744 999 nullum
797 932 1020 1014 [inde]
1064 933 1156 997 eis
1199 934 1376 999 nasci
1418 957 1609 1021 posse
1668 934 1981 1001 libertatis
2041 936 2175 1002 sive
2232 959 2480 1023 posses-

165 1024 374 1087 sionis
423 1020 860 1106 dispendium,
915 1020 1328 1103 permissione
1375 1020 1672 1087 simulata
1720 1022 2099 1106 praeteriret.
2220 1024 2481 1089 Amisso

163 1110 374 1195 igitur
432 1108 798 1173 Comitatus
846 1106 1078 1185 officie,
1137 1107 1601 1193 Sathbergeam
1632 1129 1935 1173 revocare
1980 1112 2351 1195 satagebat3
2397 1110 2484 1175 ad

170 1200 356 1283 cujus
385 1194 692 1260 desiderii
718 1192 1020 1259 effectum
1050 1194 1249 1279 magis
1267 1216 1529 1258 censum
1554 1215 1747 1287 quarn
1774 1194 2147 1259 meritorum
2170 1195 2305 1262 sive
2334 1219 2485 1282 pre-

169 1304 344 1359 cam,
407 1303 596 1345 more
653 1280 868 1357 solito,
901 1278 1307 1365 profuturum
1337 1279 1543 1345 sciens
1588 1302 1730 1345 esse
1772 1280 2172 1366 suffragium,
2208 1302 2261 1347 11
2305 1283 2482 1348 mille

167 1369 352 1432 libris
383 1368 475 1431 ob
504 1368 644 1451 ejus
673 1364 1142 1430 restitutionem
1174 1367 1430 1445 oblatis,
1467 1366 1669 1451 Regis
1698 1366 1983 1435 animum
2014 1368 2343 1447 emollivit,
2374 1369 2485 1456 qui

171 1468 236 1518 et
281 1454 510 1518 literas
556 1470 622 1518 et
670 1453 868 1518 verba
896 1452 1318 1535 amica[bilia]
1355 1452 1685 1539 Episcopo
1727 1452 1982 1519 direxit.
2080 1455 2186 1519 Ex
2216 1477 2483 1543 quarum

170 1540 521 1606 dulcedine
577 1538 794 1624 magni
827 1538 966 1623 jam
1012 1539 1093 1605 de
1139 1562 1254 1625 spe
1299 1556 1368 1605 et
1409 1540 1651 1606 fiducia
1696 1538 2113 1605 exultationis
2158 1556 2224 1607 et
2266 1541 2487 1626 gaudii

173 1629 432 1691 inerant
461 1640 822 1710 conceptus
846 1648 865 1701 3
912 1625 1248 1714 ignorante
1279 1623 1609 1712 Episcopo
1638 1648 1799 1715 quos
1822 1628 1885 1692 ei
1906 1626 2151 1693 fructus
2172 1628 2487 1707 proximas

175 1713 618 1778 tribulationis
645 1712 994 1797 parturiret
1023 1734 1350 1779 occursus.

349 2126 507 2168 cAP.
543 2126 610 2171 X.
661 2124 753 2167 DE
785 2124 1002 2168 om'rn
1038 2124 1357 2170 nunonis
1390 2124 1939 2172 DUNHRLMBNSIS
1972 2127 2307 2180 ltrlscom.

919 2264 1062 2331 [MS.
1089 2264 1214 2331 Cap.
1238 2279 1415 2317 cxvn.
1441 2264 1529 2317 fol.
1558 2266 1653 2323 170
1674 2266 1749 2333 b.]

263 2401 510 2466 {tinere
555 2424 838 2488 namque
894 2424 1106 2467 versus
1163 2402 1424 2468 Curiam
1487 2418 1767 2489 arrepto,
1830 2407 2045 2473 subita
2101 2431 2251 2477 eum
2312 2416 2488 2498 apud

179 2489 479 2565 Cascam,
503 2510 696 2575 quam
719 2494 802 2553 de
823 2511 1010 2553 coena
1029 2490 1332 2554 hesterna
1348 2490 1644 2555 obortam
1704 2494 2187 2583 autumabant,]
2200 2498 2487 2587 subrepit

179 2576 548 2658 aegritud03
619 2598 812 2663 quam
859 2576 1215 2654 cotidianis,
1267 2596 1601 2664 quousque
1775 2580 2155 2647 necasti-iam
2214 2586 2484 2668 venirat,

177 2662 484 2726 dolorum
515 2664 776 2726 fovebat
815 2662 1194 2745 augmentis,
1319 2660 1474 2741 Ubi,
1511 2685 1656 2727 cum
1686 2666 1955 2731 ulterius
1986 2688 2153 2755 equo
2182 2690 2317 2755 prae
2345 2696 2487 2739 mo-

177 2748 366 2813 lestia
442 2747 704 2837 rogredi
737 2770 866 2813 non
911 2762 1147 2833 posset,
1183 2748 1555 2815 Houedene
1594 2750 1853 2837 navigio
1881 2753 2211 2835 devectus,
2245 2761 2485 2826 crebris

175 2834 398 2900 aneliti
452 2858 526 2898 us
547 2835 634 2899 ad
663 2837 908 2900 exitum
931 2836 1140 2919 urgeri
1166 2834 1360 2920 coepit
1383 2859 1404 2913 ς
1437 2836 1730 2922 interque
1754 2841 2119 2924 corporales
2138 2848 2484 2943 angustias,

175 2943 337 3007 quas
387 2922 781 3007 perferebat,
840 2935 1246 3007 peccatorum
1297 2943 1559 3010 quoque
1611 2924 1971 2991 recordatio
2027 2934 2483 3000 conscientiam

175 3009 259 3072 ad
310 3006 724 3094 poenitentiae
772 3008 1056 3073 lamenta
1111 3009 1454 3073 salubriter
1512 3012 2017 3095 compungebat.
2137 3014 2483 3085 Monachis

173 3107 397 3159 autem
443 3110 648 3160 terras
693 3109 760 3161 et
805 3095 1150 3173 libertates,
1183 3117 1341 3183 quas
1371 3096 1464 3161 eis
1495 3095 1871 3176 abstulerat,
1902 3099 2225 3176 restituit;
2272 3117 2341 3168 et
2363 3106 2483 3173 hiis

171 3182 392 3246 villam
427 3181 513 3246 de
547 3182 876 3261 Neutona,
910 3202 1103 3268 quam
1126 3181 1398 3267 propriis
1429 3181 1792 3267 sumptibus
1822 3198 2091 3265 emerat,
2123 3188 2382 3273 adjecit,
2414 3206 2483 3259 et

173 3282 354 3333 carta
381 3290 504 3332 sua
533 3268 954 3335 confirmavit.
1049 3268 1481 3335 Haereditates
1519 3291 1777 3356 quoque
1806 3282 1874 3335 et
1892 3270 2066 3419 pura,
2100 3273 2487 3374 quibuscun-

171 3377 300 3441 que
332 3354 402 3419 in
441 3354 838 3441 Episcopatu
868 3354 1131 3421 abstulit
1179 3358 1278 3421 vel
1307 3355 1669 3435 minoravit,
1702 3356 1887 3442 singu
1912 3356 1964 3421 is
1988 3362 2233 3430 restitui
2268 3372 2481 3449 [cum]

171 3441 404 3507 debita
433 3442 986 3529 redintegratione
1018 3443 1363 3512 mandavit.
1439 3442 1642 3509 Jussit
1672 3457 1985 3529 praeterea
2017 3446 2188 3533 Regi
2220 3468 2273 3513 11
2304 3454 2479 3521 mille

167 3550 446 3609 marcas,
501 3552 658 3616 quas
697 3551 818 3614 pro
879 3528 1261 3615 Sathbergia
1305 3544 1374 3595 et
1418 3529 1561 3594 aliis
1611 3529 2035 3619 dignitatibus
2073 3536 2478 3622 promiserat,

167 3617 377 3681 solvi:
470 3616 641 3681 adeo
698 3617 780 3681 de
839 3616 1234 3701 profectibus
1291 3638 1729 3683 successorum
1788 3619 2121 3700 sollicitus,
2185 3636 2259 3689 ut
2330 3647 2481 3692 cum

171 3704 519 3784 moriente,
541 3726 736 3792 quam
767 3702 835 3766 in
855 3704 1203 3768 honoribus
1229 3704 1641 3791 adquirendis
1671 3726 1919 3791 semper
1946 3708 2249 3790 habebat,
2285 3712 2481 3779 dilec-

171 3792 266 3855 tio
319 3794 658 3879 [quoque]
700 3812 832 3855 non
877 3804 1237 3855 moreretur
1280 3790 1609 3881 ecclesias,
1658 3790 1723 3856 id
1766 3792 1886 3857 sibi
1919 3808 2294 3880 perpetuam
2326 3822 2480 3865 con-

173 3878 386 3943 ferens
435 3878 504 3941 in
557 3878 839 3955 laudem,
886 3878 1063 3966 quod
1110 3878 1176 3939 in
1220 3899 1408 3942 usum
1451 3878 1703 3943 caeteris
1748 3880 2007 3946 cederet
2037 3885 2477 3969 temporalem.

179 3966 366 4031 Sedit
417 3965 599 4029 annis
657 3985 779 4031 xm
825 3977 892 4029 et
931 3964 1254 4030 mensibus
1317 3984 1370 4028 11
1431 3980 1497 4029 et
1544 3986 1655 4029 1111
1702 3966 1950 4046 diebus,
1997 3981 2067 4032 et
2107 3970 2479 4058 episcopatu

175 4056 420 4138 optime
469 4050 943 4131 administrato,
994 4072 1194 4117 senex
1241 4062 1306 4116 et
1337 4052 1563 4137 plenus
1594 4052 1840 4117 dierum
1872 4056 2169 4135 excessit,
2204 4058 2363 4124 seria
2384 4082 2477 4141 vr,

177 4160 237 4205 v.
267 4162 426 4204 non.
479 4138 732 4217 Martii,
764 4160 932 4203 anno
956 4139 1037 4204 ab
1060 4139 1496 4204 incarnatione
1520 4139 1787 4204 Domini
1812 4160 2135 4207 mcxcnu.
2186 4145 2479 4233 Corpore

174 4227 307 4312 ejus
337 4226 742 4291 Dunelmum
763 4225 998 4304 delat0,
1020 4238 1086 4291 et
1105 4227 1389 4291 nondum
1408 4226 1685 4311 sepult0,
1714 4226 1919 4315 Hugo
1944 4228 2247 4296 Bardolvi
2268 4256 2481 4323 saysa-

177 4316 260 4380 vit
278 4314 618 4380 castellum
653 4316 720 4379 in
753 4336 946 4378 manu
974 4314 1192 4399 Regis,
1219 4312 1462 4377 domini
1483 4312 1602 4381 sui.
1672 4314 1957 4399 Opidani
1983 4340 2135 4382 vero
2158 4320 2368 4385 claves
2393 4324 2479 4388 ad

172 4401 450 4467 loculum
480 4400 664 4468 beati
687 4401 1034 4467 Cuthberti
1059 4413 1386 4486 ponentes,
1411 4400 1490 4478 ei,
1516 4414 1813 4488 tanquam
1849 4426 2100 4469 summo
2130 4405 2475 4487 defensori,

178 4511 428 4556 omnem
459 4488 885 4575 resignabunt
931 4510 1174 4572 curam,
1208 4488 1312 4553 cui
1358 4487 1475 4573 ipsi
1510 4488 1908 4573 permitteret
1938 4490 2239 4578 deinceps
2271 4494 2483 4579 optin-
