3000 5117
585 483 727 550 108
1039 497 1242 550 msr.
1283 497 1642 556 nquLM.
1682 497 2147 551 scan’Tans
2186 498 2395 549 rans.

757 1000 906 1046 CAP.
955 999 1155 1046 xlalu.
1248 999 1338 1042 m:
1377 997 1696 1042 SECUNDA
1724 995 2307 1041 APPREHENSIONE
2338 993 2695 1040 sulusmcu

885 1087 1120 1131 ‘1⁸10le
1163 1084 1821 1130 AnculnlAcoNA'rus
1856 1085 1931 1128 m
1965 1083 2313 1128 Echsssus
2346 1081 2561 1126 mnu

1605 1171 1844 1222 AQUAS.

1257 1311 1402 1376 [MS.
1429 1310 1556 1377 Cap.
1580 1324 1843 1372 crxxvu,
1872 1307 1959 1361 sol.
1987 1309 2087 1360 216
2109 1309 2185 1373 b.]

676 1449 848 1525 Quia
897 1449 1278 1534 compositio
1330 1448 1497 1514 inter
1549 1449 1841 1515 Priorem
1896 1461 1964 1514 et
2017 1447 2387 1534 Capitulum
2431 1459 2499 1512 et
2545 1446 2893 1512 Thomam

483 1554 490 1560 ·
584 1536 1126 1603 Archidiaconum
1190 1535 1557 1622 temporalis
1625 1549 1765 1602 erat
1812 1536 2044 1614 solum,
2107 1557 2225 1621 pro
2278 1535 2409 1599 vita
2466 1533 2683 1620 ipsiuS,
2731 1532 2891 1618 ipso

581 1637 860 1701 mortue,
909 1622 1250 1688 undecimo
1303 1624 1430 1688 kal.
1459 1623 1769 1700 Januarii,
1818 1645 1988 1687 anno
2021 1622 2291 1688 Domini
2332 1641 2517 1685 Mccc
2550 1621 2897 1686 tricesimo

583 1709 806 1787 tercio,
841 1710 1052 1774 statim
1103 1708 1168 1772 in
1219 1711 1494 1774 crastino
1524 1710 1951 1796 apprehendit
1982 1709 2174 1774 Prior
2190 1707 2729 1793 jurisdictionem,
2762 1707 2896 1770 illo

579 1796 688 1861 die
733 1795 990 1860 visitans
1035 1797 1366 1862 ecclesiam
1396 1797 1596 1860 sancti
1628 1796 1934 1874 Oswaldi,
1968 1796 2072 1860 die
2102 1795 2345 1860 scilicet
2372 1794 2763 1870 Dominica3
2818 1807 2895 1856 et

553 1885 650 1947 ·in
680 1883 960 1948 crastino
1005 1883 1282 1964 [scilicet
1311 1883 1529 1971 vigilia
1560 1882 1807 1948 Natalis
1840 1883 2140 1965 Domini]
2170 1905 2289 1968 per
2316 1905 2387 1946 se
2418 1894 2487 1946 et
2518 1903 2665 1946 suos
2697 1903 2891 1944 com-

579 1969 897 2035 missarios
921 1969 1200 2034 visitavit
1228 1992 1450 2035 omnes
1479 1971 1779 2034 ecclesias
1824 1969 1945 2035 sibi
1988 1993 2071 2056 ap
2121 1969 2428 2054 ropriatas
2459 1968 2624 2032 infra
2652 1989 2891 2052 aquaS,

582 2057 872 2157 praesecit
915 2056 1243 2137 officialeS,
1292 2069 1360 2121 et
1401 2057 1557 2121 fecit
1592 2057 1895 2143 Capitula
1932 1994 2264 2134 celebrari,
2298 2057 2548 2143 [sicque
2592 2054 2891 2118 existens

581 2167 650 2208 m
694 2143 1099 2229 possessione
1143 2144 1536 2228 provocabat
1586 2167 1669 2209 ne
1714 2142 2046 2232 quisquam
2076 2165 2255 2208 suam
2284 2142 2748 2228 possessionem
2778 2142 2893 2204 in-

579 2230 897 2318 quietaret
915 2255 934 2308 ;
1008 2231 1413 2318 providitque
1464 2230 1585 2296 sibi
1645 2231 1728 2296 de
1775 2230 2046 2296 concilio
2092 2230 2479 2296 advocatum
2536 2251 2737 2293 unum
2794 2229 2891 2292 de

581 2318 758 2384 curia
805 2316 1226 2383 Dunelmensi
1284 2332 1354 2383 et
1417 2317 1581 2383 duos
1629 2319 1711 2384 de
1770 2317 2179 2396 Eboracensi,
2228 2335 2467 2402 praeter
2512 2317 2656 2380 illos
2714 2337 2891 2402 quos

583 2405 760 2492 prius
817 2404 1062 2470 habuit.
1185 2407 1421 2491 Sicque
1501 2405 1771 2491 pacifice
1856 2405 2148 2470 exercuit
2201 2403 2722 2488 jurisdictionem
2815 2417 2890 2467 et

583 2492 793 2579 plene,
827 2514 1026 2578 usque
1069 2492 1136 2556 in
1166 2493 1511 2557 crastinum
1552 2493 1753 2557 sancti
1781 2493 2010 2558 Jacobi
2038 2491 2407 2577 proximum
2436 2512 2747 2577 sequens;
2795 2491 2891 2554 ad

581 2601 778 2667 quem
823 2579 994 2644 diem
1048 2592 1310 2644 vocatus
1368 2579 1493 2643 fuit
1546 2579 1733 2643 Prior
1782 2603 1822 2643 a
1870 2580 1955 2645 ud
2012 2577 2395 2659 Midelham,
2456 2599 2889 2664 responsurus

585 2664 1061 2732 Archidiacono
1109 2688 1301 2752 super
1350 2665 1470 2730 sibi
1522 2603 1952 2752 objiciendis}
2064 2665 2338 2731 Mortuo
2397 2667 2567 2730 enim
2618 2665 2891 2729 Thoma

588 2752 1083 2831 Archidiacono‚
1149 2753 1579 2840 [Episcopus]
1645 2755 1861 2818 statim
1933 2753 2208 2817 contulit
2260 2751 2887 2817 Archidiaconatum

585 2841 915 2907 Almarico
973 2841 1057 2904 de
1109 2841 1296 2906 Bello
1343 2841 1580 2906 Monte
1639 2843 1859 2925 nepoti
1931 2863 2069 2917 suc,
2131 2853 2306 2905 torto
2362 2852 2432 2904 et
2489 2840 2885 2924 defigurato.

591 2926 741 3007 [Ad
786 2949 978 3014 quem
1024 2927 1194 2992 diem
1237 2927 1413 2992 venit
1459 2927 1649 2992 Prior
1682 2950 1801 3011 per
1828 2940 2332 3013 procuratorem,
2366 2939 2433 2992 et
2460 2927 2888 2991 altercatione

581 3015 779 3100 longa
824 3015 995 3079 facta
1039 3037 1231 3100 super
1267 3014 1729 3099 procuratorio,
1763 3016 2024 3080 tandem
2053 3027 2446 3100 acceptatur,
2479 3027 2546 3079 et
2573 3034 2891 3099 procura·-

581 3101 708 3166 tori
721 3101 957 3166 Prioris
976 3101 1225 3168 libellus
1245 3101 1619 3188 porrigitur,
1642 3115 1709 3168 et
1732 3114 2115 3188 procurator
2131 3103 2213 3167 ad
2238 3099 2658 3167 libellandum
2684 3124 2756 3165 su
2762 3123 2889 3185 per

580 3188 695 3252 illo
725 3210 870 3254 cum
901 3189 1030 3253 suis
1059 3189 1332 3254 dominis
1361 3191 1531 3276 petit
1574 3188 1881 3257 inducias,
1978 3185 2458 3276 Respondetur,
2493 3189 2693 3274 quod,
2728 3189 2892 3274 quia

580 3276 812 3340 citacio
862 3276 1143 3340 formalis
1192 3289 1349 3354 erat,
1398 3276 1791 3360 respondere
1834 3276 2050 3341 statim
2095 3275 2355 3341 debuit:
2402 3297 2520 3361 pro
2568 3275 2798 3340 Priore
2848 3297 2888 3339 e

583 3383 891 3426 converso
940 3363 1193 3440 dicitur,
1243 3363 1421 3449 quod
1461 3362 1751 3449 quamvis
1802 3362 1986 3427 Prior
2013 3362 2245 3428 citatus
2288 3376 2427 3429 erat
2455 3383 2890 3447 responsurus

587 3447 1087 3525 Archidiacono,
1113 3463 1327 3513 tamen
1351 3462 1616 3535 propter
1638 3452 1762 3515 hoc
1786 3449 2054 3515 formam
2076 3449 2270 3516 libelli
2301 3472 2431 3513 non
2456 3452 2670 3536 potuit
2692 3449 2890 3514 Prior

585 3533 772 3611 scire,
807 3555 928 3599 nec
1013 3534 1123 3600 uid
1164 3535 1230 3599 in
1282 3535 1501 3601 libello
1554 3550 1904 3624 peteretur,
1937 3551 2078 3604 tota
2110 3536 2478 3622 jurisdictio
2507 3538 2573 3600 in
2614 3535 2890 3620 singulis

585 3619 887 3700 ecclesiis,
920 3645 998 3685 ve
1067 3621 1135 3685 in
1180 3622 1262 3686 ali
1310 3623 1515 3702 uibus,
1549 3638 1614 3689 et
1662 3624 1799 3688 aliis
1851 3646 2016 3702 non;
2062 3624 2213 3713 quia
2256 3623 2454 3708 igitur
2496 3624 2624 3688 hoc
2652 3623 2891 3709 praevi·

586 3709 743 3774 dere
774 3731 902 3773 non
933 3721 1233 3794 poterant
1323 3710 1454 3774 rior
1499 3711 1603 3775 vel
1633 3725 2007 3796 procurator
2050 3714 2208 3798 ejus,
2258 3711 2408 3775 ideo
2453 3711 2889 3776 necessarium

583 3795 710 3861 fuit
737 3797 1140 3882 procuratori
1170 3796 1502 3862 dominum
1534 3820 1713 3863 suam
1746 3797 2078 3862 consulere
2110 3798 2172 3861 in
2206 3797 2568 3884 praemissis.
2644 3797 2889 3862 Proro-

583 3898 770 3969 gatus
809 3897 904 3948 est
951 3905 1105 3968 ergo
1160 3882 1314 3963 dies,
1365 3907 1568 3971 usque
1619 3886 1684 3949 in
1728 3887 2072 3948 crastinum
2117 3885 2352 3950 ibidem
2374 3909 2392 3961 ;
2438 3884 2533 3949 ita
2574 3885 2756 3970 quod
2816 3885 2888 3947 in

586 3971 934 4036 crastinum
957 3984 1407 4056 comparerent
1429 3972 1689 4049 ibidem,
1718 3971 1782 4034 id
1811 3971 1981 4034 idem
2006 3970 2235 4035 facturi
2266 3986 2333 4035 et
2353 3972 2673 4057 recepturi
2702 3973 2888 4058 quod

589 4072 766 4138 tunc,
797 4061 908 4146 qui
939 4081 1022 4123 ex
1051 4071 1236 4144 parte
1270 4057 1508 4122 Prioris
1542 4069 1869 4123 venerant.
1944 4057 2102 4134 Quo
2130 4057 2236 4121 die
2264 4072 2609 4144 exceptum
2642 4058 2766 4122 suit
2796 4059 2885 4123 de

587 4146 957 4228 gravamine
987 4168 1108 4231 pro
1140 4145 1386 4222 Priore,
1421 4168 1500 4210 eo
1544 4145 1719 4232 quod
1752 4157 2014 4209 vocatus
2044 4157 2157 4209 est·
2172 4143 2254 4208 ad
2279 4145 2491 4209 locum
2522 4168 2655 4210 non
2686 4145 2889 4234 insig-

593 4253 759 4309 nem,
794 4234 904 4297 ubi
934 4254 1053 4297 nec
1081 4254 1202 4316 pro
1232 4255 1299 4296 se
1331 4253 1448 4296 nec
1479 4231 1655 4319 equis
1685 4230 1811 4295 suis
1844 4232 2091 4296 venalia
2119 4245 2303 4296 erant
2334 4233 2653 4301 victualia.
2753 4233 2888 4297 Re-

590 4318 793 4383 cusati
823 4331 972 4384 sunt
990 4318 1264 4402 judiceS,
1302 4319 1603 4384 Decanus
1638 4318 2043 4384 Alkelandiae
2073 4331 2142 4383 et
2180 4319 2561 4406 Radulphus
2590 4321 2674 4384 de
2714 4320 2886 4385 Hel-

586 4404 798 4482 biche,
846 4406 1324 4490 praebendarius
1373 4406 1659 4483 Cestriae,
1708 4428 1790 4470 eo
1879 4407 2009 4472 uod
2058 4406 2173 4492 ipsi
2207 4407 2662 4472 obedienciarii
2694 4423 2889 4472 erant

595 4491 1063 4568 Archidiaconi‚
1111 4495 1562 4558 commensales
1610 4507 1674 4558 et
1720 4494 1803 4556 de
1834 4429 2089 4558 ti‘amilia
2126 4493 2447 4580 Episcopi,
2482 4496 2592 4581 qui
2621 4516 2883 4560 causam
