3000 5117
505 418 704 470 CXXX
965 413 1171 464 nlsT.
1211 411 1571 464 DUNELM.
1600 413 2065 466 scanTans
2102 415 2314 468 TRES.

507 601 653 643 cum
684 573 1146 648 benediccione
1173 573 1462 640 dexterae
1499 572 1699 658 Regis
1720 596 1971 658 regum.
2063 574 2253 640 Licet
2273 574 2343 640 in
2364 572 2819 644 celebracione

510 664 772 750 capituli
803 663 989 731 vestri
1018 660 1422 748 provincialis
1439 664 1579 747 jam
1610 663 1907 739 instante,
1940 661 2043 726 cui
2097 663 2401 728 interesse
2430 663 2817 748 proponitis,

514 767 586 815 ut
609 749 990 835 accepimus,
1027 761 1302 814 vestram
1334 761 1705 832 reputemus
1728 747 2125 833 presenciam
2156 749 2296 816 fore
2327 748 2821 836 quodammodo

515 839 902 903 fructuosam
930 859 948 912 3
993 835 1142 923 quia
1171 849 1390 898 tamen
1425 833 1656 913 Scotti,
1687 833 1893 900 inbuti
1923 835 2064 900 fece
2097 835 2431 900 tirannidis
2458 851 2817 914 consuetae,

515 947 586 990 se
618 946 840 1008 parare
870 921 1270 988 dicunturad
1294 918 1721 986 invadendum
1742 934 1960 1007 partes
1988 935 2259 1000 nostras,
2291 923 2823 1006 depredationes

515 1025 582 1076 et
612 1009 977 1086 homicidia,
1008 1007 1128 1071 nisi
1159 1029 1277 1093 per
1303 1007 1675 1093 potenciam
1696 1021 2051 1086 arceantur,
2086 1030 2265 1074 more
2294 1008 2489 1073 solito
2516 1013 2823 1074 commis·

519 1097 695 1174 suri;
747 1095 906 1172 Nos,
953 1095 1334 1160 arbitrantes
1378 1115 1784 1158 communem
1832 1092 2173 1159 utilitatem
2219 1095 2483 1180 privatis
2529 1097 2821 1184 negociis

517 1185 659 1249 fore
689 1184 916 1248 merito
945 1180 1416 1267 preferendam,
1448 1181 1807 1267 praesertim
1848 1180 1956 1246 ubi
1988 1181 2317 1267 proprium
2347 1182 2697 1269 cujuslibet
2725 1185 2824 1248 in-

521 1285 760 1337 teresse
791 1267 1196 1354 conspicitur,
1231 1289 1304 1332 ac
1334 1266 1615 1352 ipsorum
1650 1268 2015 1333 Scottorum
2047 1267 2433 1352 proterviam
2464 1268 2611 1334 aliis
2640 1283 2825 1356 post-

519 1356 742 1442 positis
800 1354 1314 1430 refraenandam3
1362 1374 1494 1432 vos,
1559 1367 1690 1418 tam
1721 1375 1805 1419 ex
1864 1367 2048 1434 parte
2091 1353 2334 1418 domini
2382 1355 2583 1419 nostri
2619 1355 2825 1441 Regis

521 1443 782 1532 Angliae
834 1440 1116 1512 illustris.
1148 1442 1332 1526 cujus
1362 1438 1531 1504 vices
1558 1439 1839 1524 gerimus
1865 1441 1931 1504 in
1962 1439 2082 1505 hac
2109 1455 2318 1526 parte,
2350 1463 2546 1527 quam
2576 1457 2827 1521 nostra,

523 1529 788 1595 firmiter
831 1526 1226 1613 injungendo
1269 1527 1667 1606 mandamus,
1702 1525 2003 1615 quatinus
2047 1527 2313 1593 attentis
2341 1527 2645 1612 periculis
2676 1551 2829 1614 gra-

520 1616 786 1679 vissimis
829 1628 898 1678 et
931 1614 1224 1699 jacturis,
1273 1635 1421 1699 quae
1465 1612 1731 1678 iminere
1774 1635 1977 1698 regno
2021 1626 2353 1698 poterunt,
2398 1613 2450 1676 si
2490 1614 2575 1680 ad
2606 1616 2828 1700 repel-

521 1702 784 1768 lendum
837 1701 1116 1787 ipsorum
1165 1697 1567 1764 inimicorum
1614 1699 1857 1765 rabiem
1906 1713 1976 1764 et
2021 1699 2303 1766 furorem
2348 1721 2479 1765 non
2530 1701 2827 1766 adfuerit

525 1802 846 1875 oportuna
894 1784 1304 1870 providencia
1353 1799 1424 1851 et
1473 1785 1769 1870 gencium
1822 1785 2159 1863 fortitudo,
2210 1810 2325 1850 vos
2368 1799 2558 1850 extra
2602 1804 2829 1875 partes

523 1891 775 1940 nostras
805 1871 1112 1939 nullicnbi
1143 1871 1507 1950 conferatis,
1540 1887 1637 1937 set
1680 1871 1898 1957 pocius
1928 1895 2075 1937 cum
2119 1872 2367 1938 fueritis
2396 1872 2621 1940 debite
2651 1896 2832 1961 prae-

523 1960 772 2039 muniti,
805 1982 948 2024 cum
983 1971 1123 2024 tota
1150 1973 1346 2042 gente
1376 1972 1589 2023 vestra
1610 1958 1743 2024 sitis
1766 1957 2173 2044 paratissimi,
2207 1982 2339 2024 una
2366 1959 2705 2024 nobiscum
2754 1976 2828 2026 et

525 2069 674 2112 cum
718 2047 965 2112 caeteris
1011 2060 1368 2110 nostrarum
1415 2044 1701 2130 parcium
1748 2045 1990 2122 incolis,
2038 2046 2467 2129 excogitatam
2500 2047 2827 2112 maliciam

527 2155 1082 2219 quorumcumque
1113 2131 1473 2196 volencium
1522 2131 1847 2214 insurgere
1878 2153 1964 2194 ex
2010 2131 2299 2207 advers0,
2350 2132 2543 2197 unitis
2576 2133 2829 2197 viribus

525 2220 875 2290 repulsuri:
923 2219 1088 2284 sicut
1133 2217 1643 2302 indignacionem
1697 2216 1943 2281 domini
1999 2217 2197 2281 nostri
2258 2217 2455 2301 Regis
2500 2219 2829 2284 duxeritis

527 2305 914 2377 evitandam.
1012 2304 1260 2374 Valete.
1353 2305 1535 2372 Data
1584 2304 1759 2392 apud
1819 2303 2187 2382 Aukeland,
2233 2327 2326 2370 xx
2356 2309 2533 2372 mr’die
2588 2309 2829 2371 mensis

529 2393 828 2478 Augusti.
925 2390 1235 2482 [1343.*]

1083 2748 1192 2793 CX·
1242 2748 1495 2793 LITBRA
1542 2747 1842 2794 Dmnc'ra
1888 2751 2244 2797 EPISCOPO.

1383 2865 1545 2934 [Reg.
1576 2865 1657 2917 11.
1678 2865 1714 2916 f.
1750 2870 1863 2928 120,
1885 2868 1961 2935 b.]

615 2979 1000 3046 Reverendo
1031 2977 1094 3043 in
1128 2979 1391 3045 Christo
1436 2980 1602 3064 patri
1648 2992 1714 3044 et
1761 2979 2027 3044 domino
2068 3003 2206 3060 su0,
2240 2981 2503 3047 domino
2536 2981 2828 3049 Ricardo

527 3067 658 3132 Dei
687 3066 907 3155 gracia
933 3067 1354 3130 Dunolt‘nensi
1388 3065 1713 3150 episcopo,
1747 3065 1840 3128 sui
1875 3067 2093 3131 devoti
2126 3067 2238 3131 filii
2269 3069 2601 3132 Johannae
2638 3069 2829 3134 Prior

524 3154 810 3220 ecclesiae
844 3152 1300 3217 Dunolmensis
1329 3166 1397 3216 et
1427 3151 1714 3236 ejusdem
1744 3153 1868 3216 loci
1906 3153 2302 3232 ConventuS,
2336 3155 2634 3231 salutem,
2668 3156 2830 3220 obe-

523 3239 862 3316 dienciam,
895 3237 1318 3303 reverenciam
1351 3253 1420 3302 et
1450 3240 1783 3307 bonorem.
1878 3237 2066 3304 Licet
2096 3249 2241 3305 cuin
2273 3239 2507 3305 favoris
2537 3242 2828 3327 plenitu-

525 3326 676 3388 dine
727 3327 793 3390 in
844 3325 1140 3389 omnibus
1194 3326 1424 3390 nostris
1477 3325 1906 3410 peticionibus
1958 3348 2113 3410 erga
2162 3349 2281 3389 nos
2340 3327 2505 3392 adeo
2532 3342 2828 3414 paternae

527 3410 896 3474 dileccionis
924 3409 1141 3494 gracia
1169 3433 1238 3475 se
1261 3411 1633 3476 extenderit
1658 3411 1995 3476 affluenter
2023 3413 2199 3498 quod
2228 3413 2315 3478 ad
2345 3435 2423 3478 ea
2452 3415 2829 3499 peragenda

525 3519 672 3562 cum
707 3497 897 3580 plena
927 3495 1446 3580 promptitudine,
1479 3519 1626 3583 quae
1656 3499 2020 3562 satisfacere
2052 3497 2352 3577 debeant,
2386 3500 2831 3566 recreabiliter

526 3583 693 3646 votis
747 3581 968 3646 vestris
1018 3581 1246 3647 filiales
1299 3583 1563 3647 affectus
1614 3605 1743 3646 non
1792 3597 2058 3668 possunt
2112 3605 2240 3649 non
2296 3586 2591 3664 extendi,
2626 3586 2831 3653 habet

527 3685 743 3735 tamen
775 3667 1096 3733 interdurn
1130 3690 1309 3753 purae
1339 3669 1686 3733 voluntatis
1716 3668 2019 3734 serenitas
2050 3669 2311 3758 alicujus
2343 3673 2666 3758 oppositae
2708 3695 2831 3740 nu·

523 3758 622 3822 bis
654 3754 1079 3832 obstaculum,
1111 3777 1243 3842 quo
1273 3755 1356 3819 ad
1387 3768 1643 3840 tempus
1672 3755 1954 3819 exterius
2000 3757 2239 3820 clarere
2270 3779 2309 3820 n
2399 3759 2574 3822 niens
2606 3781 2831 3827 neces-

525 3842 696 3908 sario
724 3841 1058 3906 delitescit.
1151 3841 1460 3906 Dictante
1491 3841 1689 3924 igitur
1716 3841 2205 3908 Constitucione
2227 3780 2561 3929 Ρεῇεῆοἰε
2580 3866 2833 3910 memo-

526 3931 640 3993 riae
689 3929 1020 3992 dominum
1078 3927 1497 3993 Benedictum
1554 3949 1869 3991 summum
1926 3929 2309 3996 Pontificem
2358 3949 2563 4016 nuper
2620 3932 2828 4010 edita,

526 4015 702 4104 quod
734 4013 919 4078 annis
941 4012 1206 4111 singulis
1229 4015 1555 4100 quoddam
1580 4013 1809 4079 annale
1830 4014 2179 4098 capitulum
2208 4036 2331 4101 pro
2360 4017 2831 4083 reformacione

526 4100 768 4166 ordinis
789 4121 935 4163 cum
957 4099 1261 4164 universis
1285 4101 1621 4183 prioribus,
1649 4101 2040 4178 custodibus,
2074 4115 2141 4165 et
2170 4101 2485 4186 magistris
2516 4103 2830 4168 cellarum

527 4187 925 4252 exteriorum
955 4185 1220 4268 provide
1265 4186 1683 4264 celebremus,
1717 4185 2001 4273 providit
2030 4201 2249 4252 nostra
2277 4189 2639 4254 communis
2672 4191 2831 4255 deli·

628 4363 654 4393 ·
688 4357 809 4414 The
831 4357 949 4410 date
972 4356 1034 4408 of
1061 4357 1152 4409 the
1173 4357 1450 4426 preceding
1470 4358 1571 4411 and
1587 4359 1907 4428 subsequent
1930 4360 2235 4414 documenta
2258 4362 2311 4413 in
2336 4361 2429 4414 the
2452 4361 2719 4431 Reglster.
