3000 5117
1128 516 1548 567 APPENDIX.
2149 529 2156 537 ·
2405 492 2472 567 xi

212 681 574 751 Gwillielmo
616 693 684 744 et
726 678 987 742 Thoma
1034 677 1442 755 Eboracensi,
1493 676 1558 739 in
1601 676 1868 741 consilio
1897 680 2068 764 apud
2103 677 2482 744 Lundonias

207 770 607 846 definivimus,
629 781 697 833 et
718 766 838 829 sub
857 764 1283 829 anathematis
1304 762 1759 829 interdictione
1784 767 2222 851 prohibemus.
2277 764 2483 829 Volu-

210 880 328 920 mus
371 856 605 943 itaque,
654 853 1092 929 concedimus,
1140 866 1333 939 atque
1376 850 1799 931 decrevimus,
1848 856 2168 940 quatinus,
2216 852 2480 917 remotis

208 944 501 1009 canonicis
532 942 615 1007 de
644 940 816 1006 beati
852 938 1201 1005 Cuthberti
1246 939 1537 1016 ecclesia,
1565 938 1862 1004 monachi
1905 940 2142 1005 ibidem
2169 940 2316 1005 Deo
2345 962 2481 1005 ser-

210 1032 377 1095 vituri
408 1030 916 1106 introducantur,
943 1041 1008 1091 et
1040 1027 1203 1091 ordo
1232 1026 1622 1091 monasticus
1653 1026 1889 1093 ibidem
1923 1027 2230 1095 canonice
2261 1027 2479 1093 obser·

209 1133 389 1183 vetur.
482 1116 940 1181 Testiflcamur
990 1113 1193 1179 eciam
1245 1113 1396 1201 quia
1434 1113 1734 1179 dominus
1769 1115 1949 1201 Papa
1977 1138 2198 1180 omnes
2228 1114 2478 1193 fratres,

210 1208 283 1270 ibi
314 1206 453 1271 Deo
499 1202 1015 1289 congregandoS,
1050 1202 1170 1266 sub
1216 1202 1393 1267 beati
1430 1200 1610 1266 Petri
1641 1214 1706 1267 et
1751 1224 1870 1266 sua
1909 1202 2315 1288 protectione
2348 1223 2486 1267 sus-

211 1292 380 1378 cepit.
472 1291 809 1355 Prioribus
840 1312 994 1354 vero
1040 1288 1233 1374 ipsius
1278 1288 1571 1353 ecclesiae
1617 1288 1836 1353 sedem
1866 1290 2143 1355 Abbatis
2188 1288 2253 1353 in
2284 1288 2484 1355 choro

210 1380 443 1445 sinistro
464 1378 799 1455 concessit,
834 1394 903 1442 et
932 1376 1200 1441 liberam
1246 1376 1338 1441 eis
1371 1376 1433 1439 in
1465 1375 1760 1441 omnibus
1791 1374 2302 1462 disposicionem,
2335 1398 2488 1442 con·

210 1468 457 1532 cedente
495 1466 683 1555 Rege
712 1481 779 1529 ct
808 1463 1199 1531 Gwillielmo
1223 1464 1548 1551 episcope,
1579 1462 1873 1541 contulit,
1943 1464 2197 1530 uatinus
2215 1464 2485 1551 primam

210 1576 408 1619 vocem
450 1576 603 1619 cum
655 1552 941 1639 capitulo
992 1550 1059 1615 in
1113 1550 1421 1637 Episcopi
1474 1550 1792 1617 electione
1848 1550 1933 1617 ha
1977 1564 2128 1617 eant
2179 1563 2248 1617 et
2343 1552 2486 1615 rimi

212 1643 471 1706 dexterae
498 1639 806 1726 Episcopi
832 1639 1027 1725 ipsius
1050 1636 1339 1704 ecclesiae
1361 1638 1759 1704 collaterales
1783 1638 2082 1708 existant.
2167 1574 2489 1705 Ecci’esias

210 1744 346 1793 vero
384 1750 547 1806 suas,
601 1728 667 1791 in
710 1748 1088 1815 quacunque
1132 1724 1375 1791 diocesi
1418 1724 1678 1804 suerint,
1733 1725 1934 1792 libere
1989 1750 2113 1814 pro
2155 1726 2490 1793 voluntate

211 1838 313 1880 sua
350 1815 718 1901 disponant,
766 1814 865 1879 vel
892 1816 961 1878 in
991 1834 1185 1877 manu
1232 1834 1347 1878 sua
1392 1824 1680 1890 teneant,
1712 1836 1825 1878 seu
1870 1814 2160 1879 honestis
2203 1814 2492 1901 personis

210 1904 281 1967 de
332 1903 417 1968 eis
474 1902 810 1980 tenendas,
871 1902 1113 1989 absque
1171 1902 1349 1966 omni
1410 1899 1882 1989 Episcoporum
1942 1901 2330 1987 fatigacione
2387 1902 2492 1969 vel

209 1990 686 2077 inquietacione,
747 1989 1153 2066 distribuant,
1200 2003 1269 2055 et
1324 1987 1632 2089 quicquid
1699 1988 1961 2054 honoris
2019 1990 2121 2055 vel
2152 1990 2492 2077 potestatis

210 2079 437 2145 Decani
500 2078 943 2143 Eboracenses
1003 2077 1121 2141 sub
1184 2075 1683 2162 Areh1episcopo
1733 2076 2059 2163 possident
2119 2076 2496 2179 Apostolica

210 2182 267 2229 et
308 2180 519 2231 nostra
546 2164 939 2231 auctoritate
968 2178 1367 2229 conservent.
1463 2163 1652 2228 Prior
1693 2186 1846 2229 vero
1875 2188 2199 2231 commum
2230 2164 2495 2231 consilio

208 2252 455 2318 fratrum
498 2252 799 2353 eligatur,
826 2268 913 2331 et,
938 2252 1059 2316 nisi
1086 2250 1457 2317 racionabili
1490 2272 1682 2316 causa
1705 2252 2025 2337 exigente,
2060 2271 2126 2319 et
2169 2264 2497 2318 conventu

210 2341 397 2425 ipsum
456 2340 702 2406 mentis
758 2339 887 2405 suis
945 2340 1352 2426 exigentibus
1390 2337 1744 2419 refutante,
1795 2340 2052 2405 minime
2095 2340 2496 2427 deponetur3

210 2442 270 2492 et
326 2442 455 2493 tam
512 2428 785 2493 interius
842 2450 1035 2517 quam
1102 2427 1389 2492 exterius
1447 2426 1656 2491 omnis
1715 2449 1908 2493 causa
1965 2450 2113 2493 cum
2173 2427 2366 2513 ipsius
2430 2439 2500 2491 et

208 2516 455 2579 fratrum
502 2515 777 2581 consilio
820 2513 1019 2581 libere
1062 2515 1455 2600 disponatur,
1489 2527 1560 2579 et
1587 2516 1832 2580 nullum
1871 2518 2138 2581 omnino
2182 2514 2496 2580 auxilium

212 2604 285 2667 ile
324 2603 606 2668 ecclesiis
652 2626 875 2668 eorum
922 2603 1024 2667 vel
1056 2602 1241 2667 terris
1286 2603 1369 2668 ab
1415 2602 1634 2703 aliquo
1677 2603 2144 2691 Episcoporum
2175 2604 2492 2689 exigatur.

218 2690 369 2763 Quae
398 2690 619 2755 omnia
646 2704 825 2755 carta
858 2690 1198 2757 willielmi
1253 2690 1554 2777 Episcopi
1601 2704 1665 2755 et
1714 2692 1990 2757 Thomoe
2019 2690 2500 2777 Archiepiscopi

216 2778 439 2860 plenius
490 2792 565 2844 et
610 2779 959 2863 perfeccius
1002 2790 1463 2843 contestantur.
1587 2778 1759 2845 Haec
1819 2780 2012 2865 igitur
2057 2778 2273 2843 omnia
2311 2778 2502 2865 plene

212 2868 629 2943 concedimus,
661 2881 727 2931 et
768 2867 887 2930 sub
932 2866 1338 2931 anathemate
1384 2866 1758 2931 inconcussa
1798 2888 2168 2952 permanere
2209 2863 2503 2951 proecipi-

216 2976 359 3021 mus,
458 2952 713 3018 Valete.
805 2952 1111 3019 Testibus
1159 2953 1501 3020 Gundulfo
1551 2954 1820 3019 Rofensi
1855 2952 2196 3039 EpiscopO,
2246 2966 2314 3017 et
2371 2952 2504 3017 Re-

216 3040 393 3125 migio
438 3040 880 3107 Lincolniensi
934 3040 1278 3126 Episcopo,
1332 3041 1539 3105 Paulo
1589 3042 1846 3106 Abbate
1888 3040 2087 3105 sancti
2149 3038 2381 3107 Albani
2433 3051 2502 3103 et

220 3127 545 3193 Thuroldo
599 3128 859 3194 Abbate
906 3128 987 3194 de
1022 3128 1222 3205 Burh,
1273 3142 1342 3193 et
1386 3128 1603 3193 multis
1632 3128 1769 3193 aliis
1815 3128 2120 3214 personis,
2219 3127 2293 3191 In
2329 3126 2505 3191 Con-

214 3214 347 3280 silio
383 3215 895 3283 Lundoniarum.

381 3556 443 3599 V.
502 3556 727 3601 cARTa
786 3556 1053 3601 THOMAE
1114 3556 1649 3605 Ancnlnmscorl
1713 3560 2184 3607 Enonacmrsls
2245 3547 2368 3612 ΒΚ.

384 3643 707 3688 OMNIBUS
730 3643 1241 3693 LIBBRTATIBUS
1267 3643 1512 3693 Pmom
1539 3644 1626 3689 ΒΤ
1647 3646 2045 3693 convmr'rm
2069 3650 2336 3695 mmm.-

386 3730 605 3775 munel
630 3730 1009 3777 concissam.

1017 3846 1185 3916 [osg.
1212 3852 1267 3898 et
1292 3848 1434 3900 cm.
1460 3848 1573 3901 111.
1595 3848 1630 3900 f.
1663 3852 1728 3921 1.]

314 3958 617 4041 Thomas,
682 3960 812 4028 Dei
868 3964 1087 4051 gracia
1140 3964 1562 4031 Eboracensis
1610 3969 2030 4054 Archiepisco
2079 3992 2173 4047 us,
2223 3971 2518 4038 omnibus

236 4048 772 4135 Archiepiscopis,
809 4050 1164 4137 Episcopis,
1198 4067 1266 4117 et
1298 4054 1682 4133 Abbatibus,
1715 4078 1836 4143 per
1865 4058 2020 4141 Ang
2045 4058 2170 4123 iam
2203 4071 2336 4124 tam
2365 4082 2518 4125 con-

234 4134 457 4200 stitutis
516 4152 713 4224 quam
786 4138 851 4201 in
918 4154 1248 4223 posterum
1312 4143 1714 4223 successuris,
1770 4156 1840 4209 et
1901 4146 2196 4211 omnibus
2262 4147 2384 4214 sibi
2450 4148 2518 4211 in

235 4220 527 4289 Eboraco
589 4224 1107 4312 Archiepiscopis
1178 4230 1564 4293 successuris
1637 4230 1702 4294 in
1759 4247 2164 4317 perpetuum,
2226 4236 2522 4302 salutem.

242 4310 397 4375 Cum
430 4325 721 4377 nostrum
751 4312 833 4379 sit
854 4314 1135 4378 officium
1164 4315 1463 4381 omnibus
1512 4334 1814 4402 praestare
1843 4318 2098 4406 pietatis
2123 4323 2522 4411 obsequium,

237 4396 347 4463 hiis
378 4412 597 4465 tamen
629 4400 907 4465 maxime
942 4402 1324 4469 Sanctorum
1360 4404 1489 4469 Dei
1535 4406 1842 4472 debemus
1873 4410 2254 4499 obsequium
2286 4425 2525 4477 nostrae

240 4483 601 4551 devocionis
654 4488 1049 4575 impendere,
1083 4513 1123 4555 a
1215 4492 1399 4557 uibus
1446 4506 1696 4558 constat
1749 4516 1864 4561 nos
1895 4499 2217 4582 peculiare
2247 4500 2526 4565 muneris

240 4570 617 4639 beneficium
664 4576 1043 4664 percepisse.
1208 4602 1281 4643 os
1328 4579 1606 4667 quidem,
1643 4581 1773 4648 Dei
1819 4584 2071 4669 flagello
2118 4586 2429 4671 castigati,
2463 4597 2548 4650 et·
