3000 5117
593 494 688 561 12
1092 494 1292 562 ms‘rL
1331 506 1686 561 nuNnLM.
1726 500 2183 575 sc‘mrroaes
2219 506 2428 563 Tam.

440 688 482 785 [
589 672 1008 755 segregavit}
1142 672 1327 738 Fecit
1367 682 1636 757 pontem
1674 671 1758 736 de
1808 670 2063 753 Elvete,
2120 689 2188 739 et
2236 674 2529 761 Burgum
2561 673 2909 751 similiter3

589 780 781 859 quem
813 774 1036 845 postea
1081 758 1428 835 monachis,
1475 781 1557 821 eo
1586 759 1762 844 quod
1799 758 1963 843 juris
1993 782 2213 827 eorum
2245 776 2434 841 esset,
2466 784 2612 828 cum
2639 762 2916 827 liberta-e

589 846 759 910 tibus
805 848 933 911 suis
965 846 1214 930 integre
1257 844 1625 928 resignavit.
1720 845 1987 911 Murum
2032 870 2291 935 quoque
2349 872 2391 913 a
2449 863 2638 935 porta
2687 848 2908 935 aquil-

589 932 770 996 onari
802 956 1002 1020 usque
1053 934 1137 998 ad
1188 931 1531 998 australem
1592 950 1831 996 novum
1894 933 2067 998 fecit.
2160 934 2237 998 In
2290 935 2579 1001 aedificiis
2635 956 2908 1021 quoque

587 1019 861 1083 eandem
919 1019 1199 1085 habebat
1257 1016 1673 1093 instantiam}
1712 1040 1832 1083 nec
1862 1018 1927 1085 in
1980 1016 2269 1108 qualibet
2324 1040 2539 1087 rerum
2579 1023 2907 1108 pensabat

586 1107 964 1189 erogatione
1007 1106 1142 1171 sive
1201 1106 1596 1191 dispersione
1643 1104 2093 1191 dispendium;
2138 1106 2293 1171 dum
2339 1108 2557 1174 omnia
2590 1109 2691 1173 vel
2744 1109 2905 1191 [ad]

586 1192 724 1275 ejus
766 1193 1165 1259 voluntatem
1211 1192 1573 1277 explerent,
1620 1191 1723 1256 vel
1776 1209 2080 1276 parerent
2125 1194 2405 1263 laudem.
2500 1196 2580 1261 In
2620 1196 2907 1260 castello

583 1277 803 1365 itaque
836 1279 1246 1345 Dunhelmiae
1289 1277 1587 1355 oedificia,
1636 1300 1784 1364 quae
1814 1278 2031 1364 primis
2076 1283 2481 1367 episcopatus
2509 1285 2607 1347 sui
2640 1295 2906 1366 tempo-

583 1364 761 1431 ribus
797 1366 1056 1432 flamma
1085 1378 1587 1450 consumpserat,
1634 1366 2014 1443 renovavit3
2061 1380 2131 1431 et
2161 1368 2495 1433 castellum
2526 1369 2609 1435 de
2644 1369 2903 1433 North-

583 1472 712 1529 am,
776 1452 952 1537 quod
1026 1452 1488 1518 munitionibus
1548 1450 1868 1516 infirmum
1924 1452 2193 1539 reperit,
2260 1468 2437 1522 turre
2500 1454 2905 1520 validissima

581 1536 751 1603 sorte
795 1538 1098 1605 reddidit.
1188 1538 1385 1624 Apud
1425 1537 1841 1603 Alvertonam
1872 1540 2065 1604 etiam
2112 1541 2387 1605 firmavit
2432 1542 2724 1626 opidum,
2778 1542 2905 1605 im-

580 1637 839 1710 petrato
870 1649 911 1689 a
941 1625 1128 1715 Rege
1157 1639 1232 1690 ut
1259 1626 1426 1689 inter
1447 1623 1829 1701 adulterina,
1851 1646 1999 1714 quae
2026 1641 2180 1691 tunc
2208 1628 2477 1711 sparsim
2502 1650 2625 1728 per
2656 1630 2899 1712 Angli-

581 1734 688 1776 am
761 1711 1006 1777 destrui
1062 1712 1480 1798 jubebantur,
1558 1711 1685 1777 hoc
1740 1712 1948 1777 solum
2019 1711 2429 1799 privilegium
2499 1715 2896 1799 integritatis

582 1798 908 1898 optineret
932 1822 951 1875 3
983 1798 1159 1899 quod
1197 1798 1344 1863 Rex
1367 1812 1584 1863 tamen
1618 1810 1843 1883 postea
1873 1798 2201 1865 mandavit
2226 1800 2454 1879 everti,
2488 1815 2557 1865 et
2576 1802 2717 1865 solo
2742 1801 2895 1865 fun-

580 1886 755 1949 ditus
783 1906 1047 1972 aequari.
1146 1884 1222 1950 In
1254 1884 1392 1971 aliis
1434 1906 1695 1971 quoque
1740 1884 1897 1951 locis
1944 1886 2094 1963 suis,
2127 1908 2274 1973 quae
2320 1889 2424 1952 vel
2469 1888 2695 1953 raritas
2748 1890 2893 1952 sive

581 1984 864 2040 vetustas
911 1970 1314 2058 [domorum]
1363 1970 1574 2036 minus
1621 1972 1945 2037 honestati
1975 1974 2077 2037 vel
2108 1971 2453 2059 episcopali
2488 1974 2889 2059 susceptioni

578 2060 822 2126 fecerat
851 2060 1108 2139 idonea,
1141 2057 1508 2124 habitacula
1535 2057 1808 2137 diversa,
1836 2058 1981 2123 etin
2007 2059 2256 2124 sullime
2280 2073 2514 2137 erecta,
2542 2076 2891 2125 construx-

577 2146 674 2222 it;
719 2147 1070 2213 maximum
1111 2145 1236 2209 hoc
1277 2167 1418 2211 esse
1447 2166 1655 2228 genus
1698 2144 2020 2211 aestimans
2052 2144 2408 2230 probitatis,
2440 2147 2679 2213 nullam
2732 2147 2890 2227 [ho-

577 2232 754 2321 rum]
825 2231 1098 2319 posteris
1156 2231 1556 2297 occasionem
1615 2230 1944 2319 reliquisse
2018 2232 2495 2297 sollicitudinis,
2606 2233 2887 2319 [Neque

574 2319 840 2385 minoris
869 2318 1092 2404 gloriae
1121 2332 1292 2396 sunt,
1315 2340 1464 2405 quae
1495 2316 1812 2396 nativitas,
1845 2318 1949 2382 vel
1977 2331 2227 2383 naturae
2251 2318 2506 2384 bonitas
2528 2321 2883 2403 impressit,

575 2429 772 2494 quam
802 2428 948 2494 quae
978 2404 1305 2492 dignitatis
1350 2403 1709 2469 accidentia
1736 2405 2071 2473 concessit.
2164 2404 2591 2492 Ingenuitatis
2621 2406 2886 2491 imperi-

577 2516 684 2557 um
715 2494 796 2558 ad
830 2516 897 2557 se
924 2493 1201 2556 sortunae
1245 2492 1459 2575 coegit
1505 2490 1944 2578 obsequium.]
2040 2491 2201 2556 Erat
2252 2491 2348 2555 vir
2390 2492 2662 2570 consilii,
2716 2509 2885 2557 tem-

573 2579 886 2665 perantiae
915 2578 1146 2655 cultor,
1195 2591 1263 2642 et
1307 2590 1559 2643 amator
1601 2578 1984 2661 prudentiae,
2044 2578 2369 2661 probitate
2419 2580 2691 2644 edoctus
2746 2602 2888 2644 ma-

574 2666 773 2750 gistra
800 2665 1196 2730 celsitudinis
1217 2665 1470 2729 culmen
1495 2677 1827 2749 appetere,
1874 2666 2151 2751 aequales
2181 2664 2531 2729 honoribus
2556 2678 2884 2731 transcen-

577 2752 751 2829 dere,
815 2752 1185 2816 societatem
1245 2750 1529 2816 omnium
1590 2750 1905 2815 libertatis
1964 2751 2393 2838 praerogativa
2452 2753 2747 2829 transire,
2813 2767 2883 2818 et

576 2852 803 2903 contra
831 2839 1232 2922 insurgentes
1261 2837 1586 2922 potentias
1617 2836 1847 2920 rigoris
1876 2835 2152 2901 frontem
2180 2838 2446 2925 erigere.
2528 2840 2669 2923 [Ab
2692 2839 2881 2903 initio

577 2924 777 2989 crevit
807 2946 1022 2989 secum
1047 2924 1408 3008 prudentia,
1443 2946 1482 2989 a
1513 2944 1700 2988 mane
1730 2946 1931 3010 usque
1961 2924 2043 2987 ad
2076 2946 2406 3008 vesperam
2436 2946 2583 2989 cum
2614 2925 2727 2988 illo
2750 2926 2882 2989 dis-

577 3032 826 3095 ponens
878 3012 1224 3088 universa.]
1317 3010 1398 3074 ln
1449 3010 1750 3074 omnibus
1802 3010 1895 3073 ita
1946 3010 2357 3094 compositus,
2408 3027 2481 3075 ut
2526 3033 2649 3075 nec
2696 3026 2879 3077 veste

576 3100 932 3162 intuentem
994 3097 1370 3163 offenderet.
1467 3095 1725 3159 Divitiis
1800 3096 2083 3161 sociabat
2163 3097 2523 3173 audaciam,
2588 3098 2879 3163 scientiae

577 3184 1030 3271 eloquentiam,
1063 3198 1136 3248 ut
1165 3197 1252 3261 et,
1303 3196 1573 3267 utraque
1624 3182 1928 3259 munituS,
1972 3182 2456 3270 obloquentium
2491 3183 2744 3266 linguas
2774 3208 2876 3251 re-

581 3272 901 3348 tunderet,
949 3283 1016 3335 et
1075 3270 1376 3333 virtutem
1424 3268 1695 3333 elideret
1724 3269 2080 3333 adversam.
2175 3270 2473 3357 Cumque
2504 3272 2876 3337 innumeros

575 3378 700 3441 pro
747 3355 985 3420 tuenda
1012 3355 1312 3420 libertate
1359 3353 1648 3419 ecclesioe
1697 3356 2039 3419 sustineret
2090 3376 2487 3441 congressus,
2533 3358 2877 3441 proeclaros

577 3463 834 3526 semper
881 3442 1122 3504 nomini
1180 3462 1298 3504 suo
1356 3440 1579 3504 titulos
1622 3442 1992 3525 reportabat
2043 3440 2316 3518 illaesus3
2388 3444 2685 3529 adeoque
2734 3444 2878 3527 jus-

579 3526 746 3591 ticiae
778 3529 840 3589 in
873 3527 1131 3591 tuendis
1175 3526 1380 3591 zelum
1429 3542 1500 3590 et
1540 3527 1888 3591 nobilitatis
1933 3527 1999 3591 in
2040 3528 2405 3612 amplianda
2446 3530 2659 3615 gloria
2686 3552 2878 3594 exer-

575 3613 766 3678 cebat
823 3614 1171 3697 ingenium,
1249 3624 1322 3677 ut
1379 3614 1727 3678 multorum
1782 3617 1847 3677 in
1909 3636 1979 3678 se
2039 3613 2303 3679 Ilvorem
2364 3616 2705 3692 excitaret,
2764 3617 2875 3703 qui

575 3699 874 3849 [inentis]
917 3698 1358 3765 fortitudinem
1417 3699 1709 3766 dicerent
1767 3699 1959 3766 fuisse
2016 3702 2439 3787 tyrannidem,
2502 3716 2569 3769 et
2618 3704 2874 3789 copiam

574 3808 609 3851 e
635 3799 937 3854 at1ouem.
