3000 5117
538 387 749 461 ccxlii
994 408 1201 461 ms‘r.
1240 391 1598 461 nimmia.
1625 409 2090 463 scmr‘ronss
2127 412 2339 462 rans.

540 571 935 656 specificata,
966 569 1181 637 eidem
1216 572 1544 637 Cantariae
1573 588 1637 637 et
1669 570 2013 656 capellanis
2043 569 2490 637 ministraturis
2521 571 2586 635 in
2613 570 2842 637 eadem

544 681 663 744 per
694 657 861 743 ipsos
891 658 1254 725 Johannem
1278 674 1349 724 et
1367 659 1726 725 Johannem
1761 658 2144 723 anctoritate
2173 658 2516 723 sufficienti
2543 680 2849 723 concessa

547 759 613 809 et
664 746 1027 845 assignata:
1073 746 1123 809 si
1184 757 1401 811 tamen
1452 768 1573 831 pro
1629 746 2101 822 sustentacione
2153 760 2219 810 et
2265 746 2609 811 dotacione
2657 745 2850 811 dictae

552 833 877 897 Cantariae
898 854 1015 917 per
1038 855 1159 910 me,
1176 832 1328 897 dum
1355 832 1603 909 vixero,
1637 832 1958 917 provisum
1983 854 2114 897 non
2137 832 2334 896 fuerit
2355 840 2432 897 'et
2460 832 2851 897 sufficienter

551 918 937 989 ordinatum.
1036 919 1121 983 Et
1152 934 1461 1007 quantum
1492 920 1576 985 ad
1607 940 1922 1004 expensas
1953 919 2273 984 funerales
2305 921 2454 999 mei,
2489 922 2646 984 volo
2677 918 2850 1007 quod

550 1007 709 1071 fiant
740 1008 935 1092 juxta
992 1004 1487 1092 disposicionem
1551 1020 1970 1071 executorum
2033 1028 2347 1085 meorum,
2409 1028 2558 1073 cum
2621 1007 2851 1071 minori

552 1106 769 1157 tamen
802 1115 1059 1179 pompa,
1093 1116 1239 1193 qua,
1274 1108 1529 1158 servata
1555 1092 1912 1171 honestate,
1944 1093 2084 1157 fieri
2114 1108 2402 1179 possunt.
2477 1094 2648 1159 Item
2681 1094 2850 1171 volo,

553 1181 729 1267 quod
758 1180 809 1244 si
842 1179 1090 1267 aliquos
1122 1180 1405 1245 indebite
1436 1180 1696 1259 offendi,
1733 1180 1831 1244 vel
1875 1183 2046 1245 bona
2089 1180 2446 1267 aliquorum
2477 1180 2726 1245 in'uste
2756 1202 2856 1244 re-

553 1266 694 1352 cepi
717 1288 833 1352 per
863 1290 965 1333 me
998 1267 1099 1332 vel
1130 1266 1452 1331 ministros
1476 1290 1674 1345 meos,
1709 1280 2090 1333 executores
2122 1269 2247 1331 mei
2280 1268 2498 1333 Deum
2579 1268 2854 1331 abentes

551 1376 689 1439 prae
736 1354 957 1433 oculis,
1014 1368 1205 1440 prout
1252 1376 1507 1441 aequum
1547 1366 1610 1419 et
1662 1355 1905 1439 justum
1959 1354 2174 1431 fuerit,
2207 1368 2460 1439 recepta
2491 1355 2677 1439 prius
2708 1377 2862 1419 vera

556 1441 1059 1519 examinacione,
1092 1442 1483 1527 quibuslibet
1529 1443 1594 1507 in
1647 1441 1768 1507 hac
1819 1454 1999 1525 parte
2039 1463 2162 1505 con
2215 1441 2582 1505 uerentibus
2634 1440 2859 1505 debite

556 1527 971 1605 satisfaciant,
1031 1543 1100 1593 et
1160 1528 1385 1593 debita
1442 1551 1588 1593 mea
1643 1528 1930 1614 plenarie
1989 1463 2379 1613 persolvant.
2475 1528 2648 1593 Item
2711 1530 2859 1611 lego

552 1618 857 1679 ducentas
887 1615 1079 1680 libras
1110 1615 1583 1681 distribuendas
1616 1614 1781 1679 inter
1802 1637 2140 1700 pauperes,
2165 1628 2230 1679 et
2255 1613 2539 1678 maxime
2563 1629 2863 1679 tenentes

558 1724 734 1765 meos
765 1702 847 1765 ad
881 1703 1302 1781 voluntatem,
1336 1702 1605 1767 celerius
1633 1724 1763 1788 quo
1793 1702 1931 1766 fieri
1963 1702 2206 1785 poterit
2234 1723 2275 1766 a
2301 1700 2408 1765 die
2439 1702 2672 1765 mortis
2701 1724 2864 1766 meae

556 1806 760 1874 usque
790 1788 872 1853 ad
906 1803 1155 1873 ternpus
1186 1811 1318 1875 quo
1349 1790 1502 1854 fient
1534 1788 1895 1873 solempnes
1927 1788 2222 1875 exequiae
2267 1788 2624 1873 sepulturae
2675 1811 2858 1853 meoe.

566 1874 654 1939 Et
682 1889 943 1939 centum
976 1876 1167 1939 libras
1193 1897 1311 1960 pro
1330 1875 1766 1940 conducendis
1790 1876 2156 1960 presbiteris
2177 1891 2304 1939 tam
2325 1874 2646 1959 religiosis
2666 1898 2858 1975 qnam

556 1962 967 2039 secularibus,
992 1977 1059 2025 et
1090 1962 1417 2047 potissime
1442 1961 1831 2027 secularibus
1855 1961 2234 2027 exhibendis
2262 1962 2346 2026 ad
2379 1962 2583 2026 scolas
2617 1962 2860 2027 ibidem

555 2048 972 2113 celebraturis
1000 2071 1119 2133 pro
1148 2049 1365 2115 anima
1402 2072 1564 2128 mea,
1596 2048 1864 2113 celerius
1908 2071 2038 2136 quo
2067 2048 2205 2113 fieri
2238 2049 2476 2133 poterit
2506 2063 2664 2135 post
2694 2071 2863 2113 mor-

557 2150 689 2199 tem
722 2156 951 2214 meam,
976 2135 1171 2220 juxta
1192 2136 1654 2202 discrecionem
1680 2150 2096 2201 executorum
2117 2157 2427 2200 meorum.
2511 2136 2686 2200 Item
2715 2136 2860 2199 volo

517 2254 525 2259 ·
556 2238 625 2287 et
657 2221 887 2287 ordino
904 2223 1077 2309 quod
1100 2222 1267 2295 libri,
1291 2224 1548 2308 jocalia,
1581 2236 1652 2287 ot
1683 2236 2078 2301 ornamenta,
2111 2224 2620 2308 vestimentaque
2651 2244 2860 2287 sacer·

556 2310 798 2374 dotalia
820 2324 885 2373 et
919 2311 1191 2387 levitica,
1226 2310 1289 2374 in
1330 2310 1694 2375 Inventario
1727 2332 1893 2387 meo,
1926 2332 2072 2374 cum
2107 2311 2398 2394 praesenti
2434 2307 2861 2375 Testamento

554 2418 704 2461 meo
736 2399 1130 2481 consignato,
1165 2397 1500 2482 descripta,
1535 2412 1602 2461 et
1632 2420 1746 2481 pro
1777 2398 2046 2462 ecclesia
2071 2419 2215 2461 mea
2247 2395 2676 2461 Dunelmensi
2709 2396 2860 2460 inti-

560 2484 780 2560 tulata,
814 2506 961 2570 quae
1015 2484 1215 2547 eciam
1269 2484 1477 2548 eidem
1529 2484 1818 2549 ecclesioe
1851 2506 2010 2549 meae
2042 2484 2192 2568 lego
2231 2496 2300 2547 et
2329 2482 2615 2569 assigno,
2649 2506 2858 2547 rema·

556 2585 747 2635 neant
779 2584 1095 2655 perpetuo
1128 2570 1189 2633 in
1222 2570 1450 2637 eadem
1482 2571 1754 2635 ecclesia
1777 2570 1857 2635 ad
1891 2571 2136 2635 cultum
2167 2587 2232 2635 et
2263 2571 2577 2634 honorem
2629 2569 2760 2635 Dei
2793 2584 2858 2635 et

560 2657 759 2721 sancti
798 2656 1161 2722 Cuthberti.
1252 2657 1421 2723 Item
1471 2658 1621 2742 lego
1656 2658 1862 2722 Priori
1898 2656 2182 2723 ecclesiae
2214 2656 2672 2723 Dunelmensis
2695 2680 2864 2743 prae·

558 2742 775 2822 dictae,
824 2746 936 2831 qui
987 2758 1279 2829 tempore
1328 2744 1540 2808 obitus
1595 2745 1716 2807 mei
1772 2745 2008 2809 ibidem
2041 2743 2394 2830 praefuerit,
2429 2742 2862 2831 quadraginta

559 2830 797 2895 solidos
825 2854 842 2907 ;
922 2830 1260 2917 Suppriori
1322 2831 1550 2919 viginti
1607 2831 1870 2909 solidos,
1931 2845 2001 2896 et
2045 2830 2306 2897 cuilibet
2349 2831 2673 2896 monacho
2703 2830 2861 2895 dieti

565 2917 943 2983 Monasterii
996 2940 1111 2983 sex
1156 2917 1399 2983 solidos
1448 2916 1603 3003 viij⁶.
1641 2932 1713 2982 ut
1765 2918 2061 2982 intersint
2105 2917 2392 3004 exequiis
2423 2920 2607 2993 meiS,
2641 2932 2710 2981 et
2747 2939 2865 3002 pro

561 3005 774 3070 anima
796 3028 939 3071 mea
966 3004 1335 3090 suppliciter
1382 3004 1596 3069 Deum
1643 3019 1855 3082 orent,
1891 3020 1958 3069 et
2003 3004 2274 3091 quilibet
2317 3026 2538 3069 eorum
2570 3004 2866 3069 celebret

560 3112 682 3177 pro
713 3093 923 3157 anima
952 3114 1096 3157 mea
1125 3107 1255 3156 tres
1286 3091 1525 3159 missas,
1620 3091 1784 3157 Item
1833 3092 1983 3177 lego
2009 3091 2302 3175 Collegio
2337 3089 2646 3156 Dunelm.
2673 3092 2866 3157 Oxo-

559 3179 707 3257 niae,
732 3178 793 3243 in
816 3179 1089 3265 aliquale
1112 3177 1462 3243 subsidium
1485 3191 1551 3243 et
1569 3179 1927 3245 relevamen
1953 3178 2263 3263 ejusdem,
2289 3179 2514 3243 decem
2545 3178 2774 3257 libraS,
2797 3191 2866 3243 ut

568 3266 910 3351 Collegiati
940 3266 1177 3331 ibidem
1208 3266 1275 3330 in
1306 3264 1433 3329 suis
1464 3265 1667 3329 missis
1697 3279 1766 3331 et
1795 3265 2254 3330 devocionibus
2277 3277 2466 3330 orent
2498 3262 2724 3329 Deum
2751 3288 2866 3351 pro

562 3354 775 3417 anima
826 3374 989 3420 mea.
1084 3352 1249 3417 Item
1295 3352 1443 3437 lego
1487 3352 1754 3417 cuilibet
1795 3351 2037 3416 Domui
2091 3374 2208 3415 seu
2243 3351 2654 3417 Monasterio
2689 3352 2868 3417 Reli·

562 3440 890 3523 giosorum
934 3460 1067 3501 non
1114 3438 1630 3503 Mendicantium
1677 3438 1844 3503 infra
1883 3437 2536 3504 diocesim-Dunelm.
2587 3438 2872 3526 quadra-

564 3526 746 3609 ginta
784 3525 1023 3589 solidos
1049 3548 1067 3601 3
1114 3526 1281 3591 inter
1309 3548 1469 3612 quos
1509 3527 1658 3591 volo
1683 3526 2036 3593 ,prioratus
2067 3525 2506 3611 dependentes
2538 3526 2623 3591 ab
2655 3528 2870 3591 eccle·-

564 3612 657 3676 sia
702 3634 845 3676 mea
878 3612 1179 3676 Dunelm.
1211 3613 1693 3697 comprehendi.
1809 3614 1912 3678 Ita
1942 3614 2114 3699 quod
2149 3612 2421 3699 quilibet
2451 3614 2756 3677 sacerdos
2803 3614 2870 3677 in

566 3699 753 3763 dictis
785 3699 1105 3764 Domibus
1136 3699 1415 3765 existens
1447 3700 1730 3766 celebret
1761 3722 1878 3785 pro
1923 3703 2137 3765 anima
2169 3722 2315 3764 mea
2343 3698 2612 3783 triginta
2643 3700 2870 3765 missas

562 3786 730 3852 infra
770 3808 1009 3851 annum
1054 3809 1095 3851 a
1122 3800 1411 3872 tempore
1442 3788 1665 3851 mortis
1695 3810 1878 3853 meae.
1945 3788 2110 3852 Item
2143 3787 2293 3871 lego
2324 3786 2586 3853 cuilibet
2619 3786 2874 3853 Domui

564 3876 649 3939 de
701 3874 927 3939 ordine
977 3873 1497 3939 Mendicnncium
1553 3874 1720 3939 infra
1766 3874 2036 3939 eandem
2085 3874 2390 3939 diocesim
2439 3873 2876 3960 quadraginta

568 3963 845 4039 solidos}
890 3961 1056 4026 inter
1104 3984 1265 4049 quos
1318 3960 1466 4025 volo
1521 3960 1660 4025 illos
1707 3962 1791 4026 de
1830 3962 2137 4026 Alverton
2183 3975 2250 4026 et
2285 3961 2528 4025 Yarnm
2573 3982 2876 4047 compre-

568 4049 765 4115 hendi
791 4074 809 4125 ;
857 4062 929 4113 ut
957 4049 1075 4134 ipsi
1106 4070 1330 4113 omnes
1362 4062 1549 4113 orent
1577 4070 1696 4132 pro
1722 4048 1936 4113 anima
1965 4070 2130 4125 mea,
2163 4062 2234 4112 et
2266 4048 2536 4135 quilibet
2567 4050 2872 4113 sacerdos

570 4136 634 4198 in
666 4136 849 4201 dictis
884 4134 1203 4201 Domibus
1232 4135 1519 4201 existens
1547 4135 1832 4200 celebret
1861 4158 1979 4220 pro
2003 4136 2216 4201 anima
2245 4158 2392 4199 mea
2421 4134 2690 4219 triginta
2721 4134 2870 4200 mis·

566 4244 666 4285 sas
696 4222 861 4286 infra
889 4243 1124 4287 annum
1156 4246 1197 4287 a
1224 4236 1518 4308 tempore
1547 4222 1769 4287 mortis
1815 4244 1998 4287 meae.
2091 4223 2258 4287 Item
2289 4222 2438 4306 lego
2467 4220 2738 4287 sabricae
2769 4244 2870 4287 ec-

568 4308 779 4371 elesiae
816 4310 1217 4375 cathedralis
1252 4308 1677 4375 Eboracensis
1691 4309 1933 4395 ,viginti
1965 4310 2178 4387 libras,
2211 4310 2364 4373 dum
2399 4322 2618 4373 tamen
2655 4310 2872 4383 Cano·

569 4395 693 4458 uici
726 4396 965 4461 ibidem
1007 4397 1353 4463 residentes
1401 4395 1528 4461 sint
1574 4396 1758 4461 amici
1789 4410 1856 4461 et
1888 4397 2186 4461 benevoli
2217 4396 2682 4462 executoribus
2715 4396 2872 4463 meis
