3000 5117
759 469 1167 543 nonsit-rus
1221 489 1324 542 nn
1379 483 1895 542 anrsTANEs.
2382 459 2479 542 87

151 650 428 739 pellere,
461 651 520 716 si
567 651 744 730 vivit,
791 665 862 717 et
915 663 1207 717 constare
1251 651 1470 738 possit,
1490 649 1701 736 gratis
1738 646 2042 711 recedent
2062 655 2137 708 et
2166 637 2411 706 confusi
2420 640 2477 703 .”

157 740 522 826 Alloqutus
569 752 788 805 tamen
833 761 949 805 eos
993 751 1156 818 erat,
1189 754 1358 816 ante,
1389 733 1717 825 quomodo
1747 731 1937 798 Prior
1964 731 2086 795 fuit
2114 729 2473 803 restitutus,

155 839 218 891 et
263 828 411 891 duo
468 848 748 913 corpora
791 826 979 890 simul
1028 827 1094 891 in
1147 827 1378 892 eodem
1432 827 1577 888 loco
1621 843 1757 887 esse
1800 841 1933 883 non
1962 831 2243 904 possent.
2294 903 2309 917 .
2341 813 2475 879 Sed

153 914 645 1000 responderunt
691 914 832 979 haec
883 914 1096 978 locum
1145 935 1280 977 non
1325 925 1569 988 tenere,
1624 911 1676 972 si
1726 908 1911 972 Prior
1942 921 2229 969 mortuus
2260 913 2365 979 sit,
2400 915 2475 1000 ut

153 1001 524 1078 dixerunt3
561 1001 662 1064 sic
703 1021 862 1085 ergo
903 1000 1244 1065 hesitando
1285 998 1719 1084 expectabant
1748 993 2039 1080 usquein
2070 991 2239 1056 diem
2270 1001 2475 1053 sancti

158 1088 499 1172 Gregorii,
577 1109 666 1152 uo
710 1087 818 1152 die
861 1087 1070 1172 primo
1108 1099 1495 1170 acceperunt
1538 1098 1785 1148 certum
1828 1081 1917 1144 de
1960 1077 2285 1143 creatione
2310 1074 2479 1137 wil-

153 1173 364 1239 lielmi
407 1175 496 1238 de
611 1173 854 1251 anseld,
891 1173 1130 1238 Prioris
1159 1174 1244 1238 de
1281 1171 1617 1237 Wederhal
1649 1169 1717 1233 in
1754 1167 2043 1232 Priorem
2078 1163 2479 1229 Dunelmen·

159 1283 343 1338 sem3
391 1283 532 1349 quo
560 1274 850 1346 accepto,
883 1262 1060 1325 missi
1089 1273 1239 1324 suut
1267 1257 1400 1324 duo
1427 1257 1657 1323 fratres
1683 1255 1767 1321 ad
1802 1256 2011 1340 ipsum
2040 1251 2213 1352 apud
2249 1249 2479 1352 wede-

159 1349 255 1412 ral
308 1369 466 1412 cum
517 1347 721 1412 literis
769 1347 1052 1434 capituli,
1099 1359 1402 1432 rogantes
1443 1366 1617 1420 eum,
1651 1357 1724 1408 ut
1754 1343 1893 1428 ipse
1922 1359 2268 1424 provisioni
2300 1336 2382 1400 de
2410 1359 2479 1399 se

159 1434 356 1499 factae
403 1434 826 1512 consentiret,
871 1447 939 1499 et
982 1455 1202 1498 >versus
1248 1432 1643 1497 Dunelmum
1690 1430 1813 1492 iter
1858 1448 2041 1490 suum
2086 1437 2477 1496 maturarem

161 1521 520 1586 missisunt
564 1535 634 1586 et
679 1522 788 1586 alii
817 1521 952 1585 duo
980 1521 1206 1586 fratres
1237 1520 1320 1585 ad
1355 1519 1749 1604 Episcopum
1779 1535 1924 1579 cum
1958 1513 2158 1578 literis
2188 1509 2472 1594 capituli,

161 1608 248 1672 ad
275 1608 714 1696 mitigandum
742 1607 1023 1673 animum
1053 1608 1213 1693 ejus,
1239 1621 1305 1672 ct
1331 1605 1416 1670 ad
1443 1603 1805 1690 rogandum
1837 1621 1981 1666 eum
2016 1613 2087 1663 ut
2118 1599 2477 1663 remitteret

161 1695 522 1759 conventui
548 1717 848 1760 rancores
900 1707 967 1760 et
1010 1693 1439 1770 melancolias,
1489 1713 1649 1779 quas
1696 1711 1853 1774 erga
1908 1709 2022 1752 eos
2070 1697 2472 1781 conceperat,

163 1783 426 1847 vivente
460 1781 728 1858 Priore3
773 1782 1158 1846 tenebantur
1207 1779 1380 1846 enim
1447 1777 1658 1843 Priori
1706 1799 1825 1840 suo
1871 1773 2155 1852 obedire,
2205 1784 2275 1837 et
2322 1771 2474 1835 ideo

163 1869 382 1932 minus
411 1867 864 1956 imputandum
914 1867 1037 1934 fuit
1079 1867 1189 1946 eis,
1221 1867 1276 1930 si
1325 1865 1505 1952 quid,
1540 1865 1681 1952 ipso
1724 1864 1912 1940 duce,
1946 1875 2175 1926 contra
2207 1860 2475 1945 Episco-

161 1977 320 2040 pum
351 1957 934 2042 praesumpsissent.
1031 1955 1118 2018 Et
1163 1963 1549 2040 acceperunt
1584 1953 1665 2017 ab
1714 1975 1795 2016 eo
1839 1969 2236 2034 responsum,
2290 1945 2469 2032 quod

161 2042 473 2107 minimus
531 2043 620 2107 de
665 2043 948 2107 clanstro
979 2040 1232 2126 gravius
1279 2040 1346 2104 in
1395 2061 1507 2104 eos
1560 2039 1939 2113 vindicaret,
1985 2057 2177 2122 quam
2226 2033 2469 2098 faceret

159 2128 318 2212 ipsc,
353 2129 411 2194 si
443 2141 696 2194 tantum
727 2142 957 2194 contra
979 2129 1312 2194 minimum
1340 2142 1650 2214 quantum
1676 2137 1903 2190 contra
1930 2123 2137 2206 ipsum
2168 2120 2475 2220 deliquis-

159 2229 328 2283 sent.
429 2217 590 2282 Cito
613 2233 828 2283 tamen
851 2220 1030 2302 post]
1057 2239 1177 2302 per
1203 2215 1599 2300 Stephanum
1625 2214 1707 2277 de
1734 2211 2129 2277 Malo-Lacu
2164 2209 2468 2272 vicarium

161 2303 538 2388 generalem
571 2304 874 2390 Episcopi
904 2305 1103 2369 amoti
1132 2315 1282 2369 sunt
1311 2304 1394 2368 ab
1417 2301 1629 2368 officio
1662 2299 1995 2386 Supprior,
2032 2295 2473 2396 Priorem-Gel-

161 2391 395 2471 larum,
424 2405 498 2458 et
523 2392 810 2478 magistri
831 2392 1300 2472 obedientiarii,
1331 2389 1633 2457 benevoli
1660 2389 1868 2454 Priori
1898 2399 2179 2452 mortuo,
2247 2384 2333 2448 Et
2354 2383 2475 2446 illis

161 2478 372 2544 missis
401 2479 494 2543 ad
527 2479 740 2545 Cellas
765 2480 1088 2545 substituti
1118 2493 1267 2544 sunt
1297 2479 1402 2544 alii
1431 2479 1496 2543 in
1528 2479 1670 2545 loca
1698 2499 1945 2543 eorum.
2044 2473 2231 2538 Prior
2260 2485 2475 2536 tamen

161 2567 246 2631 de
279 2565 725 2652 coldingham
777 2567 988 2632 tenuit
1027 2582 1268 2632 statum
1319 2589 1527 2633 suum.
1622 2565 1888 2630 Factum
1936 2575 2033 2627 est
2076 2561 2476 2626 hoccontna

163 2655 738 2733 [cous-:emdinem
765 2663 870 2736 ct]
906 2654 1250 2742 privilegia
1275 2653 1525 2730 domus,
1556 2652 1729 2739 quia,
1776 2663 2044 2716 vacante
2072 2647 2249 2724 sede,
2282 2645 2476 2711 aicha

163 2740 398 2805 debuit
453 2741 766 2820 innovari,
807 2741 925 2807 sed
976 2755 1118 2806 tota
1167 2763 1324 2806 cura
1352 2741 1582 2804 domus
1626 2739 1707 2804 ad
1747 2737 2161 2824 Suppriorem
2192 2733 2468 2802 devolvi.

169 2827 598 2912 Episcopales
643 2845 860 2894 tamen
919 2829 1228 2892 dixerunt
1279 2826 1697 2912 Suppriorem
1746 2840 1815 2890 ct
1860 2825 2133 2908 majores
2188 2821 2474 2909 Capituli

165 2915 770 2980 excommunicatos
827 2937 946 3001 per
1007 2915 1423 3000 Episcopum,
1499 2928 1567 2977 et
1641 2912 1791 2977 ideo
1855 2933 1993 2975 non
2022 2914 2256 2990 ²[erant.
2326 2909 2475 2974 talis

163 3021 350 3067 ουτω
371 3023 678 3086 capaces.
767 3001 1036 3067 Interim
1053 3000 1408 3066 interdicta
1449 3013 1550 3067 est
1592 2998 1885 3076 ecclesia,
1932 3009 1999 3062 et
2042 2996 2223 3083 quasi
2251 3019 2475 3061 omnes

169 3087 257 3150 de
324 3087 635 3172 capitulo,
679 3088 838 3176 quia
890 3111 1114 3152 omnes
1167 3087 1253 3152 ad
1296 3086 1659 3174 superiores
1706 3085 1925 3150 stallos
1968 3083 2297 3162 nominati,
2360 3107 2475 3150 ex·

170 3174 632 3239 communicati
693 3195 816 3259 pro
854 3175 1129 3262 pecunia
1183 3174 1651 3240 mercatoribus
1694 3171 1938 3248 debita,
1986 3169 2078 3234 ita
2120 3171 2297 3256 quod
2343 3193 2479 3235 non

171 3275 316 3324 erat
359 3259 590 3347 aliquis
653 3262 768 3347 qui
815 3261 1070 3326 missam
1108 3261 1464 3327 celebraret
1519 3275 1763 3348 praeter
1812 3255 2153 3323 duodecim
2202 3257 2477 3342 juvenes

167 3348 256 3411 ab
319 3346 652 3433 Episcopo
679 3349 882 3413 sancti
945 3345 1231 3414 Andreae
1288 3369 1519 3434 parum
1575 3361 1727 3415 aute
1757 3346 2107 3412 ordinatos.
2202 3344 2477 3411 Viveute

163 3435 342 3498 enim
425 3433 670 3513 Priore,
717 3435 803 3499 ad
852 3434 1306 3500 declarandam
1358 3435 1592 3500 famam
1628 3431 1869 3501 Prioris
1921 3431 2169 3516 scripsit
2229 3433 2479 3519 capitu·

169 3519 308 3584 lum
352 3519 440 3584 ad
471 3523 736 3589 curiam.
834 3521 908 3586 In
938 3521 1138 3587 literis
1169 3544 1324 3586 vero
1354 3520 1474 3586 illis
1504 3520 2033 3606 exprimebantur
2063 3517 2474 3584 nominamin-

167 3607 476 3689 gulorum
525 3609 643 3672 sub
685 3607 808 3672 hac
851 3609 1102 3673 forma:
1153 3608 1294 3673 Nos
1346 3609 1660 3673 Ricardus
1705 3608 1789 3672 de
1821 3607 2127 3694 Aslakby,
2160 3608 2473 3692 supprior,

164 3707 236 3756 et
265 3693 359 3756 sic
390 3692 780 3777 singillatim,
813 3695 1028 3780 quoad
1084 3713 1306 3759 ornnes
1348 3697 1434 3760 >ad
1481 3695 1841 3780 superiores
1870 3693 2109 3769 stalloS‚
2143 3707 2212 3758 et
2240 3695 2473 3759 eodem

169 3779 372 3843 modo
421 3779 662 3846 inserta
709 3795 889 3846 erant
943 3782 1010 3845 in
1056 3777 1242 3846 litera
1291 3781 1569 3868 quadam
1622 3780 2024 3864 obligatoria,
2076 3795 2144 3844 et
2204 3781 2478 3865 pecunia

167 3879 444 3951 propter
472 3879 750 3932 mortem
796 3867 1035 3932 Prioris
1066 3889 1182 3932 suo
1213 3880 1500 3952 tempore
1532 3890 1660 3935 non
1692 3867 1939 3943 solutn3
1984 3866 2217 3930 eodem
2250 3867 2479 3932 ordine

170 3951 548 4016 denunciati
595 3967 745 4019 sunt
801 3953 1380 4030 excommunicati3
1449 3968 1516 4018 et
1564 3953 1811 4019 cedulae
1864 3951 2476 4019 excommunicatio-

173 4059 318 4102 nem
351 4041 764 4105 continentes
785 4040 1013 4105 hostiis
1043 4041 1452 4106 ecclesiarum
1485 4041 1696 4104 affixae
1742 4057 1927 4108 erant
1957 4041 2019 4102 in
2052 4037 2247 4104 curia.
2340 4041 2474 4118 Qui

173 4127 346 4207 prins
375 4125 757 4213 gaudebant
787 4131 1050 4192 nomina
1080 4149 1300 4192 eorum
1332 4127 1398 4191 in
1431 4127 1716 4212 praefatis
1744 4127 1941 4192 literis
1971 4125 2181 4205 inseri,
2216 4145 2475 4216 propter

171 4211 461 4276 favorem
515 4214 1038 4302 consequendum
1088 4237 1128 4279 a
1163 4213 1404 4291 Priore,
1447 4214 1583 4298 jam
1631 4215 1939 4298 lugebant
1984 4236 2055 4280 se
2110 4215 2390 4298 privatos
2437 4241 2477 4284 a

171 4297 536 4364 divinorum
586 4301 1036 4365 celebratione.
1133 4301 1366 4366 Gravis
1411 4301 1537 4365 fuit
1585 4301 1727 4366 haec
1770 4301 1980 4386 plaga,
2014 4316 2081 4365 et
2114 4303 2299 4366 nimis
2330 4327 2477 4389 per-

173 4405 488 4464 severans,
551 4409 703 4452 nam
765 4387 1090 4472 praepositi
1141 4409 1256 4472 per
1291 4387 1678 4473 Episcopum
1730 4386 1793 4449 in
1840 4387 2060 4451 officiis
2113 4410 2244 4454 non
2294 4404 2478 4455 erant

175 4471 474 4539 benevoli
519 4473 1018 4558 praecessoribus
1063 4475 1208 4552 suis,
1258 4487 1324 4538 et
1371 4473 1519 4538 ideo
1565 4473 1782 4559 tepide
1829 4485 2097 4558 egerunt
2140 4478 2221 4541 ad
2255 4497 2475 4540 eorum
