3000 5117
536 454 789 529 cccviii
1020 474 1221 527 nis-r.
1262 472 1616 525 nunnus.
1657 470 2118 526 scu-mroazs
2154 475 2363 525 rans·

534 636 728 700 hanni
792 635 1141 701 Blakewell
1202 633 1539 719 capellano
1597 631 1713 696 xl’.
1829 633 1994 699 Item
2041 634 2328 699 Johanni
2393 633 2718 699 Iaematm
2781 636 2844 702 1⁸.

540 722 706 786 Item
744 722 1105 787 willielmo
1140 722 1405 785 Louson
1440 717 1750 803 provisori
1781 718 1864 782 de
1898 720 2071 783 Tese
2103 720 2211 787 ix'.
2247 719 2407 804 xvj⁸.
2439 720 2600 805 viijd.
2685 722 2849 785 Item

539 809 803 872 domino
844 807 1124 873 Johanni
1164 806 1590 891 Wessyngton
1622 827 1828 889 nuper
1867 805 2072 871 Priori
2102 806 2190 889 iiij
2222 806 2429 891 'xiijk
2469 816 2608 871 xv'.
2623 808 2708 890 j‘.
2743 808 2848 871 ob.

544 896 813 960 Summa
842 893 1259 959 confluxu&
1290 899 1433 955 νιν.
1466 890 1592 958 xiff.
1629 891 1737 956 ob.

1819 976 1907 1041 Et
1952 998 2074 1061 ego
2105 977 2434 1042 Johannes
2483 978 2848 1063 Berehalgh

1730 1064 2014 1140 clericus,
2031 1062 2483 1127 Dunelmensis
2497 1064 2850 1142 dioceseos,

1779 1150 2024 1213 ublicus
2053 1147 2542 1214 auctoritatibus
2593 1165 2850 1237 aposto-

1729 1172 1854 1300 iica
1881 1250 1947 1299 et
1991 1234 2302 1319 imperiali
2353 1236 2667 1316 notarius,
2701 1238 2852 1323 quia

1729 1320 2186 1407 praedictorum
2217 1322 2668 1404 religiosorum
2705 1348 2852 1409 per·

1725 1429 2048 1485 sonarum,
2112 1420 2546 1486 materiarum,
2609 1432 2854 1475 rerum-

1727 1516 1856 1579 que
1927 1510 1998 1559 et
2063 1494 2406 1571 bonorum,
2469 1495 2853 1561 detrimenta

1731 1580 2100 1645 reddituum
2145 1594 2213 1645 et
2258 1579 2678 1659 decimarum,
2721 1583 2856 1665 lap-

1733 1688 1876 1731 sum
1935 1680 2004 1729 et
2071 1667 2320 1731 ruInam
2395 1670 2854 1743 maneriorum,

1712 1750 2180 1833 ,cancellat-um,
2229 1752 2754 1819 molendinorum
2795 1770 2860 1818 et

1735 1853 2270 1915 tenementorum,
2309 1860 2434 1904 una
2473 1864 2628 1905 cum
2678 1864 2862 1925 repa·-

1715 1924 2097 1989 ·racionibus
2183 1946 2250 1990 et
2329 1928 2862 1991 edificacionibus

1733 2011 2108 2089 eorundem,
2141 2034 2218 2075 ac
2247 2012 2468 2079 debita
2513 2014 2580 2079 in
2627 2014 2860 2099 quibus

1737 2111 2040 2163 tenentur
2109 2098 2486 2182 supradicti,
2556 2100 2862 2186 quaedam

1734 2205 1854 2268 per
1876 2184 2270 2266 corporalem
2300 2185 2526 2263 visum,
2555 2187 2864 2273 quiedam

1737 2291 1856 2355 per
1875 2269 2248 2335 indenturas
2271 2269 2338 2335 in
2359 2296 2437 2337 ea
2459 2288 2648 2357 parte
2665 2272 2865 2357 scrip-

1741 2370 1858 2431 tas,
1936 2369 2003 2419 et
2080 2356 2228 2420 hinc
2301 2359 2452 2423 inde
2529 2360 2866 2444 sigillatas,

559 2448 855 2538 qnaedam
930 2468 1049 2534 per
1122 2442 1512 2511 adminicuia
1581 2442 2064 2526 probacionum,
2117 2443 2416 2529 quaedam
2492 2446 2702 2511 eciam
2759 2468 2868 2531 per

552 2536 1041 2603 raciociniorum
1100 2534 1232 2596 sive
1292 2541 1736 2613 compotorum
1795 2528 2231 2595 reddicionem
2291 2552 2406 2615 per
2465 2532 2640 2615 prius
2695 2579 2864 2597 ......

559 2646 731 2691 anuo
780 2619 1042 2687 Domini
1090 2616 1425 2682 millesimo
1458 2633 1722 2678 cccch
1753 2628 1964 2691 sexto,
2000 2613 2354 2680 indiccione
2379 2638 2570 2695 nona,
2603 2620 2868 2703 pontifi-

560 2725 743 2777 catus
794 2704 1171 2771 sanctissimi
1222 2704 1291 2767 in
1346 2702 1614 2768 Christo·
1655 2699 1856 2785 patris
1903 2715 1969 2764 et
2015 2700 2259 2767 domini
2306 2703 2552 2767 domini
2587 2704 2870 2793 Eugenii

558 2796 781 2863 divina
808 2790 1223 2879 providencia
1255 2790 1453 2874 Papae
1483 2787 1700 2874 quarti
1724 2809 1897 2852 anno
1919 2788 2384 2866 sextodecimo,
2409 2791 2542 2855 fere
2563 2793 2872 2857 omnibus

559 2900 633 2949 et
671 2878 935 2967 singuiis
983 2878 1211 2942 diebus
1264 2874 1497 2939 mensis
1550 2873 1708 2938 Julii
1748 2885 1818 2937 et
1869 2874 2171 2957 Augusti,
2223 2898 2352 2939 una
2401 2898 2548 2941 cum
2587 2878 2872 2946 dominis

563 2972 631 3035 T
631 2970 823 3034 homa
881 2964 1137 3051 Nesbyt
1191 2962 1463 3027 custode
1523 2958 1922 3037 infirmariae,
1973 2960 2270 3027 Johanne
2325 2962 2438 3028 011
2493 2964 2732 3029 Priore
2793 2966 2872 3028 de

562 3052 1059 3142 Coldyngham,
1100 3048 1401 3116 Johanne
1474 3045 1802 3112 Gatisside
1861 3047 2150 3126 terrario,
2215 3048 2556 3114 willielmo
2619 3050 2872 3115 Dalton

560 3144 766 3210 tercio
827 3138 1073 3213 Priore,
1138 3132 1477 3199 willielmo
1544 3132 1730 3196 Eden
1787 3132 2100 3211 bursario,
2155 3134 2448 3201 Roberto
2504 3135 2876 3202 Westmer-

560 3230 756 3295 lande
798 3221 1196 3299 cancellarie,
1237 3220 1303 3284 T
1304 3220 1499 3284 homa
1531 3218 1943 3302 Thornburg‚
1984 3220 2271 3286 Ricardo
2307 3220 2502 3286 More
2529 3242 2872 3309 carpenta-

563 3317 687 3390 rio,
713 3312 927 3378 David
956 3307 1220 3393 Wright
1241 3306 1666 3392 carpentario,
1687 3302 1980 3370 Johanne
2018 3304 2303 3385 Knoute,
2332 3307 2594 3373 Thoma
2607 3311 2871 3386 Jacson‚

563 3402 861 3469 ,Iohanne
920 3392 1364 3481 Raynaldson,
1413 3392 1711 3457 Johanne
1763 3390 2073 3477 Davyson
2133 3397 2446 3479 carpent',
2510 3396 2874 3462 willielmo

566 3484 843 3550 Wodde
884 3480 1317 3566 carpentario,
1338 3479 1379 3544 J
1384 3476 1626 3542 ohanni
1653 3476 1894 3563 Jekyu,
1930 3477 2227 3544 Hem-ico
2262 3480 2520 3565 Rydell,
2553 3496 2712 3561 etc„
2752 3500 2876 3549 tes-

564 3574 735 3639 tibus
766 3570 831 3633 in
859 3564 1217 3653 praetnissiS,
1252 3564 1487 3643 inveni,
1522 3563 1801 3648 inspexi,
1835 3577 1902 3628 et
1931 3564 2058 3628 vidi
2081 3588 2110 3641 ς
2134 3564 2285 3631 ideo
2315 3567 2489 3631 hunc
2531 3568 2874 3646 Rutulum,

564 3660 749 3748 quasi
805 3652 1245 3720 Inventarium
1284 3672 1727 3737 personarum,
1759 3672 1998 3728 rerum,
2031 3651 2372 3731 bonorum,
2403 3668 2473 3717 et
2503 3654 2874 3723 debitorum

566 3742 935 3813 monasterii
982 3738 1267 3805 ecclesiae
1329 3736 1794 3802 Dunolmensis
1846 3736 2202 3822 praedictat,
2252 3761 2382 3803 una
2425 3762 2574 3805 cum
2617 3764 2880 3827 repara-

568 3833 870 3903 cionibus·
906 3840 973 3893 et
1016 3824 1538 3891 edificacionibus
1583 3822 2034 3902 maneriorum,
2078 3826 2526 3903 cancellatum,
2561 3829 2878 3895 molendi-

566 3941 821 3997 norum,
867 3927 936 3981 et
982 3927 1488 3979 tenementorum
1532 3910 1739 3975 eidem
1773 3909 2259 3995 pertinencium,
2291 3914 2735 3995 continenter,
2771 3940 2880 4003 per

570 4010 767 4077 alium
798 4000 1057 4069 aliunde
1086 4014 1438 4085 occupatus
1450 3996 1645 4063 scribi
1665 3996 1802 4074 feci,
1824 3999 2158 4078 summai-1,
2183 4002 2500 4086 excerpsi,
2525 4004 2880 4085 publicavi,

574 4112 641 4162 et
685 4094 751 4158 in
781 4092 950 4156 hanc
979 4100 1359 4173 praesentem
1386 4084 1658 4150 formam
1687 4083 1931 4173 redegi,
1962 4106 2233 4173 meaque
2261 4087 2522 4172 signum
2550 4105 2620 4155 et
2640 4113 2879 4157 nomen

572 4172 639 4246 in
684 4201 803 4246 sex
846 4174 1334 4242 consuiconibus
1378 4172 1566 4259 hujus
1594 4169 1811 4249 rotuli,
1844 4184 1914 4237 et
1939 4170 2043 4236 hic
2072 4172 2140 4237 in
2169 4174 2324 4252 fine,
2357 4177 2654 4259 apposui,
2685 4202 2880 4270 roga·

572 4282 677 4333 tus
706 4280 770 4333 et
791 4262 1153 4357 requisitus,
1176 4260 1243 4325 in
1264 4260 1462 4326 fidem
1492 4272 1560 4325 et
1589 4258 2021 4325 testimonium
2053 4260 2552 4345 praemissorum.
