3000 5117
541 530 637 595 10
1005 534 1206 591 nist.
1237 536 1589 588 nummu.
1630 532 2085 588 semproans
2120 528 2328 584 runs.

535 794 660 859 bus
694 794 1019 877 [adversas
1039 788 1102 865 ?]
1146 810 1274 851 non
1328 810 1369 849 o
1415 786 1720 864 stiteriut,
1774 785 1887 849 sed
1930 782 2130 866 magis
2160 805 2271 847 eas
2294 793 2685 933 duramento
2714 802 2846 844 suo

535 876 949 955 firmaverint,
984 873 1418 959 suspensionis
1450 872 1833 938 sententiam
1866 870 2133 954 accepit.
2206 868 2291 934 Se
2367 866 2845 931 interveniente

497 988 657 1052 2pro
713 986 796 1029 eo
848 963 1079 1028 eodem
1130 958 1627 1047 Archiproesule‚
1683 959 1834 1048 quia
1885 956 2092 1023 multo
2138 956 2350 1023 fuerat
2401 952 2839 1029 innocentior,

536 1052 781 1117 absolvi
809 1047 1186 1138 promeruit.

537 704 821 771 cationes
853 712 916 768 et
949 699 1266 766 inauditas
1297 698 1465 849 regis
1504 698 1771 763 Henrici
1805 718 1878 762 11.
1902 694 2389 762 constitutiones
2419 691 2647 757 divinis
2678 692 2847 781 legi-

711 1456 857 1502 CAP.
903 1455 994 1502 v1.
1097 1454 1186 1499 DE
1238 1452 1524 1497 GUERRA
1571 1448 1785 1494 INTER
1846 1448 2229 1495 namucum
2275 1450 2654 1495 SECUNDUM

1238 1539 1480 1584 REGE-M
1529 1538 1615 1581 ΕΤ
1664 1537 1888 1581 nuos
1934 1537 2121 1583 SUOS.

1272 1704 1413 1770 [MS.
1437 1707 1563 1773 Cap.
1588 1720 1754 1757 cxxxx.
1774 1704 1865 1758 fol.
1891 1707 1989 1765 167
2012 1704 2085 1774 b.]

625 1875 864 1959 Elapso
909 1896 1062 1938 vero
1112 1885 1261 1959 post
1304 1871 1446 1937 baec
1493 1872 1779 1950 bienui0,
1832 1870 2179 1949 Hem-icus,
2225 1875 2397 1959 regis
2432 1874 2705 1941 Henrici
2738 1898 2842 1941 se-

537 1962 729 2028 cundi
784 1962 972 2037 filius,
1027 1958 1185 2024 alius
1240 1957 1553 2036 Absolon,
1598 1959 1876 2024 surrexit
1906 1956 1969 2021 in
1999 1973 2275 2044 patrem,
2309 1968 2411 2041 [et
2440 1964 2718 2048 superba
2750 1965 2839 2026 de

535 2072 738 2134 regno
768 2047 933 2112 iuter
961 2070 1076 2112 eos
1106 2045 1430 2110 oriebatur
1458 2045 1812 2113 contenti0.
1908 2046 2187 2111 Vivente
2216 2070 2363 2113 nam
2415 2072 2493 2113 ue
2524 2062 2730 2133 patre,
2764 2066 2839 2115 et

536 2134 934 2200 coronationi
979 2133 1338 2209 assistente,
1384 2154 1604 2196 omnes
1652 2131 1835 2216 regni
1879 2134 2217 2217 optimates
2262 2135 2392 2199 fide
2422 2134 2592 2199 itatis
2620 2159 2840 2201 sacra-

533 2236 751 2287 menta
780 2221 916 2285 filio
936 2218 1320 2307 jampridem
1353 2219 1806 2304 praestiterant.
1860 2219 2281 2321 Divisumque
2314 2236 2411 2286 est
2438 2245 2554 2287 cor
2584 2224 2835 2308 populi,

535 2324 624 2388 et,
684 2308 1056 2371 imminente
1115 2306 1528 2369 desolationis
1586 2306 1864 2383 miseria,
1920 2308 2506 2393 multiplicabantur
2548 2311 2719 2374 mala
2760 2312 2831 2373 in

535 2410 725 2474 terra,
780 2394 932 2458 dum
987 2392 1093 2458 alii
1129 2390 1287 2470 filio,
1331 2392 1440 2457 alii
1467 2391 1638 2477 patri
1668 2392 2090 2457 adhaererent.
2181 2394 2389 2459 Erant
2415 2396 2525 2482 qui
2558 2397 2700 2461 haec
2744 2398 2834 2462 ad

531 2481 981 2567 purgationem
1010 2481 1182 2545 facta
1212 2478 1522 2557 dicerent,
1555 2478 1712 2542 dum
1754 2477 1821 2542 in
1860 2479 2167 2545 ultionem
2198 2483 2519 2565 sanguinis
2538 2484 2721 2566 justi,
2756 2498 2835 2548 ut

530 2569 866 2654 putabant,
919 2568 1406 2653 contingissent.
1502 2566 1715 2651 Capto
1763 2587 1915 2631 vero
1960 2588 2113 2652 rege
2167 2568 2405 2633 Scotiae
2440 2570 2829 2650 willielme,

533 2678 686 2720 cum
737 2654 989 2719 incaute
1037 2653 1206 2717 circa
1240 2651 1557 2738 Alnewyk
1608 2652 1960 2718 exercitum
1995 2653 2285 2733 duceret,
2317 2670 2405 2733 et,
2437 2656 2613 2742 quod
2646 2658 2836 2722 tutis-

533 2742 693 2806 sima
738 2762 839 2804 res
885 2754 1003 2817 est,
1054 2763 1184 2804 non
1233 2740 1511 2815 timeret,
1545 2750 1611 2803 et
1656 2738 2046 2805 miserandas
2092 2741 2281 2806 cedes
2332 2742 2833 2831 circumquaque

537 2829 906 2894 Scottorum
952 2827 1159 2891 rabies
1205 2838 1568 2904 exerceret,
1614 2847 1837 2890 omnes
1894 2827 2088 2892 corde
2134 2828 2425 2893 dissoluti
2458 2844 2624 2907 sunt,
2674 2831 2833 2916 quia

529 2912 756 2999 proelio
785 2912 1144 3001 quieverint
1241 2934 1328 2976 rae
1374 2912 1625 2976 timore.
1720 2912 2119 3000 Factumque
2150 2928 2249 2979 est
2280 2928 2351 2981 ut
2378 2914 2597 2979 divina
2625 2917 2830 3000 pietas

528 3013 824 3065 non.tam
854 3022 974 3086 pro
1004 3022 1156 3087 rege
1233 2998 1524 3063 umiliato
1552 2998 1881 3063 videretur
1922 3000 2298 3078 decertasse,
2324 3023 2515 3088 quam
2546 3004 2829 3084 gemitus

525 3109 883 3175 pauperum
928 3100 994 3152 et
1037 3086 1448 3151 ecclesiarum
1494 3085 1977 3165 desolationem,
2009 3109 2155 3173 quae
2204 3088 2482 3151 filiorum
2511 3090 2828 3176 sanguine

528 3174 899 3252 madebant,
935 3172 1399 3237 miericorditer
1427 3172 1833 3258 prospexisse
1864 3179 2043 3255 [ita]
2119 3176 2311 3259 Capti
2342 3196 2620 3261 namque
2652 3191 2825 3255 sunt,

529 3260 640 3349 qui
683 3262 818 3325 filio
871 3281 1094 3324 manus
1135 3258 1468 3335 dederant,
1512 3273 1581 3323 et
1626 3257 1738 3322 alii
1774 3260 1972 3324 vitam
2015 3262 2083 3324 in
2129 3261 2467 3325 tormentis
2508 3262 2831 3347 deposue-

527 3360 700 3423 runt,
743 3346 850 3411 alii
904 3346 972 3410 in
1019 3367 1272 3410 carcere
1321 3346 1535 3422 occisi,
1583 3345 1689 3409 alii
1728 3344 2161 3411 hereditatum
2213 3360 2279 3412 et
2320 3370 2535 3412 rerum
2564 3371 2828 3413 suarum

528 3433 738 3521 gloria
793 3431 1027 3517 privati
1086 3444 1280 3507 sunt3
1328 3431 1436 3496 alii
1479 3431 1797 3496 subversis
1850 3432 2105 3517 oppidis
2136 3433 2284 3512 suis,
2320 3447 2523 3499 terras
2552 3436 2831 3520 pecunia

527 3517 950 3583 redimerunt.
1043 3516 1408 3581 Defunctus
1453 3532 1553 3583 est
1598 3518 1789 3583 etiam
1832 3541 1951 3583 rex
1988 3519 2315 3585 Henricus
2349 3521 2595 3607 junior,
2628 3544 2828 3609 quern

525 3619 718 3670 antea
791 3616 933 3669 ater
953 3604 1018 3667 in
1049 3603 1638 3671 confederationem
1668 3606 1940 3683 asscivit,
1974 3618 2041 3670 et
2072 3628 2293 3691 pacem
2326 3609 2487 3691 patri
2522 3624 2590 3673 et
2621 3630 2825 3693 regno

526 3713 674 3755 cum
767 3690 945 3755 olore
987 3689 1380 3777 dereliquit.]
1473 3692 1762 3758 Fuerunt
1804 3706 2021 3757 autem
2053 3694 2163 3780 qui
2192 3707 2421 3757 contra
2450 3695 2825 3780 episcopum

527 3776 943 3843 Dunhelmiae
973 3776 1254 3842 animum
1293 3778 1490 3862 Regis
1518 3780 1942 3856 concitarunt,
1974 3802 2055 3843 eo
2084 3780 2261 3865 quod
2284 3780 2608 3845 diceretur
2627 3783 2695 3845 in
2715 3805 2826 3847 oc-

525 3865 702 3930 culto
773 3864 933 3949 Regi
983 3864 1221 3931 Scotiae
1280 3864 1681 3943 concessisse,
1714 3866 1869 3930 dum
1902 3865 2175 3931 liberum
2216 3866 2279 3930 ei
2308 3889 2426 3952 per
2470 3868 2629 3932 fines
2674 3892 2828 3937 suos

525 3953 861 4017 transitum
883 3952 1214 4030 tribueret,
1241 3966 1306 4016 et
1333 3951 1573 4015 nullam
1602 3951 1935 4017 resistendi
1952 3952 2426 4018 similitudinem
2453 3954 2791 4024 exhiberet
2804 3982 2825 4036 3

523 4052 586 4102 et
619 4040 756 4125 ipse
787 4038 854 4103 in
883 4041 1260 4107 immensam
1289 4038 1584 4125 pecuniae
1613 4039 2031 4126 quantitatem
2063 4040 2327 4128 punitus
2356 4054 2469 4106 est.
