3000 5117
441 436 646 509 cxcvi
905 448 1112 506 msr.
1155 449 1513 505 nummu.
1554 449 2021 503 semp-ronas
2060 454 2277 505 rans.

441 630 510 682 et
555 618 815 682 fidelem
863 614 1350 703 inquisicionem
1394 612 1661 693 faciatis,
1696 634 1773 677 ac
1818 612 1910 677 de
1948 613 2129 677 omni
2170 635 2253 679 eo
2284 616 2465 703 quod
2492 615 2559 680 in
2592 638 2751 701 prae-

441 704 646 768 missis
695 702 974 770 feceritis
1022 715 1091 767 et
1143 699 1512 765 inveneritis
1556 722 1699 778 nos,
1746 714 1862 763 aut
1920 700 2196 765 alterum
2248 720 2565 781 nostr-um,
2598 704 2754 769 citra

441 792 630 864 diem,
667 788 966 855 marcurii
1023 788 1322 873 proxime
1376 799 1526 871 post
1576 785 1991 851 Dominicam
2044 809 2173 873 qua
2217 802 2516 853 cantatur
2552 792 2754 870 Quasi

441 880 619 943 modo
651 882 851 960 qem'a'·
896 874 1257 961 proximam
1303 874 1608 950 futuram,
1641 872 1964 951 distincte,
2012 886 2257 957 aperte,
2291 887 2358 939 et
2390 878 2753 941 auctentica

443 964 680 1030 curetis
730 963 1000 1029 reddere
1051 960 1378 1025 certiores.
1469 958 1649 1023 Data
1700 958 2037 1037 Dunelmi,
2069 960 2189 1023 sub
2220 960 2435 1045 sigillo
2468 985 2603 1049 quo
2636 964 2753 1029 uti-

443 1074 590 1117 mur
641 1051 710 1115 in
761 1051 884 1114 hac
927 1063 1110 1135 parte
1136 1069 1171 1125 ς
1201 1047 1429 1133 quinto
1473 1045 1580 1111 die
1614 1045 1875 1131 Aprilis,
1910 1066 2082 1111 anno
2114 1046 2385 1113 Domini
2416 1050 2753 1116 millesimo

449 1146 672 1204 cccc¹¹¹⁰
705 1150 912 1203 sexto,

691 1596 920 1643 chlx.
970 1595 1300 1643 LICENCIA
1333 1595 1627 1641 Humum
1662 1591 1925 1647 QUARTI
1959 1597 2048 1641 AD
2082 1594 2511 1643 Rch-RNDUM

1391 1682 1809 1727 EPISCOPUM.

953 1798 1128 1865 [cm.
1151 1800 1267 1853 111.
1289 1800 1326 1851 f.
1349 1802 1467 1851 238.
1491 1798 1541 1851 b.
1566 1798 1714 1867 Orig.
1736 1802 1784 1850 2.
1808 1804 1857 1849 s.
1882 1798 2065 1868 κομι.
2086 1800 2149 1852 r„
2182 1804 2254 1869 L]

539 1912 868 1981 H‘enricus
926 1912 1058 1982 Dei
1107 1914 1324 2000 gracia
1377 1914 1527 1980 R'ex
1578 1914 1834 2003 Angliae
1880 1927 1947 1979 et
1996 1914 2287 1981 Franciae
2332 1928 2401 1982 et
2436 1918 2767 1985 Dominus

453 2000 788 2068 Hiberniae
835 2000 1089 2066 dilectis
1137 2002 1257 2067 sibi
1311 2002 1378 2066 in
1426 2002 1689 2069 Christo
1738 2000 1948 2065 Priori
1991 2015 2059 2067 et
2108 2004 2475 2071 conventui
2507 2007 2771 2072 Dunel·

446 2088 653 2155 mensi
703 2090 998 2153 salutem.
1097 2088 1202 2153 Ex
1249 2102 1435 2175 parte
1480 2104 1690 2155 vestra
1719 2087 1905 2152 nobis
1945 2100 2045 2153 est
2077 2090 2409 2155 humiliter
2435 2095 2773 2180 supplica-

447 2190 605 2253 tum,
655 2174 852 2262 quod,
896 2198 1042 2239 cum
1073 2176 1344 2241 ecclesia
1373 2190 1583 2241 vestra
1607 2175 1919 2261 praedicta
1950 2196 2068 2259 per
2096 2191 2371 2243 mortem
2401 2180 2597 2244 bonae
2630 2204 2774 2245 me-

445 2262 670 2327 moriae
723 2261 1002 2327 Walteri
1053 2262 1264 2327 ultimi
1321 2262 1638 2347 Episcopi·
1672 2258 1813 2325 locs
1848 2260 2022 2325 illius
2065 2264 2341 2348 pastoris
2390 2266 2475 2329 sit
2518 2268 2776 2333 solacio

447 2350 778 2426 destituta,
825 2348 1017 2413 alium
1059 2349 1242 2415 vobis
1271 2348 1554 2435 eligendi
1585 2348 1651 2411 in
1686 2348 2083 2433 Episcopum
2113 2362 2180 2415 et
2208 2364 2537 2437 pastorem
2566 2354 2775 2419 liceu-

448 2436 618 2513 ciam
647 2434 824 2501 vobis
853 2436 1208 2501 concedere
1238 2435 1675 2523 dignaremur.
1770 2434 1931 2511 Nos,
1959 2436 2254 2519 precibus
2286 2439 2509 2503 vestris
2542 2434 2611 2503 in
2646 2441 2780 2507 hac

447 2534 636 2608 parte
683 2522 1116 2587 favorabiliter
1145 2522 1453 2600 inclinati,
1489 2520 1817 2586 licenciam
1846 2521 2025 2585 illam
2054 2523 2239 2588 vobis
2271 2524 2580 2591 duximus
2614 2550 2783 2591 con-

449 2607 808 2673 cedendam
832 2632 863 2671 z-
895 2608 1277 2673 mandantes
1323 2609 1500 2695 quod
1538 2610 1735 2673 talem
1764 2607 1949 2672 vobis
1980 2608 2229 2693 eligatis
2258 2613 2325 2675 in
2361 2611 2779 2698 Episcopum

450 2707 530 2759 et.
564 2708 907 2779 pastorem,
961 2694 1094 2780 qui,
1151 2695 1303 2761 Deo
1355 2696 1653 2773 d'evotus,
1710 2692 2017 2759 ecclesi-ae·
2057 2708 2287 2781 westxae
2338 2703 2775 2777 necessarius,

448 2780 779 2867 vobisque·
804 2792 874 2844 et
918 2803 1122 2869 regno
1165 2798 1388 2849 nostro
1433 2782 1609 2846 utilis
1652 2795 1721 2846 et
1748 2780 1957 2845 fidelis
1987 2779 2247 2847 existat.
2341 2784 2421 2849 In
2453 2786 2646 2872 cujus
2678 2787 2779 2853 rei

449 2868 910 2933 testimonium·
938 2868 1062 2933 has·
1096 2867 1338 2934 litteras
1379 2882 1635 2933 nostras
1678 2866 1818 2932 fieri
1849 2866 2117 2933 fecimus
2147 2883 2463 2953 patentes.
2560 2872 2781 2939 Teste

445 2978 552 3021 me
595 2953 745 3039 ipso
791 2954 969 3054 apud
1019 2954 1688 3034 westmonasterium,
1727 2975 1861 3019 xxv
1908 2953 2016 3019 die
2062 2955 2325 3041 Appius,
2372 2980 2549 3025 anuo
2578 2962 2779 3047 regni

448 3042 650 3109 nostri
681 3053 978 3128 septime.
1076 3041 1482 3109 Gaunstede.

632 3450 834 3495 CLXX.
897 3450 1460 3496 INSTRUMENTUM
1524 3452 1615 3495 DE
1676 3452 1953 3498 VEREDA
2014 3452 2103 3497 ΕΤ
2164 3452 2371 3505 neuls
2434 3455 2594 3501 CUM

631 3536 814 3580 ΤΟΤΟ
866 3538 1222 3582 APPARATU
1278 3537 1644 3582 LIBERATIS
1693 3540 2031 3584 SAc‘ms'rAE
2078 3538 2399 3587 numum.
2444 3542 2599 3587 l’Ro

633 3622 1049 3669 MORTUARIO
1083 3624 1396 3669 WALTERI
1431 3624 1744 3670 m’lscorl
1776 3626 2094 3671 nuum-M.

1322 3765 1466 3831 [ub.
1491 3766 1789 3819 &antas
1810 3771 1897 3835 4.),

551 3908 628 3973 In
664 3905 794 3973 Dei
822 3906 1082 3971 nomine
1118 3905 1346 3971 Amen.
1441 3906 1571 3972 Per
1598 3930 1881 3994 praesens
1910 3910 2240 3996 publicum
2264 3911 2795 3981 instrumentum

455 4008 715 4061 constet
757 3993 1050 4061 omnibus
1089 3991 1420 4058 manifeste
1463 3994 1642 4081 quod
1684 4018 1857 4061 anno
1898 3998 1981 4061 ab
2011 3998 2461 4065 incarnacione
2493 3999 2803 4069 Domini

457 4082 811 4149 secundum
855 4101 1110 4147 cursum
1139 4094 1208 4145 et
1237 4080 1799 4165 computacionem
1829 4083 2116 4149 ecclesiae
2148 4086 2529 4170 Anglicanae
2558 4088 2799 4155 mille-

457 4169 621 4233 simo
667 4190 838 4235 cccc
883 4180 1071 4233 sexto
1117 4206 1200 4217 —-
1243 4166 1476 4253 mensis
1520 4168 1673 4235 maii
1716 4168 1825 4234 die
1862 4193 1931 4236 se
1977 4171 2135 4236 timo
2164 4210 2253 4221 -—
2280 4174 2621 4237 reverendi
2654 4176 2801 4241 viri

453 4256 745 4341 magistri
795 4254 1081 4319 Thomas
1118 4252 1382 4317 weston
1411 4254 1903 4321 archidiaconus
2006 4258 2409 4337 unelmensis,
2448 4259 2797 4329 Ricardus

460 4343 732 4421 Holme,
779 4340 1106 4407 Johannes
1145 4338 1488 4426 Hildyard‚
1523 4342 1763 4421 clerici,
1796 4358 1866 4409 et
1899 4344 2130 4411 Petrus
2160 4346 2243 4411 de
2272 4346 2497 4433 l’Hay,
2530 4370 2801 4415 execu-

459 4443 662 4514 tores,
705 4440 776 4507 ut
805 4428 1230 4513 asserebatur,
1261 4426 1451 4499 bonae
1481 4430 1814 4501 memoriae
1842 4430 2088 4501 domini
2125 4432 2385 4503 walteri
2423 4433 2798 4519 Skirlawe,
