<?xml version="1.0" encoding="UTF-8"?>
<!DOCTYPE html PUBLIC "-//W3C//DTD XHTML 1.0 Transitional//EN"
    "http://www.w3.org/TR/xhtml1/DTD/xhtml1-transitional.dtd">
<html xmlns="http://www.w3.org/1999/xhtml" xml:lang="en" lang="en">
 <head>
  <title>
</title>
<meta http-equiv="Content-Type" content="text/html;charset=utf-8" />
  <meta name='ocr-system' content='tesseract 3.04.00' />
  <meta name='ocr-capabilities' content='ocr_page ocr_carea ocr_par ocr_line ocrx_word'/>
</head>
<body>
  <div class='ocr_page' id='page_1' title='image "./historiaedunelm00raingoog_0684.png"; bbox 0 0 3000 5117; ppageno 0'>
   <div class='ocr_carea' id='block_1_1' title="bbox 470 387 2299 478">
    <p class='ocr_par' dir='ltr' id='par_1_1' title="bbox 470 387 2299 478">
     <span class='ocr_line' id='line_1_1' title="bbox 470 387 2299 478; baseline 0.003 -14"><span class='ocrx_word' id='word_1_1' title='bbox 470 387 860 478; x_wconf 67' lang='lat' dir='ltr'><strong>ccccxxxiv</strong></span> <span class='ocrx_word' id='word_1_2' title='bbox 937 407 1144 461; x_wconf 77' lang='lat' dir='ltr'><strong>msr.</strong></span> <span class='ocrx_word' id='word_1_3' title='bbox 1179 405 1538 464; x_wconf 65' lang='lat' dir='ltr'><strong>numm.</strong></span> <span class='ocrx_word' id='word_1_4' title='bbox 1578 413 2041 468; x_wconf 71' lang='lat' dir='ltr'><strong>scarrroans</strong></span> <span class='ocrx_word' id='word_1_5' title='bbox 2078 417 2299 472; x_wconf 63' lang='lat' dir='ltr'><strong>rass-</strong></span> 
     </span>
    </p>
   </div>
   <div class='ocr_carea' id='block_1_2' title="bbox 652 909 2611 1045">
    <p class='ocr_par' dir='ltr' id='par_1_2' title="bbox 652 909 2611 1045">
     <span class='ocr_line' id='line_1_2' title="bbox 652 909 2611 962; baseline 0.002 -3"><span class='ocrx_word' id='word_1_6' title='bbox 652 909 1040 959; x_wconf 67' lang='lat' dir='ltr'><strong>cccxxxvuz</strong></span> <span class='ocrx_word' id='word_1_7' title='bbox 1088 911 1341 958; x_wconf 68' lang='lat' dir='ltr'><strong>nir-nm</strong></span> <span class='ocrx_word' id='word_1_8' title='bbox 1375 913 1674 957; x_wconf 70' lang='lat' dir='ltr'><strong>manen</strong></span> <span class='ocrx_word' id='word_1_9' title='bbox 1708 912 2053 958; x_wconf 72' lang='lat' dir='ltr'><strong>amseoro·</strong></span> <span class='ocrx_word' id='word_1_10' title='bbox 2084 911 2171 958; x_wconf 78' lang='lat' dir='ltr'><strong>nn</strong></span> <span class='ocrx_word' id='word_1_11' title='bbox 2208 915 2611 962; x_wconf 64' lang='lat' dir='ltr'><strong>con-smera</strong></span> 
     </span>
     <span class='ocr_line' id='line_1_3' title="bbox 1287 980 1979 1045; baseline 0 -1"><span class='ocrx_word' id='word_1_12' title='bbox 1287 1001 1376 1044; x_wconf 69' lang='lat' dir='ltr'><strong>An</strong></span> <span class='ocrx_word' id='word_1_13' title='bbox 1409 1000 1665 1045; x_wconf 58' lang='lat' dir='ltr'><strong>navum</strong></span> <span class='ocrx_word' id='word_1_14' title='bbox 1699 980 1979 1045; x_wconf 54' lang='lat' dir='ltr'><strong>cnovs?</strong></span> 
     </span>
    </p>
   </div>
   <div class='ocr_carea' id='block_1_3' title="bbox 886 1115 2397 1184">
    <p class='ocr_par' dir='ltr' id='par_1_3' title="bbox 886 1115 2397 1184">
     <span class='ocr_line' id='line_1_4' title="bbox 886 1115 2397 1184; baseline -0.002 -14"><span class='ocrx_word' id='word_1_15' title='bbox 886 1117 1044 1182; x_wconf 52' lang='lat' dir='ltr'><strong>[MS-⁴</strong></span> <span class='ocrx_word' id='word_1_16' title='bbox 1061 1118 1270 1170; x_wconf 86' lang='lat' dir='ltr'><strong>Cotton.</strong></span> <span class='ocrx_word' id='word_1_17' title='bbox 1293 1117 1349 1168; x_wconf 82' lang='lat' dir='ltr'><strong>in</strong></span> <span class='ocrx_word' id='word_1_18' title='bbox 1382 1117 1519 1168; x_wconf 81' lang='lat' dir='ltr'><strong>Mus.</strong></span> <span class='ocrx_word' id='word_1_19' title='bbox 1552 1116 1690 1168; x_wconf 82' lang='lat' dir='ltr'><strong>Brit..</strong></span> <span class='ocrx_word' id='word_1_20' title='bbox 1720 1117 1972 1171; x_wconf 76' lang='lat' dir='ltr'><strong>Faustina</strong></span> <span class='ocrx_word' id='word_1_21' title='bbox 1994 1116 2059 1168; x_wconf 78' lang='lat' dir='ltr'><strong>A.</strong></span> <span class='ocrx_word' id='word_1_22' title='bbox 2083 1117 2189 1170; x_wconf 78' lang='lat' dir='ltr'><strong>vt.</strong></span> <span class='ocrx_word' id='word_1_23' title='bbox 2210 1115 2250 1167; x_wconf 71' lang='lat' dir='ltr'><strong>fi</strong></span> <span class='ocrx_word' id='word_1_24' title='bbox 2272 1120 2397 1184; x_wconf 75' lang='grc'><strong>47.]’</strong></span> 
     </span>
    </p>
   </div>
   <div class='ocr_carea' id='block_1_4' title="bbox 472 1277 2807 4066">
    <p class='ocr_par' dir='ltr' id='par_1_4' title="bbox 472 1277 2807 4066">
     <span class='ocr_line' id='line_1_5' title="bbox 569 1277 2799 1370; baseline 0.001 -25"><span class='ocrx_word' id='word_1_25' title='bbox 569 1277 1314 1345; x_wconf 82' lang='lat' dir='ltr'><strong>Reverende-——Licet</strong></span> <span class='ocrx_word' id='word_1_26' title='bbox 1359 1301 1397 1342; x_wconf 86' lang='lat' dir='ltr'><strong>a</strong></span> <span class='ocrx_word' id='word_1_27' title='bbox 1428 1277 1716 1362; x_wconf 87' lang='lat' dir='ltr'><strong>personis</strong></span> <span class='ocrx_word' id='word_1_28' title='bbox 1745 1279 2229 1365; x_wconf 80' lang='lat' dir='ltr'><strong>quampluribus</strong></span> <span class='ocrx_word' id='word_1_29' title='bbox 2258 1304 2453 1368; x_wconf 81' lang='lat' dir='ltr'><strong>super</strong></span> <span class='ocrx_word' id='word_1_30' title='bbox 2480 1282 2601 1361; x_wconf 86' lang='lat' dir='ltr'><strong>his,</strong></span> <span class='ocrx_word' id='word_1_31' title='bbox 2634 1307 2799 1370; x_wconf 78' lang='lat' dir='ltr'><strong>quae</strong></span> 
     </span>
     <span class='ocr_line' id='line_1_6' title="bbox 475 1364 2789 1454; baseline 0.001 -22"><span class='ocrx_word' id='word_1_32' title='bbox 475 1383 660 1454; x_wconf 81' lang='lat' dir='ltr'><strong>gesta</strong></span> <span class='ocrx_word' id='word_1_33' title='bbox 687 1381 836 1430; x_wconf 85' lang='lat' dir='ltr'><strong>sunt</strong></span> <span class='ocrx_word' id='word_1_34' title='bbox 863 1389 983 1452; x_wconf 86' lang='lat' dir='ltr'><strong>per</strong></span> <span class='ocrx_word' id='word_1_35' title='bbox 1025 1364 1350 1430; x_wconf 82' lang='lat' dir='ltr'><strong>crudelem</strong></span> <span class='ocrx_word' id='word_1_36' title='bbox 1385 1377 1648 1452; x_wconf 79' lang='lat' dir='ltr'>gentem</span> <span class='ocrx_word' id='word_1_37' title='bbox 1684 1367 2055 1431; x_wconf 84' lang='lat' dir='ltr'><strong>Scottorum</strong></span> <span class='ocrx_word' id='word_1_38' title='bbox 2086 1367 2149 1430; x_wconf 91' lang='lat' dir='ltr'><strong>in</strong></span> <span class='ocrx_word' id='word_1_39' title='bbox 2180 1369 2467 1454; x_wconf 88' lang='lat' dir='ltr'><strong>partibus</strong></span> <span class='ocrx_word' id='word_1_40' title='bbox 2504 1370 2789 1454; x_wconf 75' lang='lat' dir='ltr'><strong>Angliae,</strong></span> 
     </span>
     <span class='ocr_line' id='line_1_7' title="bbox 472 1451 2795 1544; baseline 0.001 -25"><span class='ocrx_word' id='word_1_41' title='bbox 472 1454 847 1542; x_wconf 69' lang='lat' dir='ltr'><strong>paternitati</strong></span> <span class='ocrx_word' id='word_1_42' title='bbox 890 1465 1144 1530; x_wconf 65' lang='lat' dir='ltr'><strong>vestrm,</strong></span> <span class='ocrx_word' id='word_1_43' title='bbox 1197 1451 1605 1529; x_wconf 79' lang='lat' dir='ltr'><strong>Reverende,</strong></span> <span class='ocrx_word' id='word_1_44' title='bbox 1654 1452 1932 1518; x_wconf 88' lang='lat' dir='ltr'><strong>diversas</strong></span> <span class='ocrx_word' id='word_1_45' title='bbox 1978 1454 2194 1519; x_wconf 79' lang='lat' dir='ltr'><strong>literas</strong></span> <span class='ocrx_word' id='word_1_46' title='bbox 2238 1457 2427 1544; x_wconf 87' lang='lat' dir='ltr'><strong>dirigi</strong></span> <span class='ocrx_word' id='word_1_47' title='bbox 2456 1479 2795 1542; x_wconf 81' lang='lat' dir='ltr'><strong>suppona-</strong></span> 
     </span>
     <span class='ocr_line' id='line_1_8' title="bbox 479 1538 2797 1628; baseline 0.001 -22"><span class='ocrx_word' id='word_1_48' title='bbox 479 1564 644 1619; x_wconf 85' lang='lat' dir='ltr'><strong>mus,</strong></span> <span class='ocrx_word' id='word_1_49' title='bbox 691 1540 1020 1626; x_wconf 88' lang='lat' dir='ltr'><strong>cupientes</strong></span> <span class='ocrx_word' id='word_1_50' title='bbox 1065 1553 1280 1604; x_wconf 86' lang='lat' dir='ltr'><strong>tamen</strong></span> <span class='ocrx_word' id='word_1_51' title='bbox 1327 1538 1413 1602; x_wconf 86' lang='lat' dir='ltr'><strong>ad</strong></span> <span class='ocrx_word' id='word_1_52' title='bbox 1454 1555 1867 1624; x_wconf 83' lang='lat' dir='ltr'><strong>augmentum</strong></span> <span class='ocrx_word' id='word_1_53' title='bbox 1900 1540 2141 1624; x_wconf 83' lang='lat' dir='ltr'><strong>gaudii,</strong></span> <span class='ocrx_word' id='word_1_54' title='bbox 2188 1559 2381 1628; x_wconf 89' lang='lat' dir='ltr'><strong>prout</strong></span> <span class='ocrx_word' id='word_1_55' title='bbox 2407 1565 2519 1606; x_wconf 86' lang='lat' dir='ltr'><strong>nos</strong></span> <span class='ocrx_word' id='word_1_56' title='bbox 2556 1567 2797 1609; x_wconf 80' lang='lat' dir='ltr'><strong>conce-</strong></span> 
     </span>
     <span class='ocr_line' id='line_1_9' title="bbox 478 1626 2791 1716; baseline 0.001 -23"><span class='ocrx_word' id='word_1_57' title='bbox 478 1629 781 1716; x_wconf 82' lang='lat' dir='ltr'><strong>perimus,</strong></span> <span class='ocrx_word' id='word_1_58' title='bbox 812 1626 1141 1712; x_wconf 83' lang='lat' dir='ltr'><strong>praemissa</strong></span> <span class='ocrx_word' id='word_1_59' title='bbox 1184 1626 1347 1704; x_wconf 83' lang='lat' dir='ltr'><strong>fieri,</strong></span> <span class='ocrx_word' id='word_1_60' title='bbox 1397 1641 1675 1690; x_wconf 86' lang='lat' dir='ltr'><strong>vestrum</strong></span> <span class='ocrx_word' id='word_1_61' title='bbox 1706 1627 1987 1690; x_wconf 87' lang='lat' dir='ltr'><strong>animum</strong></span> <span class='ocrx_word' id='word_1_62' title='bbox 2036 1651 2345 1708; x_wconf 87' lang='lat' dir='ltr'><strong>recreare,</strong></span> <span class='ocrx_word' id='word_1_63' title='bbox 2410 1631 2487 1694; x_wconf 88' lang='lat' dir='ltr'><strong>ad</strong></span> <span class='ocrx_word' id='word_1_64' title='bbox 2554 1646 2791 1696; x_wconf 81' lang='lat' dir='ltr'><strong>vestrae</strong></span> 
     </span>
     <span class='ocr_line' id='line_1_10' title="bbox 480 1713 2803 1802; baseline 0 -20"><span class='ocrx_word' id='word_1_65' title='bbox 480 1715 944 1782; x_wconf 81' lang='lat' dir='ltr'><strong>dominacionis</strong></span> <span class='ocrx_word' id='word_1_66' title='bbox 973 1713 1368 1779; x_wconf 88' lang='lat' dir='ltr'><strong>audienciam</strong></span> <span class='ocrx_word' id='word_1_67' title='bbox 1400 1713 1775 1778; x_wconf 82' lang='lat' dir='ltr'><strong>deducimus</strong></span> <span class='ocrx_word' id='word_1_68' title='bbox 1800 1737 1917 1799; x_wconf 91' lang='lat' dir='ltr'><strong>per</strong></span> <span class='ocrx_word' id='word_1_69' title='bbox 1941 1729 2305 1798; x_wconf 79' lang='lat' dir='ltr'><strong>praesenteS.</strong></span> <span class='ocrx_word' id='word_1_70' title='bbox 2384 1718 2564 1783; x_wconf 76' lang='lat' dir='ltr'><strong>Seoti</strong></span> <span class='ocrx_word' id='word_1_71' title='bbox 2586 1719 2803 1802; x_wconf 81' lang='lat' dir='ltr'><strong>igitur</strong></span> 
     </span>
     <span class='ocr_line' id='line_1_11' title="bbox 483 1800 2793 1890; baseline 0 -22"><span class='ocrx_word' id='word_1_72' title='bbox 483 1802 850 1889; x_wconf 76' lang='lat' dir='ltr'><strong>supradicti,</strong></span> <span class='ocrx_word' id='word_1_73' title='bbox 896 1802 1096 1888; x_wconf 90' lang='lat' dir='ltr'><strong>paulo</strong></span> <span class='ocrx_word' id='word_1_74' title='bbox 1143 1814 1288 1885; x_wconf 87' lang='lat' dir='ltr'><strong>post</strong></span> <span class='ocrx_word' id='word_1_75' title='bbox 1331 1800 1568 1864; x_wconf 86' lang='lat' dir='ltr'><strong>festum</strong></span> <span class='ocrx_word' id='word_1_76' title='bbox 1618 1800 1837 1865; x_wconf 81' lang='lat' dir='ltr'><strong>Sancti</strong></span> <span class='ocrx_word' id='word_1_77' title='bbox 1888 1801 2225 1866; x_wconf 86' lang='lat' dir='ltr'><strong>Michaelis</strong></span> <span class='ocrx_word' id='word_1_78' title='bbox 2272 1804 2689 1890; x_wconf 81' lang='lat' dir='ltr'><strong>Archangeli,</strong></span> <span class='ocrx_word' id='word_1_79' title='bbox 2722 1804 2793 1868; x_wconf 81' lang='lat' dir='ltr'><strong>iu</strong></span> 
     </span>
     <span class='ocr_line' id='line_1_12' title="bbox 482 1887 2793 1964; baseline 0 -9"><span class='ocrx_word' id='word_1_80' title='bbox 482 1891 730 1955; x_wconf 65' lang='lat' dir='ltr'><strong>summa</strong></span> <span class='ocrx_word' id='word_1_81' title='bbox 774 1889 1058 1954; x_wconf 88' lang='lat' dir='ltr'><strong>elacione</strong></span> <span class='ocrx_word' id='word_1_82' title='bbox 1105 1887 1455 1964; x_wconf 87' lang='lat' dir='ltr'><strong>constituti,</strong></span> <span class='ocrx_word' id='word_1_83' title='bbox 1504 1909 1649 1950; x_wconf 88' lang='lat' dir='ltr'><strong>cum</strong></span> <span class='ocrx_word' id='word_1_84' title='bbox 1697 1889 1773 1952; x_wconf 67' lang='lat' dir='ltr'><strong>ea</strong></span> <span class='ocrx_word' id='word_1_85' title='bbox 1830 1888 2237 1954; x_wconf 87' lang='lat' dir='ltr'><strong>multitudine</strong></span> <span class='ocrx_word' id='word_1_86' title='bbox 2268 1905 2657 1956; x_wconf 82' lang='lat' dir='ltr'><strong>armatorum</strong></span> <span class='ocrx_word' id='word_1_87' title='bbox 2722 1909 2793 1956; x_wconf 81' lang='lat' dir='ltr'><strong>et</strong></span> 
     </span>
     <span class='ocr_line' id='line_1_13' title="bbox 480 1975 2793 2063; baseline 0.001 -23"><span class='ocrx_word' id='word_1_88' title='bbox 480 1978 769 2063; x_wconf 86' lang='lat' dir='ltr'><strong>peditum</strong></span> <span class='ocrx_word' id='word_1_89' title='bbox 789 1976 912 2053; x_wconf 84' lang='lat' dir='ltr'><strong>cui,</strong></span> <span class='ocrx_word' id='word_1_90' title='bbox 938 1976 1100 2040; x_wconf 88' lang='lat' dir='ltr'><strong>sicut</strong></span> <span class='ocrx_word' id='word_1_91' title='bbox 1125 1975 1533 2059; x_wconf 83' lang='lat' dir='ltr'><strong>postmodum</strong></span> <span class='ocrx_word' id='word_1_92' title='bbox 1561 1975 1918 2039; x_wconf 87' lang='lat' dir='ltr'><strong>audivimus</strong></span> <span class='ocrx_word' id='word_1_93' title='bbox 1943 1999 1982 2039; x_wconf 91' lang='lat' dir='ltr'><strong>a</strong></span> <span class='ocrx_word' id='word_1_94' title='bbox 2003 1977 2379 2062; x_wconf 86' lang='lat' dir='ltr'><strong>quibusdam</strong></span> <span class='ocrx_word' id='word_1_95' title='bbox 2406 1978 2487 2042; x_wconf 88' lang='lat' dir='ltr'><strong>de</strong></span> <span class='ocrx_word' id='word_1_96' title='bbox 2515 1980 2793 2057; x_wconf 85' lang='lat' dir='ltr'><strong>eisdem,</strong></span> 
     </span>
     <span class='ocr_line' id='line_1_14' title="bbox 484 2061 2791 2150; baseline 0.001 -22"><span class='ocrx_word' id='word_1_97' title='bbox 484 2077 688 2128; x_wconf 85' lang='lat' dir='ltr'><strong>totam</strong></span> <span class='ocrx_word' id='word_1_98' title='bbox 735 2076 994 2146; x_wconf 81' lang='lat' dir='ltr'><strong>gentem</strong></span> <span class='ocrx_word' id='word_1_99' title='bbox 1037 2075 1168 2125; x_wconf 89' lang='lat' dir='ltr'><strong>tam</strong></span> <span class='ocrx_word' id='word_1_100' title='bbox 1205 2061 1492 2124; x_wconf 85' lang='lat' dir='ltr'><strong>Franciae</strong></span> <span class='ocrx_word' id='word_1_101' title='bbox 1539 2084 1729 2148; x_wconf 86' lang='lat' dir='ltr'><strong>quam</strong></span> <span class='ocrx_word' id='word_1_102' title='bbox 1770 2063 2023 2149; x_wconf 77' lang='lat' dir='ltr'><strong>Angliae</strong></span> <span class='ocrx_word' id='word_1_103' title='bbox 2058 2087 2187 2128; x_wconf 89' lang='lat' dir='ltr'><strong>non</strong></span> <span class='ocrx_word' id='word_1_104' title='bbox 2220 2065 2571 2130; x_wconf 85' lang='lat' dir='ltr'><strong>credebant</strong></span> <span class='ocrx_word' id='word_1_105' title='bbox 2596 2089 2791 2150; x_wconf 83' lang='lat' dir='ltr'><strong>posse</strong></span> 
     </span>
     <span class='ocr_line' id='line_1_15' title="bbox 479 2147 2789 2241; baseline 0 -26"><span class='ocrx_word' id='word_1_106' title='bbox 479 2149 806 2226; x_wconf 75' lang='lat' dir='ltr'><strong>restitisse,</strong></span> <span class='ocrx_word' id='word_1_107' title='bbox 853 2148 972 2213; x_wconf 86' lang='lat' dir='ltr'><strong>etsi</strong></span> <span class='ocrx_word' id='word_1_108' title='bbox 1002 2147 1166 2213; x_wconf 86' lang='lat' dir='ltr'><strong>vires</strong></span> <span class='ocrx_word' id='word_1_109' title='bbox 1197 2171 1340 2211; x_wconf 88' lang='lat' dir='ltr'><strong>suas</strong></span> <span class='ocrx_word' id='word_1_110' title='bbox 1372 2150 1761 2212; x_wconf 86' lang='lat' dir='ltr'><strong>unanimiter</strong></span> <span class='ocrx_word' id='word_1_111' title='bbox 1778 2151 2241 2228; x_wconf 87' lang='lat' dir='ltr'><strong>conflavissent,</strong></span> <span class='ocrx_word' id='word_1_112' title='bbox 2276 2165 2491 2236; x_wconf 86' lang='lat' dir='ltr'><strong>partes</strong></span> <span class='ocrx_word' id='word_1_113' title='bbox 2525 2152 2789 2241; x_wconf 83' lang='lat' dir='ltr'><strong>Angliae</strong></span> 
     </span>
     <span class='ocr_line' id='line_1_16' title="bbox 481 2235 2801 2326; baseline 0.001 -24"><span class='ocrx_word' id='word_1_114' title='bbox 481 2237 874 2313; x_wconf 77' lang='lat' dir='ltr'><strong>invadentes,</strong></span> <span class='ocrx_word' id='word_1_115' title='bbox 927 2258 1036 2300; x_wconf 85' lang='lat' dir='ltr'><strong>eas</strong></span> <span class='ocrx_word' id='word_1_116' title='bbox 1067 2235 1381 2298; x_wconf 85' lang='lat' dir='ltr'><strong>incendiis</strong></span> <span class='ocrx_word' id='word_1_117' title='bbox 1402 2248 1467 2298; x_wconf 86' lang='lat' dir='ltr'><strong>et</strong></span> <span class='ocrx_word' id='word_1_118' title='bbox 1513 2235 1811 2300; x_wconf 85' lang='lat' dir='ltr'><strong>feralibus</strong></span> <span class='ocrx_word' id='word_1_119' title='bbox 1856 2237 2087 2324; x_wconf 87' lang='lat' dir='ltr'><strong>gladiis</strong></span> <span class='ocrx_word' id='word_1_120' title='bbox 2120 2237 2632 2326; x_wconf 84' lang='lat' dir='ltr'><strong>circumquaque,</strong></span> <span class='ocrx_word' id='word_1_121' title='bbox 2666 2263 2801 2324; x_wconf 79' lang='lat' dir='ltr'><strong>per</strong></span> 
     </span>
     <span class='ocr_line' id='line_1_17' title="bbox 485 2323 2797 2412; baseline 0 -23"><span class='ocrx_word' id='word_1_122' title='bbox 485 2347 646 2412; x_wconf 87' lang='lat' dir='ltr'><strong>quas</strong></span> <span class='ocrx_word' id='word_1_123' title='bbox 689 2323 976 2388; x_wconf 77' lang='lat' dir='ltr'><strong>fecerunt</strong></span> <span class='ocrx_word' id='word_1_124' title='bbox 1029 2323 1387 2399; x_wconf 82' lang='lat' dir='ltr'><strong>transitum,</strong></span> <span class='ocrx_word' id='word_1_125' title='bbox 1441 2323 1787 2386; x_wconf 84' lang='lat' dir='ltr'><strong>crudeliter</strong></span> <span class='ocrx_word' id='word_1_126' title='bbox 1831 2325 2262 2404; x_wconf 82' lang='lat' dir='ltr'><strong>devastarunt,</strong></span> <span class='ocrx_word' id='word_1_127' title='bbox 2297 2327 2405 2389; x_wconf 85' lang='lat' dir='ltr'><strong>vix</strong></span> <span class='ocrx_word' id='word_1_128' title='bbox 2448 2341 2797 2412; x_wconf 82' lang='lat' dir='ltr'><strong>parcentes</strong></span> 
     </span>
     <span class='ocr_line' id='line_1_18' title="bbox 483 2407 2793 2498; baseline 0.001 -23"><span class='ocrx_word' id='word_1_129' title='bbox 483 2413 662 2476; x_wconf 79' lang='lat' dir='ltr'><strong>sexui</strong></span> <span class='ocrx_word' id='word_1_130' title='bbox 689 2424 801 2474; x_wconf 88' lang='lat' dir='ltr'><strong>aut</strong></span> <span class='ocrx_word' id='word_1_131' title='bbox 831 2408 1009 2474; x_wconf 84' lang='lat' dir='ltr'><strong>aetati</strong></span> <span class='ocrx_word' id='word_1_132' title='bbox 1035 2432 1052 2484; x_wconf 90' lang='lat'>;</span> <span class='ocrx_word' id='word_1_133' title='bbox 1085 2423 1150 2472; x_wconf 90' lang='lat' dir='ltr'><strong>et</strong></span> <span class='ocrx_word' id='word_1_134' title='bbox 1183 2407 1348 2472; x_wconf 89' lang='lat' dir='ltr'><strong>inter</strong></span> <span class='ocrx_word' id='word_1_135' title='bbox 1367 2408 1535 2472; x_wconf 85' lang='lat' dir='ltr'><strong>mala</strong></span> <span class='ocrx_word' id='word_1_136' title='bbox 1554 2409 1914 2496; x_wconf 87' lang='lat' dir='ltr'><strong>hujusmodi</strong></span> <span class='ocrx_word' id='word_1_137' title='bbox 1938 2435 2081 2498; x_wconf 84' lang='lat' dir='ltr'><strong>quae</strong></span> <span class='ocrx_word' id='word_1_138' title='bbox 2102 2413 2408 2478; x_wconf 78' lang='lat' dir='ltr'><strong>atrociter</strong></span> <span class='ocrx_word' id='word_1_139' title='bbox 2428 2413 2793 2478; x_wconf 89' lang='lat' dir='ltr'><strong>committe-</strong></span> 
     </span>
     <span class='ocr_line' id='line_1_19' title="bbox 481 2495 2789 2584; baseline 0.001 -22"><span class='ocrx_word' id='word_1_140' title='bbox 481 2499 660 2575; x_wconf 85' lang='lat' dir='ltr'><strong>bant,</strong></span> <span class='ocrx_word' id='word_1_141' title='bbox 721 2495 1104 2562; x_wconf 78' lang='lat' dir='ltr'><strong>fortalicium</strong></span> <span class='ocrx_word' id='word_1_142' title='bbox 1153 2495 1236 2558; x_wconf 90' lang='lat' dir='ltr'><strong>de</strong></span> <span class='ocrx_word' id='word_1_143' title='bbox 1292 2495 1520 2580; x_wconf 89' lang='lat' dir='ltr'><strong>Lydel,</strong></span> <span class='ocrx_word' id='word_1_144' title='bbox 1584 2501 1761 2584; x_wconf 85' lang='lat' dir='ltr'><strong>cujus</strong></span> <span class='ocrx_word' id='word_1_145' title='bbox 1792 2498 2145 2563; x_wconf 82' lang='lat' dir='ltr'><strong>custodiam</strong></span> <span class='ocrx_word' id='word_1_146' title='bbox 2201 2499 2425 2564; x_wconf 85' lang='lat' dir='ltr'><strong>habuit</strong></span> <span class='ocrx_word' id='word_1_147' title='bbox 2484 2499 2789 2566; x_wconf 88' lang='lat' dir='ltr'><strong>dominus</strong></span> 
     </span>
     <span class='ocr_line' id='line_1_20' title="bbox 491 2583 2793 2687; baseline 0.001 -39"><span class='ocrx_word' id='word_1_148' title='bbox 491 2585 864 2650; x_wconf 79' lang='lat' dir='ltr'><strong>willielmus</strong></span> <span class='ocrx_word' id='word_1_149' title='bbox 907 2583 990 2648; x_wconf 87' lang='lat' dir='ltr'><strong>de</strong></span> <span class='ocrx_word' id='word_1_150' title='bbox 1045 2583 1262 2666; x_wconf 76' lang='lat' dir='ltr'><strong>Selby,</strong></span> <span class='ocrx_word' id='word_1_151' title='bbox 1287 2597 1617 2667; x_wconf 86' lang='lat' dir='ltr'><strong>ceperunt,</strong></span> <span class='ocrx_word' id='word_1_152' title='bbox 1644 2585 1999 2650; x_wconf 86' lang='lat' dir='ltr'><strong>interfectis</strong></span> <span class='ocrx_word' id='word_1_153' title='bbox 2035 2589 2333 2652; x_wconf 85' lang='lat' dir='ltr'><strong>omnibus</strong></span> <span class='ocrx_word' id='word_1_154' title='bbox 2367 2601 2689 2687; x_wconf 88' lang='lat' dir='ltr'><strong>quotquot</strong></span> <span class='ocrx_word' id='word_1_155' title='bbox 2724 2589 2793 2651; x_wconf 78' lang='lat' dir='ltr'><strong>in</strong></span> 
     </span>
     <span class='ocr_line' id='line_1_21' title="bbox 481 2669 2800 2758; baseline 0 -20"><span class='ocrx_word' id='word_1_156' title='bbox 481 2673 714 2738; x_wconf 86' lang='lat' dir='ltr'><strong>eodem</strong></span> <span class='ocrx_word' id='word_1_157' title='bbox 759 2671 1022 2736; x_wconf 87' lang='lat' dir='ltr'><strong>fuerunt</strong></span> <span class='ocrx_word' id='word_1_158' title='bbox 1069 2669 1308 2732; x_wconf 86' lang='lat' dir='ltr'><strong>inventi</strong></span> <span class='ocrx_word' id='word_1_159' title='bbox 1347 2694 1362 2734; x_wconf 74' lang='grc' dir='ltr'><strong>ι</strong></span> <span class='ocrx_word' id='word_1_160' title='bbox 1411 2671 1821 2754; x_wconf 85' lang='lat' dir='ltr'><strong>postmodum</strong></span> <span class='ocrx_word' id='word_1_161' title='bbox 1870 2696 2045 2751; x_wconf 87' lang='lat' dir='ltr'><strong>vero,</strong></span> <span class='ocrx_word' id='word_1_162' title='bbox 2094 2675 2267 2758; x_wconf 89' lang='lat' dir='ltr'><strong>apud</strong></span> <span class='ocrx_word' id='word_1_163' title='bbox 2314 2675 2489 2740; x_wconf 78' lang='lat' dir='ltr'><strong>aliud</strong></span> <span class='ocrx_word' id='word_1_164' title='bbox 2540 2675 2800 2739; x_wconf 86' lang='lat' dir='ltr'><strong>fortali-</strong></span> 
     </span>
     <span class='ocr_line' id='line_1_22' title="bbox 481 2757 2797 2846; baseline 0.001 -22"><span class='ocrx_word' id='word_1_165' title='bbox 481 2760 667 2838; x_wconf 86' lang='lat' dir='ltr'><strong>tium,</strong></span> <span class='ocrx_word' id='word_1_166' title='bbox 701 2758 878 2846; x_wconf 85' lang='lat' dir='ltr'><strong>quod</strong></span> <span class='ocrx_word' id='word_1_167' title='bbox 900 2773 1166 2822; x_wconf 87' lang='lat' dir='ltr'><strong>vocatur</strong></span> <span class='ocrx_word' id='word_1_168' title='bbox 1198 2757 1639 2843; x_wconf 85' lang='lat' dir='ltr'><strong>Haydenhall,</strong></span> <span class='ocrx_word' id='word_1_169' title='bbox 1661 2759 1855 2843; x_wconf 87' lang='lat' dir='ltr'><strong>juxta</strong></span> <span class='ocrx_word' id='word_1_170' title='bbox 1880 2761 2179 2844; x_wconf 87' lang='lat' dir='ltr'><strong>Corbrig,</strong></span> <span class='ocrx_word' id='word_1_171' title='bbox 2216 2761 2452 2826; x_wconf 74' lang='lat' dir='ltr'><strong>Scottis</strong></span> <span class='ocrx_word' id='word_1_172' title='bbox 2482 2785 2550 2826; x_wconf 86' lang='lat' dir='ltr'><strong>se</strong></span> <span class='ocrx_word' id='word_1_173' title='bbox 2582 2775 2797 2826; x_wconf 78' lang='lat' dir='ltr'><strong>trans-</strong></span> 
     </span>
     <span class='ocr_line' id='line_1_23' title="bbox 485 2844 2803 2924; baseline 0.001 -12"><span class='ocrx_word' id='word_1_174' title='bbox 485 2847 862 2924; x_wconf 74' lang='lat' dir='ltr'><strong>ferentibuS,</strong></span> <span class='ocrx_word' id='word_1_175' title='bbox 911 2845 1068 2910; x_wconf 90' lang='lat' dir='ltr'><strong>illud</strong></span> <span class='ocrx_word' id='word_1_176' title='bbox 1116 2845 1433 2908; x_wconf 67' lang='lat' dir='ltr'><strong>reservata</strong></span> <span class='ocrx_word' id='word_1_177' title='bbox 1463 2844 1595 2909; x_wconf 65' lang='lat' dir='ltr'><strong>vita</strong></span> <span class='ocrx_word' id='word_1_178' title='bbox 1622 2844 2121 2913; x_wconf 83' lang='lat' dir='ltr'><strong>inhabitancium</strong></span> <span class='ocrx_word' id='word_1_179' title='bbox 2156 2848 2475 2913; x_wconf 86' lang='lat' dir='ltr'><strong>redditum</strong></span> <span class='ocrx_word' id='word_1_180' title='bbox 2518 2848 2643 2913; x_wconf 82' lang='lat' dir='ltr'><strong>suit</strong></span> <span class='ocrx_word' id='word_1_181' title='bbox 2670 2850 2803 2914; x_wconf 74' lang='lat' dir='ltr'><strong>eis·</strong></span> 
     </span>
     <span class='ocr_line' id='line_1_24' title="bbox 487 2932 2801 3010; baseline 0 -9"><span class='ocrx_word' id='word_1_182' title='bbox 487 2935 750 3001; x_wconf 87' lang='lat' dir='ltr'><strong>Deinde</strong></span> <span class='ocrx_word' id='word_1_183' title='bbox 802 2955 978 3010; x_wconf 81' lang='lat' dir='ltr'><strong>vere,</strong></span> <span class='ocrx_word' id='word_1_184' title='bbox 1033 2932 1469 2996; x_wconf 87' lang='lat' dir='ltr'><strong>continuando</strong></span> <span class='ocrx_word' id='word_1_185' title='bbox 1524 2932 1747 3010; x_wconf 81' lang='lat' dir='ltr'><strong>dietaS,</strong></span> <span class='ocrx_word' id='word_1_186' title='bbox 1796 2934 1901 2999; x_wconf 88' lang='lat' dir='ltr'><strong>die</strong></span> <span class='ocrx_word' id='word_1_187' title='bbox 1956 2937 2071 3000; x_wconf 86' lang='lat' dir='ltr'><strong>tali</strong></span> <span class='ocrx_word' id='word_1_188' title='bbox 2124 2935 2425 3002; x_wconf 88' lang='lat' dir='ltr'><strong>Octobris</strong></span> <span class='ocrx_word' id='word_1_189' title='bbox 2474 2951 2801 3001; x_wconf 80' lang='lat' dir='ltr'><strong>venerunt</strong></span> 
     </span>
     <span class='ocr_line' id='line_1_25' title="bbox 489 3018 2799 3109; baseline 0.001 -24"><span class='ocrx_word' id='word_1_190' title='bbox 489 3023 658 3086; x_wconf 80' lang='lat' dir='ltr'><strong>eirca</strong></span> <span class='ocrx_word' id='word_1_191' title='bbox 711 3021 932 3085; x_wconf 86' lang='lat' dir='ltr'><strong>horam</strong></span> <span class='ocrx_word' id='word_1_192' title='bbox 971 3018 1152 3106; x_wconf 84' lang='lat' dir='ltr'><strong>quasi</strong></span> <span class='ocrx_word' id='word_1_193' title='bbox 1197 3041 1429 3083; x_wconf 87' lang='lat' dir='ltr'><strong>nonam</strong></span> <span class='ocrx_word' id='word_1_194' title='bbox 1478 3042 1677 3106; x_wconf 89' lang='lat' dir='ltr'><strong>prope</strong></span> <span class='ocrx_word' id='word_1_195' title='bbox 1724 3022 1937 3086; x_wconf 86' lang='lat' dir='ltr'><strong>villam</strong></span> <span class='ocrx_word' id='word_1_196' title='bbox 1985 3023 2289 3087; x_wconf 89' lang='lat' dir='ltr'><strong>Dunolm.</strong></span> <span class='ocrx_word' id='word_1_197' title='bbox 2321 3046 2512 3109; x_wconf 87' lang='lat' dir='ltr'><strong>super</strong></span> <span class='ocrx_word' id='word_1_198' title='bbox 2540 3045 2799 3088; x_wconf 86' lang='lat' dir='ltr'><strong>moram</strong></span> 
     </span>
     <span class='ocr_line' id='line_1_26' title="bbox 488 3106 2805 3198; baseline 0.001 -24"><span class='ocrx_word' id='word_1_199' title='bbox 488 3109 572 3174; x_wconf 82' lang='lat' dir='ltr'><strong>de</strong></span> <span class='ocrx_word' id='word_1_200' title='bbox 630 3109 818 3174; x_wconf 85' lang='lat' dir='ltr'><strong>Bello</strong></span> <span class='ocrx_word' id='word_1_201' title='bbox 874 3106 1183 3183; x_wconf 86' lang='lat' dir='ltr'><strong>Redditu,</strong></span> <span class='ocrx_word' id='word_1_202' title='bbox 1240 3107 1653 3172; x_wconf 84' lang='lat' dir='ltr'><strong>ostendentes</strong></span> <span class='ocrx_word' id='word_1_203' title='bbox 1699 3130 1767 3172; x_wconf 88' lang='lat' dir='ltr'><strong>se</strong></span> <span class='ocrx_word' id='word_1_204' title='bbox 1834 3133 1949 3194; x_wconf 90' lang='lat' dir='ltr'><strong>per</strong></span> <span class='ocrx_word' id='word_1_205' title='bbox 2015 3111 2349 3195; x_wconf 85' lang='lat' dir='ltr'><strong>dispositas</strong></span> <span class='ocrx_word' id='word_1_206' title='bbox 2397 3110 2565 3175; x_wconf 86' lang='lat' dir='ltr'><strong>acies</strong></span> <span class='ocrx_word' id='word_1_207' title='bbox 2612 3111 2805 3198; x_wconf 81' lang='lat' dir='ltr'><strong>quasi</strong></span> 
     </span>
     <span class='ocr_line' id='line_1_27' title="bbox 487 3193 2799 3283; baseline 0.002 -24"><span class='ocrx_word' id='word_1_208' title='bbox 487 3196 698 3283; x_wconf 85' lang='lat' dir='ltr'><strong>parati</strong></span> <span class='ocrx_word' id='word_1_209' title='bbox 729 3194 1108 3260; x_wconf 87' lang='lat' dir='ltr'><strong>unanimiter</strong></span> <span class='ocrx_word' id='word_1_210' title='bbox 1138 3193 1222 3258; x_wconf 88' lang='lat' dir='ltr'><strong>ad</strong></span> <span class='ocrx_word' id='word_1_211' title='bbox 1243 3195 1684 3279; x_wconf 86' lang='lat' dir='ltr'><strong>pugnandum.</strong></span> <span class='ocrx_word' id='word_1_212' title='bbox 1780 3198 1909 3263; x_wconf 90' lang='lat' dir='ltr'><strong>Sed</strong></span> <span class='ocrx_word' id='word_1_213' title='bbox 1940 3200 2176 3276; x_wconf 86' lang='lat' dir='ltr'><strong>statim,</strong></span> <span class='ocrx_word' id='word_1_214' title='bbox 2200 3202 2336 3262; x_wconf 86' lang='lat' dir='ltr'><strong>sine</strong></span> <span class='ocrx_word' id='word_1_215' title='bbox 2366 3199 2571 3283; x_wconf 89' lang='lat' dir='ltr'><strong>plure,</strong></span> <span class='ocrx_word' id='word_1_216' title='bbox 2604 3221 2673 3262; x_wconf 88' lang='lat' dir='ltr'><strong>se</strong></span> <span class='ocrx_word' id='word_1_217' title='bbox 2706 3200 2799 3264; x_wconf 86' lang='lat' dir='ltr'><strong>ad</strong></span> 
     </span>
     <span class='ocr_line' id='line_1_28' title="bbox 487 3281 2807 3370; baseline 0.001 -23"><span class='ocrx_word' id='word_1_218' title='bbox 487 3284 842 3347; x_wconf 84' lang='lat' dir='ltr'><strong>manerium</strong></span> <span class='ocrx_word' id='word_1_219' title='bbox 874 3295 1160 3345; x_wconf 86' lang='lat' dir='ltr'><strong>nostrum</strong></span> <span class='ocrx_word' id='word_1_220' title='bbox 1193 3281 1276 3346; x_wconf 90' lang='lat' dir='ltr'><strong>de</strong></span> <span class='ocrx_word' id='word_1_221' title='bbox 1309 3282 1499 3346; x_wconf 88' lang='lat' dir='ltr'><strong>Bello</strong></span> <span class='ocrx_word' id='word_1_222' title='bbox 1537 3283 1825 3348; x_wconf 82' lang='lat' dir='ltr'><strong>Reddita</strong></span> <span class='ocrx_word' id='word_1_223' title='bbox 1868 3287 2353 3363; x_wconf 84' lang='lat' dir='ltr'><strong>convertebant,</strong></span> <span class='ocrx_word' id='word_1_224' title='bbox 2386 3307 2502 3370; x_wconf 77' lang='lat' dir='ltr'><strong>per</strong></span> <span class='ocrx_word' id='word_1_225' title='bbox 2530 3298 2807 3350; x_wconf 76' lang='lat' dir='ltr'><strong>noctem</strong></span> 
     </span>
     <span class='ocr_line' id='line_1_29' title="bbox 489 3368 2799 3453; baseline 0.002 -20"><span class='ocrx_word' id='word_1_226' title='bbox 489 3369 664 3435; x_wconf 85' lang='lat' dir='ltr'><strong>illam</strong></span> <span class='ocrx_word' id='word_1_227' title='bbox 721 3383 922 3433; x_wconf 83' lang='lat' dir='ltr'><strong>totam</strong></span> <span class='ocrx_word' id='word_1_228' title='bbox 969 3368 1133 3433; x_wconf 86' lang='lat' dir='ltr'><strong>infra</strong></span> <span class='ocrx_word' id='word_1_229' title='bbox 1155 3390 1437 3453; x_wconf 88' lang='lat' dir='ltr'><strong>parcum,</strong></span> <span class='ocrx_word' id='word_1_230' title='bbox 1489 3370 1669 3434; x_wconf 90' lang='lat' dir='ltr'><strong>nullo</strong></span> <span class='ocrx_word' id='word_1_231' title='bbox 1715 3395 1935 3436; x_wconf 90' lang='lat' dir='ltr'><strong>eorum</strong></span> <span class='ocrx_word' id='word_1_232' title='bbox 1982 3386 2169 3437; x_wconf 87' lang='lat' dir='ltr'><strong>extra</strong></span> <span class='ocrx_word' id='word_1_233' title='bbox 2198 3385 2591 3450; x_wconf 87' lang='lat' dir='ltr'><strong>remanente,</strong></span> <span class='ocrx_word' id='word_1_234' title='bbox 2626 3372 2799 3438; x_wconf 86' lang='lat' dir='ltr'><strong>sicut</strong></span> 
     </span>
     <span class='ocr_line' id='line_1_30' title="bbox 489 3455 2799 3542; baseline 0.003 -22"><span class='ocrx_word' id='word_1_235' title='bbox 489 3458 610 3523; x_wconf 80' lang='lat' dir='ltr'><strong>sub</strong></span> <span class='ocrx_word' id='word_1_236' title='bbox 678 3457 1063 3521; x_wconf 83' lang='lat' dir='ltr'><strong>certitudine</strong></span> <span class='ocrx_word' id='word_1_237' title='bbox 1135 3455 1507 3534; x_wconf 74' lang='lat' dir='ltr'><strong>habuimus,</strong></span> <span class='ocrx_word' id='word_1_238' title='bbox 1596 3474 2049 3542; x_wconf 87' lang='lat' dir='ltr'><strong>pernoctarunt</strong></span> <span class='ocrx_word' id='word_1_239' title='bbox 2078 3483 2094 3535; x_wconf 86' lang='lat'>3</span> <span class='ocrx_word' id='word_1_240' title='bbox 2164 3461 2511 3526; x_wconf 81' lang='lat' dir='ltr'><strong>venerabil-i</strong></span> <span class='ocrx_word' id='word_1_241' title='bbox 2593 3459 2799 3526; x_wconf 83' lang='lat' dir='ltr'><strong>Patre</strong></span> 
     </span>
     <span class='ocr_line' id='line_1_31' title="bbox 492 3541 2795 3634; baseline 0.002 -26"><span class='ocrx_word' id='word_1_242' title='bbox 492 3543 762 3608; x_wconf 88' lang='lat' dir='ltr'><strong>domino</strong></span> <span class='ocrx_word' id='word_1_243' title='bbox 795 3541 1295 3626; x_wconf 89' lang='lat' dir='ltr'><strong>Archiepiscopo</strong></span> <span class='ocrx_word' id='word_1_244' title='bbox 1341 3543 1734 3610; x_wconf 84' lang='lat' dir='ltr'><strong>Eboracensi</strong></span> <span class='ocrx_word' id='word_1_245' title='bbox 1764 3560 1831 3611; x_wconf 90' lang='lat' dir='ltr'><strong>et</strong></span> <span class='ocrx_word' id='word_1_246' title='bbox 1860 3548 1998 3611; x_wconf 84' lang='lat' dir='ltr'><strong>aliis</strong></span> <span class='ocrx_word' id='word_1_247' title='bbox 2053 3547 2471 3632; x_wconf 83' lang='lat' dir='ltr'><strong>Magnatibus</strong></span> <span class='ocrx_word' id='word_1_248' title='bbox 2500 3547 2609 3634; x_wconf 90' lang='lat' dir='ltr'><strong>qui</strong></span> <span class='ocrx_word' id='word_1_249' title='bbox 2639 3570 2795 3613; x_wconf 91' lang='lat' dir='ltr'><strong>cum</strong></span> 
     </span>
     <span class='ocr_line' id='line_1_32' title="bbox 491 3629 2795 3722; baseline 0.002 -27"><span class='ocrx_word' id='word_1_250' title='bbox 491 3653 572 3696; x_wconf 79' lang='lat' dir='ltr'><strong>eo</strong></span> <span class='ocrx_word' id='word_1_251' title='bbox 604 3630 879 3706; x_wconf 85' lang='lat' dir='ltr'><strong>fuerant,</strong></span> <span class='ocrx_word' id='word_1_252' title='bbox 907 3629 989 3693; x_wconf 90' lang='lat' dir='ltr'><strong>de</strong></span> <span class='ocrx_word' id='word_1_253' title='bbox 1014 3651 1284 3715; x_wconf 89' lang='lat' dir='ltr'><strong>quorum</strong></span> <span class='ocrx_word' id='word_1_254' title='bbox 1307 3630 1687 3710; x_wconf 73' lang='lat' dir='ltr'><strong>nominibuS,</strong></span> <span class='ocrx_word' id='word_1_255' title='bbox 1708 3657 1827 3718; x_wconf 87' lang='lat' dir='ltr'><strong>per</strong></span> <span class='ocrx_word' id='word_1_256' title='bbox 1850 3635 2007 3698; x_wconf 85' lang='lat' dir='ltr'><strong>alios</strong></span> <span class='ocrx_word' id='word_1_257' title='bbox 2022 3634 2279 3719; x_wconf 89' lang='lat' dir='ltr'><strong>plenius</strong></span> <span class='ocrx_word' id='word_1_258' title='bbox 2302 3657 2493 3722; x_wconf 85' lang='lat' dir='ltr'><strong>quam</strong></span> <span class='ocrx_word' id='word_1_259' title='bbox 2514 3656 2795 3720; x_wconf 87' lang='lat' dir='ltr'><strong>pernos,</strong></span> 
     </span>
     <span class='ocr_line' id='line_1_33' title="bbox 490 3716 2803 3806; baseline 0.002 -24"><span class='ocrx_word' id='word_1_260' title='bbox 490 3741 607 3782; x_wconf 79' lang='lat' dir='ltr'><strong>vos</strong></span> <span class='ocrx_word' id='word_1_261' title='bbox 639 3716 952 3781; x_wconf 88' lang='lat' dir='ltr'><strong>credimus</strong></span> <span class='ocrx_word' id='word_1_262' title='bbox 993 3717 1320 3780; x_wconf 86' lang='lat' dir='ltr'><strong>certiorari</strong></span> <span class='ocrx_word' id='word_1_263' title='bbox 1352 3717 1615 3795; x_wconf 88' lang='lat' dir='ltr'><strong>debere,</strong></span> <span class='ocrx_word' id='word_1_264' title='bbox 1659 3720 1820 3784; x_wconf 87' lang='lat' dir='ltr'><strong>infra</strong></span> <span class='ocrx_word' id='word_1_265' title='bbox 1848 3744 2108 3806; x_wconf 86' lang='lat' dir='ltr'><strong>parcum</strong></span> <span class='ocrx_word' id='word_1_266' title='bbox 2144 3737 2420 3786; x_wconf 87' lang='lat' dir='ltr'><strong>vestrum</strong></span> <span class='ocrx_word' id='word_1_267' title='bbox 2452 3722 2535 3785; x_wconf 93' lang='lat' dir='ltr'><strong>de</strong></span> <span class='ocrx_word' id='word_1_268' title='bbox 2568 3723 2803 3786; x_wconf 84' lang='lat' dir='ltr'><strong>Anke-</strong></span> 
     </span>
     <span class='ocr_line' id='line_1_34' title="bbox 493 3804 2795 3887; baseline 0 -16"><span class='ocrx_word' id='word_1_269' title='bbox 493 3805 648 3871; x_wconf 76' lang='lat' dir='ltr'><strong>Iand</strong></span> <span class='ocrx_word' id='word_1_270' title='bbox 694 3805 919 3870; x_wconf 86' lang='lat' dir='ltr'><strong>eadem</strong></span> <span class='ocrx_word' id='word_1_271' title='bbox 953 3816 1144 3868; x_wconf 89' lang='lat' dir='ltr'><strong>nocte</strong></span> <span class='ocrx_word' id='word_1_272' title='bbox 1182 3827 1250 3867; x_wconf 88' lang='lat' dir='ltr'><strong>se</strong></span> <span class='ocrx_word' id='word_1_273' title='bbox 1297 3804 1757 3871; x_wconf 85' lang='lat' dir='ltr'><strong>collocantibus</strong></span> <span class='ocrx_word' id='word_1_274' title='bbox 1788 3809 2057 3873; x_wconf 72' lang='lat' dir='ltr'><strong>occulte.</strong></span> <span class='ocrx_word' id='word_1_275' title='bbox 2155 3809 2379 3887; x_wconf 75' lang='lat' dir='ltr'><strong>Pol-re,</strong></span> <span class='ocrx_word' id='word_1_276' title='bbox 2413 3809 2477 3872; x_wconf 91' lang='lat' dir='ltr'><strong>in</strong></span> <span class='ocrx_word' id='word_1_277' title='bbox 2508 3808 2795 3872; x_wconf 79' lang='lat' dir='ltr'><strong>crastino</strong></span> 
     </span>
     <span class='ocr_line' id='line_1_35' title="bbox 496 3891 2801 3982; baseline 0 -24"><span class='ocrx_word' id='word_1_278' title='bbox 496 3893 623 3972; x_wconf 89' lang='lat' dir='ltr'><strong>die,</strong></span> <span class='ocrx_word' id='word_1_279' title='bbox 667 3892 966 3957; x_wconf 76' lang='lat' dir='ltr'><strong>videlicet</strong></span> <span class='ocrx_word' id='word_1_280' title='bbox 994 3911 1138 3954; x_wconf 84' lang='lat' dir='ltr'><strong>xvn</strong></span> <span class='ocrx_word' id='word_1_281' title='bbox 1179 3891 1496 3970; x_wconf 89' lang='lat' dir='ltr'><strong>Octobris,</strong></span> <span class='ocrx_word' id='word_1_282' title='bbox 1530 3897 1923 3960; x_wconf 81' lang='lat' dir='ltr'><strong>nostratibus</strong></span> <span class='ocrx_word' id='word_1_283' title='bbox 1972 3919 2172 3982; x_wconf 90' lang='lat' dir='ltr'><strong>usque</strong></span> <span class='ocrx_word' id='word_1_284' title='bbox 2202 3918 2446 3959; x_wconf 84' lang='lat' dir='ltr'><strong>moram</strong></span> <span class='ocrx_word' id='word_1_285' title='bbox 2480 3897 2563 3960; x_wconf 88' lang='lat' dir='ltr'><strong>de</strong></span> <span class='ocrx_word' id='word_1_286' title='bbox 2602 3895 2801 3959; x_wconf 89' lang='lat' dir='ltr'><strong>Bello</strong></span> 
     </span>
     <span class='ocr_line' id='line_1_36' title="bbox 494 3979 2801 4066; baseline -0 -19"><span class='ocrx_word' id='word_1_287' title='bbox 494 3981 806 4059; x_wconf 81' lang='lat' dir='ltr'><strong>Reddita,</strong></span> <span class='ocrx_word' id='word_1_288' title='bbox 831 3979 914 4046; x_wconf 88' lang='lat' dir='ltr'><strong>de</strong></span> <span class='ocrx_word' id='word_1_289' title='bbox 943 4001 1072 4066; x_wconf 88' lang='lat' dir='ltr'><strong>quo</strong></span> <span class='ocrx_word' id='word_1_290' title='bbox 1091 3979 1521 4063; x_wconf 87' lang='lat' dir='ltr'><strong>praemittitur,</strong></span> <span class='ocrx_word' id='word_1_291' title='bbox 1548 3979 2029 4059; x_wconf 83' lang='lat' dir='ltr'><strong>declinantibus,</strong></span> <span class='ocrx_word' id='word_1_292' title='bbox 2055 3983 2260 4047; x_wconf 89' lang='lat' dir='ltr'><strong>Scotti</strong></span> <span class='ocrx_word' id='word_1_293' title='bbox 2284 3983 2407 4048; x_wconf 88' lang='lat' dir='ltr'><strong>hoc</strong></span> <span class='ocrx_word' id='word_1_294' title='bbox 2432 3982 2801 4063; x_wconf 76' lang='lat' dir='ltr'><strong>audienteS,</strong></span> 
     </span>
    </p>
   </div>
   <div class='ocr_carea' id='block_1_5' title="bbox 495 4153 2807 4357">
    <p class='ocr_par' dir='ltr' id='par_1_5' title="bbox 495 4153 2807 4357">
     <span class='ocr_line' id='line_1_37' title="bbox 569 4153 2803 4227; baseline 0.004 -23"><span class='ocrx_word' id='word_1_295' title='bbox 569 4160 598 4188; x_wconf 73' lang='lat'>0</span> <span class='ocrx_word' id='word_1_296' title='bbox 619 4154 752 4204; x_wconf 84' lang='lat' dir='ltr'><strong>This</strong></span> <span class='ocrx_word' id='word_1_297' title='bbox 773 4153 930 4206; x_wconf 87' lang='lat' dir='ltr'><strong>letter</strong></span> <span class='ocrx_word' id='word_1_298' title='bbox 951 4155 995 4204; x_wconf 84' lang='lat' dir='ltr'><strong>is</strong></span> <span class='ocrx_word' id='word_1_299' title='bbox 1017 4153 1225 4220; x_wconf 83' lang='lat' dir='ltr'><strong>already</strong></span> <span class='ocrx_word' id='word_1_300' title='bbox 1248 4156 1301 4205; x_wconf 84' lang='lat' dir='ltr'><strong>in</strong></span> <span class='ocrx_word' id='word_1_301' title='bbox 1327 4154 1463 4220; x_wconf 84' lang='lat' dir='ltr'><strong>print</strong></span> <span class='ocrx_word' id='word_1_302' title='bbox 1477 4156 1531 4206; x_wconf 87' lang='lat' dir='ltr'><strong>in</strong></span> <span class='ocrx_word' id='word_1_303' title='bbox 1556 4170 1653 4207; x_wconf 81' lang='lat' dir='ltr'><strong>one</strong></span> <span class='ocrx_word' id='word_1_304' title='bbox 1670 4157 1729 4207; x_wconf 89' lang='lat' dir='ltr'><strong>of</strong></span> <span class='ocrx_word' id='word_1_305' title='bbox 1747 4172 1841 4206; x_wconf 84' lang='lat' dir='ltr'><strong>our</strong></span> <span class='ocrx_word' id='word_1_306' title='bbox 1865 4156 2233 4217; x_wconf 59' lang='lat' dir='ltr'><strong>Publicationa</strong></span> <span class='ocrx_word' id='word_1_307' title='bbox 2258 4160 2354 4210; x_wconf 87' lang='lat' dir='ltr'><strong>but</strong></span> <span class='ocrx_word' id='word_1_308' title='bbox 2376 4160 2447 4209; x_wconf 82' lang='lat' dir='ltr'><strong>its</strong></span> <span class='ocrx_word' id='word_1_309' title='bbox 2468 4160 2803 4227; x_wconf 77' lang='lat' dir='ltr'><strong>importance</strong></span> 
     </span>
     <span class='ocr_line' id='line_1_38' title="bbox 496 4221 2807 4294; baseline 0.003 -20"><span class='ocrx_word' id='word_1_310' title='bbox 496 4223 552 4274; x_wconf 72' lang='lat' dir='ltr'><strong>in</strong></span> <span class='ocrx_word' id='word_1_311' title='bbox 577 4222 834 4273; x_wconf 82' lang='lat' dir='ltr'><strong>avolume</strong></span> <span class='ocrx_word' id='word_1_312' title='bbox 857 4221 1116 4288; x_wconf 80' lang='lat' dir='ltr'><strong>expressly</strong></span> <span class='ocrx_word' id='word_1_313' title='bbox 1141 4222 1355 4272; x_wconf 76' lang='lat' dir='ltr'><strong>devoted</strong></span> <span class='ocrx_word' id='word_1_314' title='bbox 1392 4229 1446 4271; x_wconf 92' lang='lat' dir='ltr'><strong>to</strong></span> <span class='ocrx_word' id='word_1_315' title='bbox 1482 4223 1718 4274; x_wconf 81' lang='lat' dir='ltr'><strong>Durham</strong></span> <span class='ocrx_word' id='word_1_316' title='bbox 1756 4225 1978 4292; x_wconf 81' lang='lat' dir='ltr'><strong>History</strong></span> <span class='ocrx_word' id='word_1_317' title='bbox 2004 4226 2045 4275; x_wconf 80' lang='lat' dir='ltr'><strong>is</strong></span> <span class='ocrx_word' id='word_1_318' title='bbox 2082 4227 2141 4277; x_wconf 83' lang='lat' dir='ltr'><strong>of</strong></span> <span class='ocrx_word' id='word_1_319' title='bbox 2168 4228 2293 4277; x_wconf 88' lang='lat' dir='ltr'><strong>such</strong></span> <span class='ocrx_word' id='word_1_320' title='bbox 2320 4227 2623 4294; x_wconf 83' lang='lat' dir='ltr'><strong>magnitude</strong></span> <span class='ocrx_word' id='word_1_321' title='bbox 2646 4245 2704 4279; x_wconf 82' lang='lat' dir='ltr'><strong>as</strong></span> <span class='ocrx_word' id='word_1_322' title='bbox 2741 4238 2807 4280; x_wconf 87' lang='lat' dir='ltr'><strong>to</strong></span> 
     </span>
     <span class='ocr_line' id='line_1_39' title="bbox 495 4287 2805 4357; baseline 0.003 -15"><span class='ocrx_word' id='word_1_323' title='bbox 495 4289 714 4342; x_wconf 77' lang='lat' dir='ltr'><strong>demand</strong></span> <span class='ocrx_word' id='word_1_324' title='bbox 739 4305 769 4339; x_wconf 84' lang='lat' dir='ltr'><strong>a</strong></span> <span class='ocrx_word' id='word_1_325' title='bbox 789 4289 933 4352; x_wconf 85' lang='lat' dir='ltr'><strong>place</strong></span> <span class='ocrx_word' id='word_1_326' title='bbox 951 4289 1074 4339; x_wconf 82' lang='lat' dir='ltr'><strong>bere</strong></span> <span class='ocrx_word' id='word_1_327' title='bbox 1087 4291 1140 4339; x_wconf 85' lang='lat' dir='ltr'><strong>in</strong></span> <span class='ocrx_word' id='word_1_328' title='bbox 1165 4291 1232 4339; x_wconf 86' lang='lat' dir='ltr'><strong>its</strong></span> <span class='ocrx_word' id='word_1_329' title='bbox 1255 4287 1624 4357; x_wconf 81' lang='lat' dir='ltr'><strong>chronological</strong></span> <span class='ocrx_word' id='word_1_330' title='bbox 1646 4291 1807 4343; x_wconf 90' lang='lat' dir='ltr'><strong>order.</strong></span> <span class='ocrx_word' id='word_1_331' title='bbox 1846 4295 1943 4344; x_wconf 88' lang='lat' dir='ltr'><strong>See</strong></span> <span class='ocrx_word' id='word_1_332' title='bbox 1968 4293 2059 4346; x_wconf 83' lang='lat' dir='ltr'><strong>the</strong></span> <span class='ocrx_word' id='word_1_333' title='bbox 2077 4295 2189 4344; x_wconf 80' lang='lat' dir='ltr'><strong>first</strong></span> <span class='ocrx_word' id='word_1_334' title='bbox 2208 4295 2415 4346; x_wconf 84' lang='lat' dir='ltr'><strong>volume</strong></span> <span class='ocrx_word' id='word_1_335' title='bbox 2437 4293 2499 4345; x_wconf 80' lang='lat' dir='ltr'><strong>of</strong></span> <span class='ocrx_word' id='word_1_336' title='bbox 2512 4297 2605 4348; x_wconf 85' lang='lat' dir='ltr'><strong>the</strong></span> <span class='ocrx_word' id='word_1_337' title='bbox 2624 4298 2805 4349; x_wconf 74' lang='lat' dir='ltr'><strong>Series</strong></span> 
     </span>
    </p>
   </div>
   <div class='ocr_carea' id='block_1_6' title="bbox 493 4354 2799 4479">
    <p class='ocr_par' dir='ltr' id='par_1_6' title="bbox 493 4354 2799 4479">
     <span class='ocr_line' id='line_1_40' title="bbox 493 4354 2799 4430; baseline 0.004 -23"><span class='ocrx_word' id='word_1_338' title='bbox 493 4357 554 4407; x_wconf 82' lang='lat' dir='ltr'><strong>of</strong></span> <span class='ocrx_word' id='word_1_339' title='bbox 585 4355 820 4406; x_wconf 79' lang='lat' dir='ltr'><strong>Durham</strong></span> <span class='ocrx_word' id='word_1_340' title='bbox 851 4354 1002 4405; x_wconf 80' lang='lat' dir='ltr'><strong>wius</strong></span> <span class='ocrx_word' id='word_1_341' title='bbox 1024 4357 1123 4406; x_wconf 80' lang='lat' dir='ltr'><strong>and</strong></span> <span class='ocrx_word' id='word_1_342' title='bbox 1148 4357 1476 4407; x_wconf 80' lang='lat' dir='ltr'><strong>Inventories</strong></span> <span class='ocrx_word' id='word_1_343' title='bbox 1498 4360 1605 4424; x_wconf 85' lang='lat' dir='ltr'><strong>(pp.</strong></span> <span class='ocrx_word' id='word_1_344' title='bbox 1625 4363 1691 4410; x_wconf 78' lang='lat'><strong>29</strong></span> <span class='ocrx_word' id='word_1_345' title='bbox 1715 4359 1816 4412; x_wconf 84' lang='lat' dir='ltr'><strong>and</strong></span> <span class='ocrx_word' id='word_1_346' title='bbox 1838 4361 1944 4430; x_wconf 85' lang='lat'><strong>30),</strong></span> <span class='ocrx_word' id='word_1_347' title='bbox 1962 4361 2042 4414; x_wconf 83' lang='lat' dir='ltr'><strong>for</strong></span> <span class='ocrx_word' id='word_1_348' title='bbox 2062 4362 2269 4416; x_wconf 69' lang='lat' dir='ltr'><strong>further</strong></span> <span class='ocrx_word' id='word_1_349' title='bbox 2290 4363 2553 4416; x_wconf 64' lang='lat' dir='ltr'><strong>historica</strong></span> <span class='ocrx_word' id='word_1_350' title='bbox 2586 4366 2799 4418; x_wconf 75' lang='lat' dir='ltr'><strong>notiees</strong></span> 
     </span>
     <span class='ocr_line' id='line_1_41' title="bbox 495 4421 1661 4479; baseline 0.002 -3"><span class='ocrx_word' id='word_1_351' title='bbox 495 4424 714 4476; x_wconf 67' lang='lat' dir='ltr'><strong>relative</strong></span> <span class='ocrx_word' id='word_1_352' title='bbox 737 4427 790 4475; x_wconf 85' lang='lat' dir='ltr'><strong>to</strong></span> <span class='ocrx_word' id='word_1_353' title='bbox 815 4423 904 4476; x_wconf 85' lang='lat' dir='ltr'><strong>the</strong></span> <span class='ocrx_word' id='word_1_354' title='bbox 930 4423 1108 4476; x_wconf 84' lang='lat' dir='ltr'><strong>Battle</strong></span> <span class='ocrx_word' id='word_1_355' title='bbox 1132 4423 1192 4476; x_wconf 85' lang='lat' dir='ltr'><strong>of</strong></span> <span class='ocrx_word' id='word_1_356' title='bbox 1216 4421 1469 4478; x_wconf 84' lang='lat' dir='ltr'><strong>Neville’s</strong></span> <span class='ocrx_word' id='word_1_357' title='bbox 1492 4427 1661 4479; x_wconf 83' lang='lat' dir='ltr'><strong>Cross.</strong></span> 
     </span>
    </p>
   </div>
  </div>
 </body>
</html>
