3000 5117
685 469 703 481 -
775 434 1194 496 Amanum.
1235 435 1418 492 ARN.
1458 433 1887 492 Mcccxtvt.
2113 417 2519 496 ccccxxxiii

151 592 450 668 devota
505 592 794 667 filialium
856 624 1120 668 munera
1161 603 1535 688 gratiarum,
1582 603 1831 668 felicem
1877 600 2367 686 expedicionem
2399 604 2517 668 do-

149 690 362 754 mini
395 690 600 754 nostri
641 689 834 774 Regis
866 690 1124 779 Angliae
1153 705 1238 754 'et
1295 689 1585 754 Franciae
1638 689 2043 754 illustrissimi
2090 691 2510 770 continenteS,

151 777 614 842 audiencium
645 778 848 842 corda
894 777 1206 842 immense
1233 776 1657 862 profuderunt
1687 776 1919 842 laeticia
1943 799 1962 854 3
2008 791 2104 841 set
2132 800 2213 841 eo
2243 777 2515 842 immen-

147 863 352 928 εἱσι-ἰ
407 886 542 950 quo
589 887 702 928 vos
753 877 822 929 et
867 879 1133 943 vestros,
1185 863 1561 929 benedictus
1612 863 2017 948 Altissimusl
2064 863 2333 949 sospites
2375 865 2517 930 fore

152 966 242 1015 et
279 950 650 1015 incolumes
680 952 1092 1029 asserebant;
1138 951 1348 1036 ipsum
1399 965 1703 1035 rogantes
1755 950 2181 1028 devotissime,
2233 951 2297 1014 in
2328 953 2510 1038 cujus

158 1059 408 1101 manu
437 1039 632 1102 corda
666 1051 814 1102 sunt
851 1039 1130 1122 Regum,
1165 1053 1237 1102 ut
1268 1061 1364 1116 ea,
1398 1059 1547 1124 quae
1574 1053 1759 1122 grato
1788 1037 2089 1101 inchoata
2138 1053 2288 1103 sunt
2338 1039 2516 1125 prin-

158 1123 396 1208 cipio,
442 1125 736 1208 graciora
777 1124 1096 1210 suscipere
1138 1125 1330 1189 faciat
1379 1127 1793 1191 incrementa.
1889 1125 2219 1188 Coeterum
2280 1141 2511 1191 vestrae

163 1213 618 1290 reverenciae,
665 1211 716 1274 si
765 1212 1034 1296 placeat,
1089 1210 1466 1290 innotescat,
1522 1212 1697 1298 quod
1744 1210 1857 1274 filii
1910 1210 2103 1274 vestri
2156 1212 2507 1296 peculiares

164 1298 398 1382 plena
426 1299 644 1387 vigent
674 1321 1018 1384 corporum
1047 1299 1372 1383 sospitate,
1405 1321 1480 1362 ac
1512 1320 1655 1361 cum
1683 1298 1932 1362 caeteris
1975 1299 2199 1361 vestris
2252 1299 2504 1363 devotis

167 1386 478 1450 subditis
523 1387 736 1450 adhuc
779 1385 844 1449 in
901 1387 1078 1472 pacis
1123 1385 1559 1472 pulcritudine
1618 1384 2099 1472 conquiescunt,
2168 1387 2345 1472 quod
2398 1387 2508 1451 ille

167 1476 584 1537 continuare
609 1473 910 1560 dignetur
931 1472 1040 1560 qui
1063 1488 1160 1537 est
1183 1471 1739 1536 desideratissimae
1762 1473 1933 1556 pacis
1964 1485 2174 1536 autor.
2267 1473 2497 1551 Porr0,

169 1574 394 1644 pater
435 1561 811 1637 reverende,
867 1560 1026 1624 scire
1059 1559 1434 1644 dignemini,
1477 1559 1652 1646 quod
1683 1559 1851 1622 circa
1879 1558 2108 1622 festum
2142 1558 2347 1624 sancti
2383 1561 2507 1625 Pe-

175 1647 280 1712 tri
311 1648 402 1711 ad
435 1647 710 1722 vincula,
751 1646 956 1712 scotti
1015 1669 1056 1710 a
1115 1645 1350 1712 finibus
1401 1648 1529 1710 suis
1594 1645 1852 1730 egressi,
1912 1660 2126 1730 partes
2165 1647 2509 1711 Westmer-

175 1733 444 1800 landiae
495 1732 814 1798 hostiliter
865 1733 1275 1809 invase-rann
1327 1733 1494 1818 ipsas
1547 1747 1615 1798 et
1662 1755 1885 1798 eorum
1932 1732 2181 1797 incolas
2201 1734 2505 1800 feralibus

179 1821 438 1908 gladiis
469 1836 534 1886 et
562 1819 872 1885 incendiis
901 1842 1017 1904 per
1045 1843 1139 1884 xx
1167 1819 1440 1885 miliaria
1469 1835 1535 1885 et
1566 1819 1833 1904 amplius
1864 1821 1929 1882 in
1982 1820 2405 1904 longitudine,
2439 1837 2507 1886 et

181 1909 484 1973 totidem
537 1909 602 1970 in
654 1906 1018 1985 latitudine,
1069 1908 1510 1983 devastarunt3
1566 1907 1893 1994 utriusque
1944 1928 2137 1971 sexus
2190 1907 2503 1986 homines»,

183 2017 368 2081 quos
419 1994 906 2080 apprehendere
963 2010 1280 2078 poterant,
1334 1995 1435 2059 vel
1497 1995 1898 2059 trucidarunt
1971 1994 2338 2073 crudeliter,
2404 1997 2508 2060 vel

186 2081 402 2145 etiam
436 2081 885 2166 captivat-unu
925 2081 1248 2145 nonnullis
1281 2081 1457 2159 locis,
1490 2102 1604 2166 per
1633 2105 1780 2169 quae
1810 2081 2101 2145 fecerunt
2144 2083 2504 2161 transi-tum,

185 2168 404 2233 nichil
457 2169 710 2254 penitus
739 2167 1261 2245 ‘incombustum,
1338 2167 1513 2255 quod
1574 2182 1711 2233 erat
1782 2169 2251 2247 combustibile,
2313 2171 2510 2235 relin-

187 2270 472 2342 quentes
493 2278 512 2330 ;
535 2269 624 2334 et,
649 2257 813 2320 sicut
833 2255 1062 2340 passim
1094 2255 1176 2319 ab
1196 2255 1687 2320 intinerantibns
1712 2255 2099 2341 praedicatur
2127 2271 2194 2320 et
2222 2255 2503 2335 ducitur,

189 2343 382 2428 quod
417 2354 634 2406 tamen
661 2356 912 2407 avertat
946 2343 1326 2419 Altissimus,
1361 2341 1557 2405 iidem
1592 2342 1821 2420 Scotti,
1876 2343 2105 2407 imbuti
2136 2343 2277 2408 fece
2309 2343 2504 2409 tiran-

189 2429 392 2506 nidis,
443 2429 726 2494 collectis
769 2428 1084 2493 fructibus
1137 2430 1433 2493 instantis
1485 2429 1841 2513 autumpni,
1878 2443 2075 2494 terras
2116 2430 2388 2514 Angliae,
2438 2446 2507 2496 et

189 2517 538 2602 praecipue
593 2515 1043 2602 Episcopatum
1100 2515 1631 2593 Dunolmensem,
1682 2514 1971 2579 conflatis
2027 2516 2263 2580 viribus
2312 2540 2509 2582 manu

192 2603 552 2668 fortissima
579 2602 929 2686 disponunt
975 2603 1278 2667 invadere
1326 2601 1892 2702 circumquaque‚*
1939 2624 2271 2688 quousque
2303 2602 2505 2668 habu-

191 2691 373 2754 erint
403 2689 854 2767 resistendam,
905 2689 1052 2754 ioca
1097 2712 1209 2776 per
1254 2712 1400 2778 quae
1457 2690 1696 2754 fuennt
1725 2687 2051 2753 transituri
2098 2689 2392 2772 redigere
2443 2692 2509 2754 in

189 2777 484 2842 cinerem
513 2791 582 2842 et.
609 2775 890 2840 favillam
915 2799 934 2853 ;
993 2776 1078 2841 ad
1107 2777 1256 2854 hoc,
1283 2779 1448 2841 sicut
1477 2776 1661 2842 multi
1690 2776 2055 2861 conjiciunt,
2106 2797 2223 2861 per
2259 2775 2508 2863 Philip-

189 2887 356 2950 pum
389 2864 474 2928 de
515 2863 788 2949 WaloyS,
820 2862 1140 2928 dicentem
1174 2887 1242 2928 se
1273 2886 1492 2948 regem
1530 2863 1839 2941 Francioe,
1895 2863 2159 2928 animati
2193 2864 2503 2948 multipli-

190 2953 362 3016 citer
422 2963 487 3015 et
535 2950 802 3016 inducti.
902 2951 1038 3029 Set,
1100 2951 1353 3016 favente
1415 2951 1765 3029 Altissimo,
1820 2975 1966 3039 quae
2025 2972 2156 3014 non
2210 2964 2505 3036 speratur

190 3038 472 3104 remedii
519 3037 930 3122 superveniet
976 3037 1140 3102 hora
1231 3053 1390 3117 rata,
1435 3040 1589 3126 quia
1639 3051 1752 3102 aut.
1826 3059 1945 3124 per
1994 3050 2330 3116 nostrateS,
2390 3042 2503 3124 qui

190 3138 430 3212 parant
458 3125 542 3189 ad
571 3123 1005 3210 repellendum
1066 3148 1174 3189 eos
1223 3148 1349 3203 em,
1413 3143 1525 3189 ant
1583 3125 1848 3189 aliunde
1895 3127 1977 3190 de
2035 3125 2379 3202 montibuS,
2433 3127 2502 3190 in

189 3235 360 3300 quos
391 3212 630 3276 cotidie
661 3211 948 3276 levamus
978 3212 1220 3290 oculos,
1255 3211 1564 3276 auxilium
1598 3212 1831 3292 veniet,
1880 3234 2013 3300 quo
2042 3235 2083 3276 a
2111 3211 2239 3276 suis
2268 3212 2503 3297 iniquis

185 3315 258 3367 et
287 3301 606 3387 perversis
633 3299 1214 3366 machinacionibus
1244 3304 1693 3385 reprimenture

266 3481 294 3509 ⁰
331 3477 469 3528 This
491 3475 668 3528 threct
701 3491 802 3528 was
845 3483 942 3544 put
986 3479 1098 3529 into
1135 3476 1430 3536 execution,
1463 3475 1565 3528 and
1601 3477 1693 3530 the
1726 3475 1929 3540 victory
1961 3479 2017 3527 at
2051 3473 2303 3528 Neville’s
2344 3475 2504 3528 Cross

189 3562 294 3600 vas
316 3545 412 3600 the
446 3560 811 3612 consequence.
827 3607 848 3618 ·
1870 3577 1875 3580 -
2153 3564 2159 3574 ·

1293 4079 1412 4137 212·
