<?xml version="1.0" encoding="UTF-8"?>
<!DOCTYPE html PUBLIC "-//W3C//DTD XHTML 1.0 Transitional//EN"
    "http://www.w3.org/TR/xhtml1/DTD/xhtml1-transitional.dtd">
<html xmlns="http://www.w3.org/1999/xhtml" xml:lang="en" lang="en">
 <head>
  <title>
</title>
<meta http-equiv="Content-Type" content="text/html;charset=utf-8" />
  <meta name='ocr-system' content='tesseract 3.04.00' />
  <meta name='ocr-capabilities' content='ocr_page ocr_carea ocr_par ocr_line ocrx_word'/>
</head>
<body>
  <div class='ocr_page' id='page_1' title='image "./historiaedunelm00raingoog_0242.png"; bbox 0 0 3000 5117; ppageno 0'>
   <div class='ocr_carea' id='block_1_1' title="bbox 30 189 41 761">
    <p class='ocr_par' dir='ltr' id='par_1_1' title="bbox 30 189 41 761">
     <span class='ocr_line' id='line_1_1' title="bbox 30 189 41 761; baseline 0 0"><span class='ocrx_word' id='word_1_1' title='bbox 30 189 41 761; x_wconf 95' lang='lat' dir='ltr'> </span> 
     </span>
    </p>
   </div>
   <div class='ocr_carea' id='block_1_2' title="bbox 517 528 2350 585">
    <p class='ocr_par' dir='ltr' id='par_1_2' title="bbox 517 528 2350 585">
     <span class='ocr_line' id='line_1_2' title="bbox 517 528 2350 585; baseline -0.003 0"><span class='ocrx_word' id='word_1_2' title='bbox 517 538 610 585; x_wconf 72' lang='lat' dir='ltr'>XX</span> <span class='ocrx_word' id='word_1_3' title='bbox 996 530 1201 579; x_wconf 82' lang='lat' dir='ltr'>Hls&#39;r.</span> <span class='ocrx_word' id='word_1_4' title='bbox 1240 528 1600 579; x_wconf 80' lang='lat' dir='ltr'><strong>DUNELM.</strong></span> <span class='ocrx_word' id='word_1_5' title='bbox 1637 530 2101 581; x_wconf 71' lang='lat' dir='ltr'>SCRIPTORES</span> <span class='ocrx_word' id='word_1_6' title='bbox 2137 530 2350 583; x_wconf 74' lang='lat' dir='ltr'><strong>TRES.</strong></span> 
     </span>
    </p>
   </div>
   <div class='ocr_carea' id='block_1_3' title="bbox 512 690 2841 2434">
    <p class='ocr_par' dir='ltr' id='par_1_3' title="bbox 512 690 2839 1388">
     <span class='ocr_line' id='line_1_3' title="bbox 512 690 2830 777; baseline -0.001 -14"><span class='ocrx_word' id='word_1_7' title='bbox 512 694 828 763; x_wconf 70' lang='lat' dir='ltr'>canoniea</span> <span class='ocrx_word' id='word_1_8' title='bbox 858 704 1257 756; x_wconf 82' lang='lat' dir='ltr'>concesserat</span> <span class='ocrx_word' id='word_1_9' title='bbox 1290 704 1481 777; x_wconf 78' lang='lat' dir='ltr'>atque</span> <span class='ocrx_word' id='word_1_10' title='bbox 1513 690 2028 759; x_wconf 79' lang='lat' dir='ltr'>confirmaverat.</span> <span class='ocrx_word' id='word_1_11' title='bbox 2146 692 2340 759; x_wconf 79' lang='lat' dir='ltr'>Hanc</span> <span class='ocrx_word' id='word_1_12' title='bbox 2371 693 2572 759; x_wconf 83' lang='lat' dir='ltr'>eciam</span> <span class='ocrx_word' id='word_1_13' title='bbox 2615 695 2830 761; x_wconf 73' lang='lat' dir='ltr'>dona-</span> 
     </span>
     <span class='ocr_line' id='line_1_4' title="bbox 514 776 2832 865; baseline -0.001 -17"><span class='ocrx_word' id='word_1_14' title='bbox 514 785 773 849; x_wconf 82' lang='lat' dir='ltr'><strong>cionem</strong></span> <span class='ocrx_word' id='word_1_15' title='bbox 831 778 1073 843; x_wconf 82' lang='lat' dir='ltr'>eisdem</span> <span class='ocrx_word' id='word_1_16' title='bbox 1134 778 1481 854; x_wconf 80' lang='lat' dir='ltr'>monachis,</span> <span class='ocrx_word' id='word_1_17' title='bbox 1528 776 1772 841; x_wconf 89' lang='lat' dir='ltr'>domini</span> <span class='ocrx_word' id='word_1_18' title='bbox 1821 778 2018 865; x_wconf 81' lang='lat' dir='ltr'><strong>Papae</strong></span> <span class='ocrx_word' id='word_1_19' title='bbox 2077 779 2462 846; x_wconf 76' lang='lat' dir='ltr'>auctoritate</span> <span class='ocrx_word' id='word_1_20' title='bbox 2521 782 2587 845; x_wconf 88' lang='lat' dir='ltr'>in</span> <span class='ocrx_word' id='word_1_21' title='bbox 2637 782 2832 847; x_wconf 81' lang='lat' dir='ltr'>Duu-</span> 
     </span>
     <span class='ocr_line' id='line_1_5' title="bbox 516 864 2834 943; baseline -0.002 -8"><span class='ocrx_word' id='word_1_22' title='bbox 516 872 765 938; x_wconf 80' lang='lat' dir='ltr'>eimum</span> <span class='ocrx_word' id='word_1_23' title='bbox 796 865 1141 943; x_wconf 75' lang='lat' dir='ltr'>translatiS,</span> <span class='ocrx_word' id='word_1_24' title='bbox 1178 866 1413 929; x_wconf 76' lang='lat' dir='ltr'>Comes</span> <span class='ocrx_word' id='word_1_25' title='bbox 1452 864 1712 929; x_wconf 86' lang='lat' dir='ltr'>Albrius</span> <span class='ocrx_word' id='word_1_26' title='bbox 1757 864 2097 930; x_wconf 80' lang='lat' dir='ltr'>Waltheofi</span> <span class='ocrx_word' id='word_1_27' title='bbox 2129 888 2458 931; x_wconf 74' lang='lat' dir='ltr'>successor</span> <span class='ocrx_word' id='word_1_28' title='bbox 2487 870 2728 935; x_wconf 86' lang='lat' dir='ltr'>iterum</span> <span class='ocrx_word' id='word_1_29' title='bbox 2763 870 2834 932; x_wconf 89' lang='lat' dir='ltr'>in</span> 
     </span>
     <span class='ocr_line' id='line_1_6' title="bbox 518 950 2830 1045; baseline -0 -24"><span class='ocrx_word' id='word_1_30' title='bbox 518 955 877 1045; x_wconf 68' lang='lat' dir='ltr'>praesencia</span> <span class='ocrx_word' id='word_1_31' title='bbox 928 976 1076 1019; x_wconf 78' lang='lat' dir='ltr'>mea</span> <span class='ocrx_word' id='word_1_32' title='bbox 1122 950 1435 1017; x_wconf 81' lang='lat' dir='ltr'>concessit</span> <span class='ocrx_word' id='word_1_33' title='bbox 1484 966 1552 1015; x_wconf 87' lang='lat' dir='ltr'>et</span> <span class='ocrx_word' id='word_1_34' title='bbox 1599 952 1954 1029; x_wconf 77' lang='lat' dir='ltr'>renovavit,</span> <span class='ocrx_word' id='word_1_35' title='bbox 1985 974 2204 1017; x_wconf 84' lang='lat' dir='ltr'>coram</span> <span class='ocrx_word' id='word_1_36' title='bbox 2257 955 2532 1020; x_wconf 81' lang='lat' dir='ltr'>testibus</span> <span class='ocrx_word' id='word_1_37' title='bbox 2577 956 2830 1023; x_wconf 86' lang='lat' dir='ltr'>multis.</span> 
     </span>
     <span class='ocr_line' id='line_1_7' title="bbox 524 1038 2836 1131; baseline -0.001 -23"><span class='ocrx_word' id='word_1_38' title='bbox 524 1042 835 1131; x_wconf 84' lang='lat' dir='ltr'><strong>Quisquis</strong></span> <span class='ocrx_word' id='word_1_39' title='bbox 860 1039 1055 1125; x_wconf 86' lang='lat' dir='ltr'>igitur</span> <span class='ocrx_word' id='word_1_40' title='bbox 1084 1062 1125 1103; x_wconf 79' lang='lat' dir='ltr'><strong>a</strong></span> <span class='ocrx_word' id='word_1_41' title='bbox 1152 1039 1350 1103; x_wconf 90' lang='lat' dir='ltr'>modo</span> <span class='ocrx_word' id='word_1_42' title='bbox 1369 1038 1748 1125; x_wconf 80' lang='lat' dir='ltr'>proedictam</span> <span class='ocrx_word' id='word_1_43' title='bbox 1772 1039 2122 1117; x_wconf 82' lang='lat' dir='ltr'>ecclesiam,</span> <span class='ocrx_word' id='word_1_44' title='bbox 2141 1039 2276 1104; x_wconf 86' lang='lat' dir='ltr'>sive</span> <span class='ocrx_word' id='word_1_45' title='bbox 2299 1039 2541 1129; x_wconf 79' lang='lat' dir='ltr'>aliquid</span> <span class='ocrx_word' id='word_1_46' title='bbox 2565 1043 2650 1108; x_wconf 87' lang='lat' dir='ltr'>de</span> <span class='ocrx_word' id='word_1_47' title='bbox 2681 1065 2836 1128; x_wconf 86' lang='lat' dir='ltr'>per-</span> 
     </span>
     <span class='ocr_line' id='line_1_8' title="bbox 519 1125 2832 1213; baseline -0.001 -17"><span class='ocrx_word' id='word_1_48' title='bbox 519 1130 817 1196; x_wconf 81' lang='lat' dir='ltr'>tinenciis</span> <span class='ocrx_word' id='word_1_49' title='bbox 844 1128 1063 1213; x_wconf 86' lang='lat' dir='ltr'>ipsius,</span> <span class='ocrx_word' id='word_1_50' title='bbox 1097 1126 1425 1191; x_wconf 81' lang='lat' dir='ltr'>monachis</span> <span class='ocrx_word' id='word_1_51' title='bbox 1460 1126 1704 1191; x_wconf 82' lang='lat' dir='ltr'>Sancto</span> <span class='ocrx_word' id='word_1_52' title='bbox 1724 1125 2088 1191; x_wconf 90' lang='lat' dir='ltr'>Cuthberto</span> <span class='ocrx_word' id='word_1_53' title='bbox 2109 1127 2432 1192; x_wconf 87' lang='lat' dir='ltr'>servituris</span> <span class='ocrx_word' id='word_1_54' title='bbox 2463 1130 2832 1207; x_wconf 76' lang='lat' dir='ltr'>abstulerit,</span> 
     </span>
     <span class='ocr_line' id='line_1_9' title="bbox 523 1211 2838 1303; baseline -0.001 -20"><span class='ocrx_word' id='word_1_55' title='bbox 523 1240 669 1283; x_wconf 83' lang='lat' dir='ltr'>mea</span> <span class='ocrx_word' id='word_1_56' title='bbox 720 1214 1087 1303; x_wconf 81' lang='lat' dir='ltr'>Episcopali</span> <span class='ocrx_word' id='word_1_57' title='bbox 1154 1211 1560 1291; x_wconf 78' lang='lat' dir='ltr'>auctoritate,</span> <span class='ocrx_word' id='word_1_58' title='bbox 1609 1226 1676 1277; x_wconf 89' lang='lat' dir='ltr'>et</span> <span class='ocrx_word' id='word_1_59' title='bbox 1728 1215 1935 1277; x_wconf 82' lang='lat' dir='ltr'>tocius</span> <span class='ocrx_word' id='word_1_60' title='bbox 1985 1212 2214 1299; x_wconf 81' lang='lat' dir='ltr'>synodi</span> <span class='ocrx_word' id='word_1_61' title='bbox 2265 1213 2450 1281; x_wconf 90' lang='lat' dir='ltr'>istius</span> <span class='ocrx_word' id='word_1_62' title='bbox 2507 1229 2838 1302; x_wconf 83' lang='lat' dir='ltr'>perpetuo</span> 
     </span>
     <span class='ocr_line' id='line_1_10' title="bbox 522 1300 2839 1388; baseline -0.001 -18"><span class='ocrx_word' id='word_1_63' title='bbox 522 1304 959 1379; x_wconf 82' lang='lat' dir='ltr'>anathemate,</span> <span class='ocrx_word' id='word_1_64' title='bbox 992 1300 1520 1383; x_wconf 85' lang='lat' dir='ltr'>condempnetur,</span> <span class='ocrx_word' id='word_1_65' title='bbox 1555 1318 1622 1364; x_wconf 86' lang='lat' dir='ltr'>et</span> <span class='ocrx_word' id='word_1_66' title='bbox 1649 1320 1798 1363; x_wconf 88' lang='lat' dir='ltr'>cum</span> <span class='ocrx_word' id='word_1_67' title='bbox 1843 1300 2106 1365; x_wconf 81' lang='lat' dir='ltr'>diabolo</span> <span class='ocrx_word' id='word_1_68' title='bbox 2135 1313 2202 1365; x_wconf 87' lang='lat' dir='ltr'>et</span> <span class='ocrx_word' id='word_1_69' title='bbox 2231 1302 2478 1385; x_wconf 78' lang='lat' dir='ltr'>angelis</span> <span class='ocrx_word' id='word_1_70' title='bbox 2507 1304 2650 1388; x_wconf 88' lang='lat' dir='ltr'>ejus</span> <span class='ocrx_word' id='word_1_71' title='bbox 2681 1326 2839 1388; x_wconf 84' lang='lat' dir='ltr'>per·</span> 
     </span>
    </p>

    <p class='ocr_par' dir='ltr' id='par_1_4' title="bbox 612 1386 2838 1474">
     <span class='ocr_line' id='line_1_11' title="bbox 612 1386 2838 1474; baseline -0.002 -18"><span class='ocrx_word' id='word_1_72' title='bbox 612 1391 736 1456; x_wconf 85' lang='lat' dir='ltr'>tuis</span> <span class='ocrx_word' id='word_1_73' title='bbox 794 1390 1051 1474; x_wconf 83' lang='lat' dir='ltr'>ignibus</span> <span class='ocrx_word' id='word_1_74' title='bbox 1098 1386 1461 1473; x_wconf 84' lang='lat' dir='ltr'>puniendus</span> <span class='ocrx_word' id='word_1_75' title='bbox 1509 1398 1894 1451; x_wconf 72' lang='lat' dir='ltr'>reservetur.</span> <span class='ocrx_word' id='word_1_76' title='bbox 1987 1390 2220 1453; x_wconf 88' lang='lat' dir='ltr'>Amen.</span> <span class='ocrx_word' id='word_1_77' title='bbox 2275 1390 2514 1457; x_wconf 82' lang='lat' dir='ltr'>Amen.</span> <span class='ocrx_word' id='word_1_78' title='bbox 2609 1388 2705 1455; x_wconf 88' lang='lat' dir='ltr'>Et</span> <span class='ocrx_word' id='word_1_79' title='bbox 2760 1404 2838 1453; x_wconf 87' lang='lat' dir='ltr'>ut</span> 
     </span>
    </p>

    <p class='ocr_par' dir='ltr' id='par_1_5' title="bbox 522 1473 2841 2434">
     <span class='ocr_line' id='line_1_12' title="bbox 574 1473 2839 1562; baseline -0.002 -19"><span class='ocrx_word' id='word_1_80' title='bbox 574 1502 667 1543; x_wconf 90' lang='lat' dir='ltr'>oec</span> <span class='ocrx_word' id='word_1_81' title='bbox 720 1475 1130 1541; x_wconf 80' lang='lat' dir='ltr'>confirmacio</span> <span class='ocrx_word' id='word_1_82' title='bbox 1182 1496 1329 1537; x_wconf 80' lang='lat' dir='ltr'>mea</span> <span class='ocrx_word' id='word_1_83' title='bbox 1372 1474 1562 1539; x_wconf 77' lang='lat' dir='ltr'>firma</span> <span class='ocrx_word' id='word_1_84' title='bbox 1607 1485 1674 1539; x_wconf 88' lang='lat' dir='ltr'>et</span> <span class='ocrx_word' id='word_1_85' title='bbox 1723 1486 1866 1539; x_wconf 82' lang='lat' dir='ltr'>rata</span> <span class='ocrx_word' id='word_1_86' title='bbox 1915 1473 1998 1537; x_wconf 91' lang='lat' dir='ltr'>sit</span> <span class='ocrx_word' id='word_1_87' title='bbox 2027 1474 2092 1537; x_wconf 92' lang='lat' dir='ltr'>in</span> <span class='ocrx_word' id='word_1_88' title='bbox 2121 1487 2506 1559; x_wconf 84' lang='lat' dir='ltr'>perpetuum</span> <span class='ocrx_word' id='word_1_89' title='bbox 2543 1498 2839 1562; x_wconf 62' lang='lat' dir='ltr'>presens</span> 
     </span>
     <span class='ocr_line' id='line_1_13' title="bbox 524 1560 2841 1652; baseline -0.001 -23"><span class='ocrx_word' id='word_1_90' title='bbox 524 1566 831 1652; x_wconf 85' lang='lat' dir='ltr'>scriptum</span> <span class='ocrx_word' id='word_1_91' title='bbox 864 1585 1053 1627; x_wconf 78' lang='lat' dir='ltr'>manu</span> <span class='ocrx_word' id='word_1_92' title='bbox 1100 1560 1359 1646; x_wconf 77' lang='lat' dir='ltr'>propria</span> <span class='ocrx_word' id='word_1_93' title='bbox 1399 1561 1583 1645; x_wconf 88' lang='lat' dir='ltr'>signo</span> <span class='ocrx_word' id='word_1_94' title='bbox 1627 1574 1868 1625; x_wconf 82' lang='lat' dir='ltr'>sanctae</span> <span class='ocrx_word' id='word_1_95' title='bbox 1897 1560 2101 1625; x_wconf 85' lang='lat' dir='ltr'>crucis</span> <span class='ocrx_word' id='word_1_96' title='bbox 2127 1561 2216 1649; x_wconf 63' lang='grc' dir='ltr'>ιι-</span> <span class='ocrx_word' id='word_1_97' title='bbox 2245 1562 2542 1648; x_wconf 82' lang='lat' dir='ltr'>imprimo</span> <span class='ocrx_word' id='word_1_98' title='bbox 2573 1576 2642 1628; x_wconf 88' lang='lat' dir='ltr'>et</span> <span class='ocrx_word' id='word_1_99' title='bbox 2675 1584 2841 1629; x_wconf 88' lang='lat' dir='ltr'>con-</span> 
     </span>
     <span class='ocr_line' id='line_1_14' title="bbox 522 1646 2839 1734; baseline -0.002 -17"><span class='ocrx_word' id='word_1_100' title='bbox 522 1654 736 1717; x_wconf 87' lang='lat' dir='ltr'>firmo.</span> <span class='ocrx_word' id='word_1_101' title='bbox 852 1651 921 1716; x_wconf 88' lang='lat' dir='ltr'>Si</span> <span class='ocrx_word' id='word_1_102' title='bbox 972 1670 1124 1713; x_wconf 84' lang='lat' dir='ltr'>num</span> <span class='ocrx_word' id='word_1_103' title='bbox 1177 1648 1522 1713; x_wconf 75' lang='lat' dir='ltr'>willielmi</span> <span class='ocrx_word' id='word_1_104' title='bbox 1567 1646 1654 1734; x_wconf 61' lang='grc' dir='ltr'>-Ῑ-</span> <span class='ocrx_word' id='word_1_105' title='bbox 1707 1646 2030 1733; x_wconf 81' lang='lat' dir='ltr'>Episcopi.</span> <span class='ocrx_word' id='word_1_106' title='bbox 2158 1648 2429 1733; x_wconf 78' lang='lat' dir='ltr'>Signum</span> <span class='ocrx_word' id='word_1_107' title='bbox 2496 1649 2714 1715; x_wconf 78' lang='lat' dir='ltr'>Eilavi</span> <span class='ocrx_word' id='word_1_108' title='bbox 2771 1658 2839 1712; x_wconf 73' lang='lat' dir='ltr'>-i-</span> 
     </span>
     <span class='ocr_line' id='line_1_15' title="bbox 522 1734 2840 1825; baseline -0.001 -22"><span class='ocrx_word' id='word_1_109' title='bbox 522 1751 747 1825; x_wconf 87' lang='lat' dir='ltr'>preost</span> <span class='ocrx_word' id='word_1_110' title='bbox 796 1738 881 1802; x_wconf 87' lang='lat' dir='ltr'>de</span> <span class='ocrx_word' id='word_1_111' title='bbox 994 1734 1400 1800; x_wconf 78' lang='lat' dir='ltr'>xtildesham.</span> <span class='ocrx_word' id='word_1_112' title='bbox 1478 1734 1769 1821; x_wconf 85' lang='lat' dir='ltr'>‘Signum</span> <span class='ocrx_word' id='word_1_113' title='bbox 1821 1734 2098 1801; x_wconf 83' lang='lat' dir='ltr'>Alwoldi</span> <span class='ocrx_word' id='word_1_114' title='bbox 2146 1742 2213 1801; x_wconf 77' lang='lat'><em>÷</em></span> <span class='ocrx_word' id='word_1_115' title='bbox 2243 1751 2462 1821; x_wconf 81' lang='lat' dir='ltr'>preost</span> <span class='ocrx_word' id='word_1_116' title='bbox 2501 1738 2588 1803; x_wconf 90' lang='lat' dir='ltr'>de</span> <span class='ocrx_word' id='word_1_117' title='bbox 2623 1736 2840 1803; x_wconf 82' lang='lat' dir='ltr'>Tine-</span> 
     </span>
     <span class='ocr_line' id='line_1_16' title="bbox 523 1820 2840 1909; baseline -0.001 -19"><span class='ocrx_word' id='word_1_118' title='bbox 523 1826 772 1891; x_wconf 78' lang='lat' dir='ltr'>mutha.</span> <span class='ocrx_word' id='word_1_119' title='bbox 894 1822 1165 1907; x_wconf 83' lang='lat' dir='ltr'>Signum</span> <span class='ocrx_word' id='word_1_120' title='bbox 1225 1820 1449 1886; x_wconf 90' lang='lat' dir='ltr'>Ulchil</span> <span class='ocrx_word' id='word_1_121' title='bbox 1499 1836 1720 1904; x_wconf 80' lang='lat' dir='ltr'>preest</span> <span class='ocrx_word' id='word_1_122' title='bbox 1779 1827 1846 1881; x_wconf 66' lang='grc'>4-</span> <span class='ocrx_word' id='word_1_123' title='bbox 1903 1821 1988 1886; x_wconf 87' lang='lat' dir='ltr'>de</span> <span class='ocrx_word' id='word_1_124' title='bbox 2049 1823 2437 1907; x_wconf 85' lang='lat' dir='ltr'>Seggeffeld.</span> <span class='ocrx_word' id='word_1_125' title='bbox 2547 1823 2840 1909; x_wconf 82' lang='lat' dir='ltr'>Signum</span> 
     </span>
     <span class='ocr_line' id='line_1_17' title="bbox 526 1907 2834 1996; baseline -0 -17"><span class='ocrx_word' id='word_1_126' title='bbox 526 1912 737 1979; x_wconf 76' lang='lat' dir='ltr'>Eilavi</span> <span class='ocrx_word' id='word_1_127' title='bbox 766 1910 849 1975; x_wconf 91' lang='lat' dir='ltr'>de</span> <span class='ocrx_word' id='word_1_128' title='bbox 886 1908 1309 1996; x_wconf 79' lang='lat' dir='ltr'>Bethlingtuu</span> <span class='ocrx_word' id='word_1_129' title='bbox 1341 1916 1427 1971; x_wconf 56' lang='grc' dir='ltr'>ψ.</span> <span class='ocrx_word' id='word_1_130' title='bbox 1498 1907 1772 1992; x_wconf 83' lang='lat' dir='ltr'>Signum</span> <span class='ocrx_word' id='word_1_131' title='bbox 1805 1907 2091 1973; x_wconf 89' lang='lat' dir='ltr'>Meruini</span> <span class='ocrx_word' id='word_1_132' title='bbox 2123 1923 2340 1993; x_wconf 77' lang='lat' dir='ltr'>preest</span> <span class='ocrx_word' id='word_1_133' title='bbox 2370 1915 2437 1974; x_wconf 78' lang='lat'><em>÷</em></span> <span class='ocrx_word' id='word_1_134' title='bbox 2457 1910 2544 1975; x_wconf 87' lang='lat' dir='ltr'>de</span> <span class='ocrx_word' id='word_1_135' title='bbox 2567 1912 2834 1979; x_wconf 83' lang='lat' dir='ltr'>Cestre.</span> 
     </span>
     <span class='ocr_line' id='line_1_18' title="bbox 535 1995 2839 2083; baseline -0 -19"><span class='ocrx_word' id='word_1_136' title='bbox 535 2002 811 2083; x_wconf 86' lang='lat' dir='ltr'>Signum</span> <span class='ocrx_word' id='word_1_137' title='bbox 845 1995 1103 2063; x_wconf 88' lang='lat' dir='ltr'>Uthred</span> <span class='ocrx_word' id='word_1_138' title='bbox 1136 2003 1202 2058; x_wconf 69' lang='lat' dir='ltr'>-i-</span> <span class='ocrx_word' id='word_1_139' title='bbox 1234 2008 1453 2080; x_wconf 88' lang='lat' dir='ltr'>preost</span> <span class='ocrx_word' id='word_1_140' title='bbox 1494 1996 1578 2058; x_wconf 90' lang='lat' dir='ltr'>de</span> <span class='ocrx_word' id='word_1_141' title='bbox 1614 1995 1888 2064; x_wconf 79' lang='lat' dir='ltr'>Aleleat.</span> <span class='ocrx_word' id='word_1_142' title='bbox 1984 1996 2257 2081; x_wconf 85' lang='lat' dir='ltr'>Signum</span> <span class='ocrx_word' id='word_1_143' title='bbox 2289 1996 2560 2061; x_wconf 84' lang='lat' dir='ltr'>Aidredi</span> <span class='ocrx_word' id='word_1_144' title='bbox 2608 2013 2839 2082; x_wconf 84' lang='lat' dir='ltr'>preost</span> 
     </span>
     <span class='ocr_line' id='line_1_19' title="bbox 527 2082 2838 2172; baseline 0 -24"><span class='ocrx_word' id='word_1_145' title='bbox 527 2094 594 2148; x_wconf 62' lang='lat' dir='ltr'>-i-</span> <span class='ocrx_word' id='word_1_146' title='bbox 642 2086 727 2151; x_wconf 85' lang='lat' dir='ltr'>de</span> <span class='ocrx_word' id='word_1_147' title='bbox 782 2085 1001 2151; x_wconf 68' lang='lat' dir='ltr'>Acies.</span> <span class='ocrx_word' id='word_1_148' title='bbox 1096 2082 1368 2166; x_wconf 82' lang='lat' dir='ltr'>Signum</span> <span class='ocrx_word' id='word_1_149' title='bbox 1424 2082 1603 2149; x_wconf 78' lang='lat' dir='ltr'>Giue</span> <span class='ocrx_word' id='word_1_150' title='bbox 1633 2089 1700 2143; x_wconf 66' lang='grc'>4-</span> <span class='ocrx_word' id='word_1_151' title='bbox 1728 2082 1944 2147; x_wconf 87' lang='lat' dir='ltr'>cler-ici</span> <span class='ocrx_word' id='word_1_152' title='bbox 1975 2082 2058 2147; x_wconf 87' lang='lat' dir='ltr'>de</span> <span class='ocrx_word' id='word_1_153' title='bbox 2099 2083 2463 2172; x_wconf 82' lang='lat' dir='ltr'>Eggascliff.</span> <span class='ocrx_word' id='word_1_154' title='bbox 2555 2084 2838 2169; x_wconf 86' lang='lat' dir='ltr'>Signum</span> 
     </span>
     <span class='ocr_line' id='line_1_20' title="bbox 530 2169 2838 2259; baseline -0.001 -22"><span class='ocrx_word' id='word_1_155' title='bbox 530 2172 893 2259; x_wconf 86' lang='lat' dir='ltr'>Hemming</span> <span class='ocrx_word' id='word_1_156' title='bbox 922 2180 989 2233; x_wconf 73' lang='lat' dir='ltr'>-i-</span> <span class='ocrx_word' id='word_1_157' title='bbox 1019 2182 1237 2255; x_wconf 83' lang='lat' dir='ltr'>preost</span> <span class='ocrx_word' id='word_1_158' title='bbox 1266 2169 1349 2233; x_wconf 92' lang='lat' dir='ltr'>de</span> <span class='ocrx_word' id='word_1_159' title='bbox 1388 2169 1878 2253; x_wconf 82' lang='lat' dir='ltr'>Brentespethe.</span> <span class='ocrx_word' id='word_1_160' title='bbox 1977 2170 2241 2235; x_wconf 83' lang='lat' dir='ltr'>Factum</span> <span class='ocrx_word' id='word_1_161' title='bbox 2285 2183 2383 2235; x_wconf 88' lang='lat' dir='ltr'>est</span> <span class='ocrx_word' id='word_1_162' title='bbox 2439 2170 2562 2233; x_wconf 88' lang='lat' dir='ltr'>hoc</span> <span class='ocrx_word' id='word_1_163' title='bbox 2594 2174 2838 2235; x_wconf 85' lang='lat' dir='ltr'>confir-</span> 
     </span>
     <span class='ocr_line' id='line_1_21' title="bbox 524 2256 2838 2342; baseline -0.001 -19"><span class='ocrx_word' id='word_1_164' title='bbox 524 2258 835 2325; x_wconf 80' lang='lat' dir='ltr'>macionis</span> <span class='ocrx_word' id='word_1_165' title='bbox 897 2256 1203 2342; x_wconf 82' lang='lat' dir='ltr'>scriptum</span> <span class='ocrx_word' id='word_1_166' title='bbox 1268 2278 1439 2321; x_wconf 82' lang='lat' dir='ltr'>anno</span> <span class='ocrx_word' id='word_1_167' title='bbox 1507 2256 1589 2321; x_wconf 76' lang='lat' dir='ltr'>ab</span> <span class='ocrx_word' id='word_1_168' title='bbox 1653 2256 2104 2321; x_wconf 80' lang='lat' dir='ltr'>incarnacione</span> <span class='ocrx_word' id='word_1_169' title='bbox 2165 2256 2430 2323; x_wconf 85' lang='lat' dir='ltr'>Domini</span> <span class='ocrx_word' id='word_1_170' title='bbox 2487 2256 2838 2325; x_wconf 85' lang='lat' dir='ltr'>millesimo</span> 
     </span>
     <span class='ocr_line' id='line_1_22' title="bbox 528 2341 2140 2434; baseline -0.003 -22"><span class='ocrx_word' id='word_1_171' title='bbox 528 2367 715 2411; x_wconf 65' lang='grc' dir='ltr'>ωαχ</span> <span class='ocrx_word' id='word_1_172' title='bbox 744 2346 992 2434; x_wconf 87' lang='lat' dir='ltr'>quinto,</span> <span class='ocrx_word' id='word_1_173' title='bbox 1026 2344 1255 2431; x_wconf 84' lang='lat' dir='ltr'>quinto</span> <span class='ocrx_word' id='word_1_174' title='bbox 1285 2344 1412 2419; x_wconf 68' lang='lat' dir='ltr'>kal,</span> <span class='ocrx_word' id='word_1_175' title='bbox 1448 2341 1618 2419; x_wconf 80' lang='lat' dir='ltr'>maii,</span> <span class='ocrx_word' id='word_1_176' title='bbox 1651 2342 1812 2407; x_wconf 79' lang='lat' dir='ltr'>feria</span> <span class='ocrx_word' id='word_1_177' title='bbox 1839 2344 2140 2409; x_wconf 76' lang='lat' dir='ltr'>secunda.</span> 
     </span>
    </p>
   </div>
   <div class='ocr_carea' id='block_1_4' title="bbox 850 2746 2506 2800">
    <p class='ocr_par' dir='ltr' id='par_1_6' title="bbox 850 2746 2506 2800">
     <span class='ocr_line' id='line_1_23' title="bbox 850 2746 2506 2800; baseline -0.001 -4"><span class='ocrx_word' id='word_1_178' title='bbox 850 2754 949 2800; x_wconf 78' lang='lat' dir='ltr'>x1.</span> <span class='ocrx_word' id='word_1_179' title='bbox 1004 2752 1223 2795; x_wconf 73' lang='lat' dir='ltr'>cAnTA</span> <span class='ocrx_word' id='word_1_180' title='bbox 1256 2748 1640 2791; x_wconf 75' lang='lat' dir='ltr'>WILLIELMI</span> <span class='ocrx_word' id='word_1_181' title='bbox 1675 2746 1880 2789; x_wconf 72' lang='lat' dir='ltr'>mmm</span> <span class='ocrx_word' id='word_1_182' title='bbox 1916 2746 2004 2791; x_wconf 73' lang='lat' dir='ltr'>DE</span> <span class='ocrx_word' id='word_1_183' title='bbox 2038 2748 2506 2796; x_wconf 61' lang='lat' dir='ltr'>BILLINGRAM.</span> 
     </span>
    </p>
   </div>
   <div class='ocr_carea' id='block_1_5' title="bbox 1208 2886 2138 2955">
    <p class='ocr_par' dir='ltr' id='par_1_7' title="bbox 1208 2886 2138 2955">
     <span class='ocr_line' id='line_1_24' title="bbox 1208 2886 2138 2955; baseline -0.009 -14"><span class='ocrx_word' id='word_1_184' title='bbox 1208 2890 1321 2953; x_wconf 79' lang='lat' dir='ltr'>[Ex</span> <span class='ocrx_word' id='word_1_185' title='bbox 1350 2889 1494 2955; x_wconf 86' lang='lat' dir='ltr'>Orig.</span> <span class='ocrx_word' id='word_1_186' title='bbox 1521 2891 1566 2937; x_wconf 86' lang='lat'>1.</span> <span class='ocrx_word' id='word_1_187' title='bbox 1597 2890 1638 2937; x_wconf 84' lang='lat'>1.</span> <span class='ocrx_word' id='word_1_188' title='bbox 1661 2886 1940 2955; x_wconf 71' lang='lat' dir='ltr'>Begdium</span> <span class='ocrx_word' id='word_1_189' title='bbox 1961 2886 2034 2937; x_wconf 83' lang='lat' dir='ltr'>G.</span> <span class='ocrx_word' id='word_1_190' title='bbox 2069 2888 2138 2949; x_wconf 84' lang='grc'>1.]</span> 
     </span>
    </p>
   </div>
   <div class='ocr_carea' id='block_1_6' title="bbox 512 3028 2833 3625">
    <p class='ocr_par' dir='ltr' id='par_1_8' title="bbox 512 3028 2833 3625">
     <span class='ocr_line' id='line_1_25' title="bbox 612 3028 2833 3119; baseline 0.001 -18"><span class='ocrx_word' id='word_1_191' title='bbox 612 3038 711 3105; x_wconf 86' lang='lat' dir='ltr'>W.</span> <span class='ocrx_word' id='word_1_192' title='bbox 746 3038 895 3101; x_wconf 84' lang='lat' dir='ltr'>Rex</span> <span class='ocrx_word' id='word_1_193' title='bbox 928 3034 1117 3119; x_wconf 85' lang='lat' dir='ltr'>Angl&#39;</span> <span class='ocrx_word' id='word_1_194' title='bbox 1187 3032 1273 3098; x_wconf 91' lang='lat' dir='ltr'>G.</span> <span class='ocrx_word' id='word_1_195' title='bbox 1315 3030 1638 3096; x_wconf 83' lang='lat' dir='ltr'>Bainardo</span> <span class='ocrx_word' id='word_1_196' title='bbox 1684 3028 1978 3097; x_wconf 78' lang='lat' dir='ltr'>salutern.</span> <span class='ocrx_word' id='word_1_197' title='bbox 2066 3028 2242 3094; x_wconf 83' lang='lat' dir='ltr'>Scias</span> <span class='ocrx_word' id='word_1_198' title='bbox 2287 3054 2392 3097; x_wconf 90' lang='lat' dir='ltr'>me</span> <span class='ocrx_word' id='word_1_199' title='bbox 2436 3038 2833 3103; x_wconf 70' lang='lat' dir='ltr'>concessisse</span> 
     </span>
     <span class='ocr_line' id='line_1_26' title="bbox 522 3116 2828 3207; baseline -0.003 -16"><span class='ocrx_word' id='word_1_200' title='bbox 522 3126 674 3191; x_wconf 89' lang='lat' dir='ltr'>Deo</span> <span class='ocrx_word' id='word_1_201' title='bbox 718 3137 787 3189; x_wconf 87' lang='lat' dir='ltr'>et</span> <span class='ocrx_word' id='word_1_202' title='bbox 836 3126 1076 3190; x_wconf 77' lang='lat' dir='ltr'>Sancto</span> <span class='ocrx_word' id='word_1_203' title='bbox 1127 3119 1491 3187; x_wconf 86' lang='lat' dir='ltr'>Cuthberto</span> <span class='ocrx_word' id='word_1_204' title='bbox 1536 3133 1602 3181; x_wconf 89' lang='lat' dir='ltr'>et</span> <span class='ocrx_word' id='word_1_205' title='bbox 1647 3116 1977 3181; x_wconf 86' lang='lat' dir='ltr'>monachis</span> <span class='ocrx_word' id='word_1_206' title='bbox 2003 3116 2133 3181; x_wconf 85' lang='lat' dir='ltr'>suis</span> <span class='ocrx_word' id='word_1_207' title='bbox 2173 3118 2641 3207; x_wconf 81' lang='lat' dir='ltr'>Bellingaham,</span> <span class='ocrx_word' id='word_1_208' title='bbox 2677 3146 2828 3189; x_wconf 88' lang='lat' dir='ltr'>cum</span> 
     </span>
     <span class='ocr_line' id='line_1_27' title="bbox 520 3202 2830 3295; baseline -0.001 -18"><span class='ocrx_word' id='word_1_209' title='bbox 520 3212 816 3277; x_wconf 83' lang='lat' dir='ltr'>omnibus</span> <span class='ocrx_word' id='word_1_210' title='bbox 856 3212 983 3275; x_wconf 85' lang='lat' dir='ltr'>suis</span> <span class='ocrx_word' id='word_1_211' title='bbox 1022 3204 1440 3295; x_wconf 75' lang='lat' dir='ltr'>appendiciiS‚</span> <span class='ocrx_word' id='word_1_212' title='bbox 1470 3202 1566 3268; x_wconf 77' lang='lat' dir='ltr'>ita</span> <span class='ocrx_word' id='word_1_213' title='bbox 1592 3204 1759 3267; x_wconf 90' lang='lat' dir='ltr'>bene</span> <span class='ocrx_word' id='word_1_214' title='bbox 1791 3216 1858 3267; x_wconf 91' lang='lat' dir='ltr'>et</span> <span class='ocrx_word' id='word_1_215' title='bbox 1889 3204 2128 3290; x_wconf 87' lang='lat' dir='ltr'>quiete,</span> <span class='ocrx_word' id='word_1_216' title='bbox 2163 3227 2308 3269; x_wconf 89' lang='lat' dir='ltr'>cum</span> <span class='ocrx_word' id='word_1_217' title='bbox 2341 3209 2636 3273; x_wconf 89' lang='lat' dir='ltr'>omnibus</span> <span class='ocrx_word' id='word_1_218' title='bbox 2667 3232 2830 3275; x_wconf 86' lang='lat' dir='ltr'>con-</span> 
     </span>
     <span class='ocr_line' id='line_1_28' title="bbox 522 3289 2829 3389; baseline -0 -25"><span class='ocrx_word' id='word_1_219' title='bbox 522 3298 986 3374; x_wconf 72' lang='lat' dir='ltr'>suetudinibuS,</span> <span class='ocrx_word' id='word_1_220' title='bbox 1044 3299 1209 3360; x_wconf 84' lang='lat' dir='ltr'>sicut</span> <span class='ocrx_word' id='word_1_221' title='bbox 1262 3293 1489 3357; x_wconf 84' lang='lat' dir='ltr'>melius</span> <span class='ocrx_word' id='word_1_222' title='bbox 1543 3303 1606 3354; x_wconf 89' lang='lat' dir='ltr'>et</span> <span class='ocrx_word' id='word_1_223' title='bbox 1661 3289 1937 3389; x_wconf 82' lang='lat' dir='ltr'>quietius</span> <span class='ocrx_word' id='word_1_224' title='bbox 1991 3290 2145 3355; x_wconf 78' lang='lat' dir='ltr'>alias</span> <span class='ocrx_word' id='word_1_225' title='bbox 2197 3316 2342 3357; x_wconf 75' lang='lat' dir='ltr'>suas</span> <span class='ocrx_word' id='word_1_226' title='bbox 2395 3310 2597 3360; x_wconf 82' lang='lat' dir='ltr'>terras</span> <span class='ocrx_word' id='word_1_227' title='bbox 2653 3298 2829 3363; x_wconf 87' lang='lat' dir='ltr'>inter</span> 
     </span>
     <span class='ocr_line' id='line_1_29' title="bbox 520 3376 2824 3450; baseline -0 -1"><span class='ocrx_word' id='word_1_228' title='bbox 520 3386 781 3450; x_wconf 84' lang='lat' dir='ltr'>Teisam</span> <span class='ocrx_word' id='word_1_229' title='bbox 828 3399 895 3448; x_wconf 92' lang='lat' dir='ltr'>et</span> <span class='ocrx_word' id='word_1_230' title='bbox 941 3382 1176 3448; x_wconf 78' lang='lat' dir='ltr'>Tinam</span> <span class='ocrx_word' id='word_1_231' title='bbox 1207 3380 1473 3447; x_wconf 81' lang='lat' dir='ltr'>habent.</span> <span class='ocrx_word' id='word_1_232' title='bbox 1569 3376 1659 3441; x_wconf 88' lang='lat' dir='ltr'>Et</span> <span class='ocrx_word' id='word_1_233' title='bbox 1689 3376 1838 3441; x_wconf 80' lang='lat' dir='ltr'>inde</span> <span class='ocrx_word' id='word_1_234' title='bbox 1867 3398 1951 3443; x_wconf 88' lang='lat' dir='ltr'>ne</span> <span class='ocrx_word' id='word_1_235' title='bbox 1981 3378 2116 3443; x_wconf 88' lang='lat' dir='ltr'>ullo</span> <span class='ocrx_word' id='word_1_236' title='bbox 2147 3380 2344 3444; x_wconf 88' lang='lat' dir='ltr'>modo</span> <span class='ocrx_word' id='word_1_237' title='bbox 2374 3394 2438 3446; x_wconf 89' lang='lat' dir='ltr'>te</span> <span class='ocrx_word' id='word_1_238' title='bbox 2458 3383 2701 3448; x_wconf 81' lang='lat' dir='ltr'>amodo</span> <span class='ocrx_word' id='word_1_239' title='bbox 2731 3385 2824 3448; x_wconf 91' lang='lat' dir='ltr'>in-</span> 
     </span>
     <span class='ocr_line' id='line_1_30' title="bbox 516 3463 2827 3557; baseline 0 -21"><span class='ocrx_word' id='word_1_240' title='bbox 516 3472 840 3535; x_wconf 75' lang='lat' dir='ltr'>tromittas</span> <span class='ocrx_word' id='word_1_241' title='bbox 884 3470 967 3535; x_wconf 89' lang='lat' dir='ltr'>de</span> <span class='ocrx_word' id='word_1_242' title='bbox 994 3470 1185 3534; x_wconf 90' lang='lat' dir='ltr'>rebus</span> <span class='ocrx_word' id='word_1_243' title='bbox 1214 3466 1716 3557; x_wconf 68' lang='lat' dir='ltr'>monachoruim</span> <span class='ocrx_word' id='word_1_244' title='bbox 1748 3463 1899 3550; x_wconf 84' lang='lat' dir='ltr'>quia</span> <span class='ocrx_word' id='word_1_245' title='bbox 1929 3464 2078 3530; x_wconf 82' lang='lat' dir='ltr'>volo</span> <span class='ocrx_word' id='word_1_246' title='bbox 2109 3479 2180 3531; x_wconf 86' lang='lat' dir='ltr'>ut</span> <span class='ocrx_word' id='word_1_247' title='bbox 2203 3488 2349 3533; x_wconf 88' lang='lat' dir='ltr'>cum</span> <span class='ocrx_word' id='word_1_248' title='bbox 2371 3468 2620 3537; x_wconf 89' lang='lat' dir='ltr'>honore</span> <span class='ocrx_word' id='word_1_249' title='bbox 2647 3484 2827 3537; x_wconf 75' lang='lat' dir='ltr'>tene-</span> 
     </span>
     <span class='ocr_line' id='line_1_31' title="bbox 512 3552 1495 3625; baseline -0.005 -3"><span class='ocrx_word' id='word_1_250' title='bbox 512 3572 649 3623; x_wconf 78' lang='lat' dir='ltr'>ant.</span> <span class='ocrx_word' id='word_1_251' title='bbox 741 3557 944 3623; x_wconf 85' lang='lat' dir='ltr'>Teste</span> <span class='ocrx_word' id='word_1_252' title='bbox 980 3555 1063 3625; x_wconf 89' lang='lat' dir='ltr'>R.</span> <span class='ocrx_word' id='word_1_253' title='bbox 1096 3552 1495 3623; x_wconf 78' lang='lat' dir='ltr'>cancellario.</span> 
     </span>
    </p>
   </div>
   <div class='ocr_carea' id='block_1_7' title="bbox 1434 3738 1904 3817">
    <p class='ocr_par' dir='ltr' id='par_1_9' title="bbox 1434 3738 1904 3817">
     <span class='ocr_line' id='line_1_32' title="bbox 1434 3738 1904 3817; baseline -0.013 -13"><span class='ocrx_word' id='word_1_254' title='bbox 1434 3738 1583 3805; x_wconf 82' lang='lat' dir='ltr'>Seal</span> <span class='ocrx_word' id='word_1_255' title='bbox 1605 3738 1904 3817; x_wconf 73' lang='lat' dir='ltr'>wantinq.</span> 
     </span>
    </p>
   </div>
   <div class='ocr_carea' id='block_1_8' title="bbox 2960 4484 2972 5059">
    <p class='ocr_par' dir='ltr' id='par_1_10' title="bbox 2960 4484 2972 5059">
     <span class='ocr_line' id='line_1_33' title="bbox 2960 4484 2972 5059; baseline 0 0"><span class='ocrx_word' id='word_1_256' title='bbox 2960 4484 2972 5059; x_wconf 95' lang='lat' dir='ltr'> </span> 
     </span>
    </p>
   </div>
  </div>
 </body>
</html>
