<?xml version="1.0" encoding="UTF-8"?>
<!DOCTYPE html PUBLIC "-//W3C//DTD XHTML 1.0 Transitional//EN"
    "http://www.w3.org/TR/xhtml1/DTD/xhtml1-transitional.dtd">
<html xmlns="http://www.w3.org/1999/xhtml" xml:lang="en" lang="en">
 <head>
  <title>
</title>
<meta http-equiv="Content-Type" content="text/html;charset=utf-8" />
  <meta name='ocr-system' content='tesseract 3.04.00' />
  <meta name='ocr-capabilities' content='ocr_page ocr_carea ocr_par ocr_line ocrx_word'/>
</head>
<body>
  <div class='ocr_page' id='page_1' title='image "./historiaedunelm00raingoog_0257.png"; bbox 0 0 3000 5117; ppageno 0'>
   <div class='ocr_carea' id='block_1_1' title="bbox 824 486 2498 569">
    <p class='ocr_par' dir='ltr' id='par_1_1' title="bbox 824 486 2498 569">
     <span class='ocr_line' id='line_1_1' title="bbox 824 486 2498 569; baseline 0 -2"><span class='ocrx_word' id='word_1_1' title='bbox 824 501 1246 569; x_wconf 62' lang='lat' dir='ltr'>nmmum.</span> <span class='ocrx_word' id='word_1_2' title='bbox 1288 518 1472 567; x_wconf 81' lang='lat' dir='ltr'>ANN.</span> <span class='ocrx_word' id='word_1_3' title='bbox 1515 500 1834 567; x_wconf 58' lang='lat' dir='ltr'>Mccxu‘n</span> <span class='ocrx_word' id='word_1_4' title='bbox 2310 486 2498 569; x_wconf 54' lang='grc' dir='ltr'>ΜΗ</span> 
     </span>
    </p>
   </div>
   <div class='ocr_carea' id='block_1_2' title="bbox 364 770 2312 919">
    <p class='ocr_par' dir='ltr' id='par_1_2' title="bbox 364 770 2312 919">
     <span class='ocr_line' id='line_1_2' title="bbox 364 770 2312 833; baseline -0.003 0"><span class='ocrx_word' id='word_1_5' title='bbox 364 770 548 833; x_wconf 47' lang='lat' dir='ltr'>&amp;Kni-</span> <span class='ocrx_word' id='word_1_6' title='bbox 596 786 721 829; x_wconf 80' lang='lat' dir='ltr'>mc</span> <span class='ocrx_word' id='word_1_7' title='bbox 756 785 1125 831; x_wconf 72' lang='lat' dir='ltr'>INCIPIUNT</span> <span class='ocrx_word' id='word_1_8' title='bbox 1149 785 1519 830; x_wconf 70' lang='lat' dir='ltr'>INSTITUTA</span> <span class='ocrx_word' id='word_1_9' title='bbox 1541 778 1864 831; x_wconf 75' lang='lat' dir='ltr'>PRIORUM</span> <span class='ocrx_word' id='word_1_10' title='bbox 1887 776 2312 827; x_wconf 57' lang='lat' dir='ltr'>DUNELMENs</span> 
     </span>
     <span class='ocr_line' id='line_1_3' title="bbox 447 850 2217 919; baseline 0 -1"><span class='ocrx_word' id='word_1_11' title='bbox 447 875 541 918; x_wconf 76' lang='lat' dir='ltr'>SIS</span> <span class='ocrx_word' id='word_1_12' title='bbox 576 874 923 918; x_wconf 60' lang='lat' dir='ltr'>necue-511:</span> <span class='ocrx_word' id='word_1_13' title='bbox 956 874 1167 919; x_wconf 73' lang='lat' dir='ltr'>FACTA</span> <span class='ocrx_word' id='word_1_14' title='bbox 1198 872 1335 917; x_wconf 74' lang='lat' dir='ltr'>PER</span> <span class='ocrx_word' id='word_1_15' title='bbox 1378 873 1790 919; x_wconf 75' lang='lat' dir='ltr'>CONSENSUM</span> <span class='ocrx_word' id='word_1_16' title='bbox 1825 850 2217 919; x_wconf 64' lang='lat' dir='ltr'>CAPITULL*</span> 
     </span>
    </p>
   </div>
   <div class='ocr_carea' id='block_1_3' title="bbox 204 1018 2480 1458">
    <p class='ocr_par' dir='ltr' id='par_1_3' title="bbox 204 1018 2480 1458">
     <span class='ocr_line' id='line_1_4' title="bbox 286 1018 2475 1112; baseline -0.001 -20"><span class='ocrx_word' id='word_1_17' title='bbox 286 1026 709 1092; x_wconf 87' lang='lat' dir='ltr'>Constitutum</span> <span class='ocrx_word' id='word_1_18' title='bbox 755 1040 852 1091; x_wconf 91' lang='lat' dir='ltr'>est</span> <span class='ocrx_word' id='word_1_19' title='bbox 883 1024 947 1091; x_wconf 91' lang='lat' dir='ltr'>in</span> <span class='ocrx_word' id='word_1_20' title='bbox 982 1024 1285 1112; x_wconf 86' lang='lat' dir='ltr'>Capitulo</span> <span class='ocrx_word' id='word_1_21' title='bbox 1316 1048 1357 1091; x_wconf 89' lang='lat' dir='ltr'>a</span> <span class='ocrx_word' id='word_1_22' title='bbox 1390 1018 1616 1091; x_wconf 81' lang='lat' dir='ltr'>Priore</span> <span class='ocrx_word' id='word_1_23' title='bbox 1649 1020 1976 1091; x_wconf 75' lang='lat' dir='ltr'>Absalone</span> <span class='ocrx_word' id='word_1_24' title='bbox 2007 1034 2075 1089; x_wconf 80' lang='lat' dir='ltr'>et</span> <span class='ocrx_word' id='word_1_25' title='bbox 2111 1024 2475 1103; x_wconf 83' lang='lat' dir='ltr'>Conventu&#39;,</span> 
     </span>
     <span class='ocr_line' id='line_1_5' title="bbox 212 1104 2480 1202; baseline 0.001 -27"><span class='ocrx_word' id='word_1_26' title='bbox 212 1118 290 1189; x_wconf 71' lang='lat' dir='ltr'>ut,</span> <span class='ocrx_word' id='word_1_27' title='bbox 319 1116 377 1176; x_wconf 94' lang='lat' dir='ltr'>in</span> <span class='ocrx_word' id='word_1_28' title='bbox 426 1110 751 1191; x_wconf 87' lang='lat' dir='ltr'>mandato,</span> <span class='ocrx_word' id='word_1_29' title='bbox 785 1116 983 1202; x_wconf 12' lang='lat' dir='ltr'>quod*</span> <span class='ocrx_word' id='word_1_30' title='bbox 1014 1114 1088 1177; x_wconf 81' lang='lat' dir='ltr'>fit</span> <span class='ocrx_word' id='word_1_31' title='bbox 1135 1114 1200 1177; x_wconf 87' lang='lat' dir='ltr'>in</span> <span class='ocrx_word' id='word_1_32' title='bbox 1252 1126 1441 1178; x_wconf 82' lang='lat' dir='ltr'>coena</span> <span class='ocrx_word' id='word_1_33' title='bbox 1472 1104 1760 1190; x_wconf 90' lang='lat' dir='ltr'>Domini,</span> <span class='ocrx_word' id='word_1_34' title='bbox 1797 1112 2226 1199; x_wconf 84' lang='lat' dir='ltr'>unusquisque</span> <span class='ocrx_word' id='word_1_35' title='bbox 2259 1134 2480 1177; x_wconf 87' lang='lat' dir='ltr'>mona-</span> 
     </span>
     <span class='ocr_line' id='line_1_6' title="bbox 209 1196 2479 1288; baseline -0.001 -25"><span class='ocrx_word' id='word_1_36' title='bbox 209 1200 339 1263; x_wconf 86' lang='lat' dir='ltr'>chus</span> <span class='ocrx_word' id='word_1_37' title='bbox 384 1202 539 1265; x_wconf 71' lang='lat' dir='ltr'>duos</span> <span class='ocrx_word' id='word_1_38' title='bbox 595 1224 911 1288; x_wconf 81' lang='lat' dir='ltr'>pauperes</span> <span class='ocrx_word' id='word_1_39' title='bbox 963 1196 1198 1267; x_wconf 85' lang='lat' dir='ltr'>habeat</span> <span class='ocrx_word' id='word_1_40' title='bbox 1252 1212 1317 1265; x_wconf 81' lang='lat' dir='ltr'>e‘t</span> <span class='ocrx_word' id='word_1_41' title='bbox 1372 1223 1485 1265; x_wconf 86' lang='lat' dir='ltr'>sex</span> <span class='ocrx_word' id='word_1_42' title='bbox 1539 1200 1857 1276; x_wconf 72' lang='lat' dir='ltr'>denarios,</span> <span class='ocrx_word' id='word_1_43' title='bbox 1914 1210 2132 1263; x_wconf 87' lang='lat' dir='ltr'>ternos</span> <span class='ocrx_word' id='word_1_44' title='bbox 2183 1196 2479 1264; x_wconf 79' lang='lat' dir='ltr'>denarios</span> 
     </span>
     <span class='ocr_line' id='line_1_7' title="bbox 207 1281 2478 1375; baseline 0.001 -28"><span class='ocrx_word' id='word_1_45' title='bbox 207 1285 285 1349; x_wconf 76' lang='lat' dir='ltr'>sin</span> <span class='ocrx_word' id='word_1_46' title='bbox 328 1286 437 1351; x_wconf 87' lang='lat' dir='ltr'>ulis</span> <span class='ocrx_word' id='word_1_47' title='bbox 466 1287 628 1352; x_wconf 87' lang='lat' dir='ltr'>dans</span> <span class='ocrx_word' id='word_1_48' title='bbox 656 1281 1068 1375; x_wconf 81' lang='lat' dir='ltr'>pauperibus,</span> <span class='ocrx_word' id='word_1_49' title='bbox 1166 1286 1251 1351; x_wconf 89' lang='lat' dir='ltr'>Et</span> <span class='ocrx_word' id='word_1_50' title='bbox 1284 1286 1366 1351; x_wconf 86' lang='lat' dir='ltr'>ad</span> <span class='ocrx_word' id='word_1_51' title='bbox 1397 1288 1520 1351; x_wconf 88' lang='lat' dir='ltr'>hoc</span> <span class='ocrx_word' id='word_1_52' title='bbox 1551 1285 1898 1371; x_wconf 83' lang='lat' dir='ltr'>assignavit</span> <span class='ocrx_word' id='word_1_53' title='bbox 1928 1286 2089 1351; x_wconf 86' lang='lat' dir='ltr'>duas</span> <span class='ocrx_word' id='word_1_54' title='bbox 2121 1302 2362 1350; x_wconf 82' lang='lat' dir='ltr'>marcas</span> <span class='ocrx_word' id='word_1_55' title='bbox 2394 1286 2478 1351; x_wconf 65' lang='grc' dir='ltr'>(κέ</span> 
     </span>
     <span class='ocr_line' id='line_1_8' title="bbox 204 1371 2346 1458; baseline 0 -22"><span class='ocrx_word' id='word_1_56' title='bbox 204 1391 267 1437; x_wconf 83' lang='lat' dir='ltr'>ec</span> <span class='ocrx_word' id='word_1_57' title='bbox 318 1374 437 1439; x_wconf 72' lang='lat' dir='ltr'>ecia</span> <span class='ocrx_word' id='word_1_58' title='bbox 461 1372 543 1439; x_wconf 90' lang='lat' dir='ltr'>de</span> <span class='ocrx_word' id='word_1_59' title='bbox 578 1372 807 1454; x_wconf 79' lang='lat' dir='ltr'>Aclea,</span> <span class='ocrx_word' id='word_1_60' title='bbox 840 1380 909 1441; x_wconf 87' lang='lat' dir='ltr'>et</span> <span class='ocrx_word' id='word_1_61' title='bbox 939 1378 1031 1439; x_wconf 58' lang='lat' dir='ltr'>xx}</span> <span class='ocrx_word' id='word_1_62' title='bbox 1056 1371 1353 1439; x_wconf 85' lang='lat' dir='ltr'>denarios</span> <span class='ocrx_word' id='word_1_63' title='bbox 1384 1372 1467 1439; x_wconf 90' lang='lat' dir='ltr'>de</span> <span class='ocrx_word' id='word_1_64' title='bbox 1499 1372 1650 1439; x_wconf 73' lang='lat' dir='ltr'>villa</span> <span class='ocrx_word' id='word_1_65' title='bbox 1678 1374 1761 1439; x_wconf 82' lang='lat' dir='ltr'>de</span> <span class='ocrx_word' id='word_1_66' title='bbox 1794 1372 2346 1458; x_wconf 78' lang='lat' dir='ltr'>Crarnelingtona.·</span> 
     </span>
    </p>
   </div>
   <div class='ocr_carea' id='block_1_4' title="bbox 610 1538 2040 1615">
    <p class='ocr_par' dir='ltr' id='par_1_4' title="bbox 610 1538 2040 1615">
     <span class='ocr_line' id='line_1_9' title="bbox 610 1538 2040 1615; baseline -0.002 0"><span class='ocrx_word' id='word_1_67' title='bbox 610 1546 981 1615; x_wconf 72' lang='lat' dir='ltr'>Constitue-io</span> <span class='ocrx_word' id='word_1_68' title='bbox 1014 1538 1327 1615; x_wconf 75' lang='lat' dir='ltr'>Germam‘</span> <span class='ocrx_word' id='word_1_69' title='bbox 1344 1552 1601 1615; x_wconf 72' lang='lat' dir='ltr'>Prior-is</span> <span class='ocrx_word' id='word_1_70' title='bbox 1627 1548 1702 1613; x_wconf 82' lang='lat' dir='ltr'>de</span> <span class='ocrx_word' id='word_1_71' title='bbox 1730 1550 2040 1613; x_wconf 79' lang='lat' dir='ltr'>mandato.-</span> 
     </span>
    </p>
   </div>
   <div class='ocr_carea' id='block_1_5' title="bbox 199 1680 2478 1947">
    <p class='ocr_par' dir='ltr' id='par_1_5' title="bbox 199 1680 2478 1947">
     <span class='ocr_line' id='line_1_10' title="bbox 272 1680 2478 1772; baseline 0.001 -27"><span class='ocrx_word' id='word_1_72' title='bbox 272 1680 507 1747; x_wconf 89' lang='lat' dir='ltr'>Deinde</span> <span class='ocrx_word' id='word_1_73' title='bbox 564 1684 901 1749; x_wconf 80' lang='lat' dir='ltr'>constituit</span> <span class='ocrx_word' id='word_1_74' title='bbox 930 1686 1297 1752; x_wconf 70' lang='lat' dir='ltr'>Germanus</span> <span class='ocrx_word' id='word_1_75' title='bbox 1332 1683 1518 1748; x_wconf 89' lang='lat' dir='ltr'>Prior</span> <span class='ocrx_word' id='word_1_76' title='bbox 1564 1696 1636 1749; x_wconf 90' lang='lat' dir='ltr'>ut</span> <span class='ocrx_word' id='word_1_77' title='bbox 1668 1685 2096 1772; x_wconf 83' lang='lat' dir='ltr'>unusquisque</span> <span class='ocrx_word' id='word_1_78' title='bbox 2128 1684 2478 1749; x_wconf 66' lang='lat' dir='ltr'>monachus</span> 
     </span>
     <span class='ocr_line' id='line_1_11' title="bbox 199 1767 2473 1857; baseline 0.005 -29"><span class='ocrx_word' id='word_1_79' title='bbox 199 1767 251 1831; x_wconf 84' lang='lat' dir='ltr'>in</span> <span class='ocrx_word' id='word_1_80' title='bbox 293 1771 597 1853; x_wconf 83' lang='lat' dir='ltr'>praedic&#39;to</span> <span class='ocrx_word' id='word_1_81' title='bbox 644 1772 949 1837; x_wconf 87' lang='lat' dir='ltr'>mandato</span> <span class='ocrx_word' id='word_1_82' title='bbox 1002 1786 1131 1835; x_wconf 81' lang='lat' dir='ltr'>tres</span> <span class='ocrx_word' id='word_1_83' title='bbox 1179 1794 1491 1857; x_wconf 80' lang='lat' dir='ltr'><strong>pauperes</strong></span> <span class='ocrx_word' id='word_1_84' title='bbox 1522 1772 1757 1837; x_wconf 87' lang='lat' dir='ltr'>habeat</span> <span class='ocrx_word' id='word_1_85' title='bbox 1787 1784 1856 1836; x_wconf 90' lang='lat' dir='ltr'>et</span> <span class='ocrx_word' id='word_1_86' title='bbox 1885 1794 2120 1837; x_wconf 87' lang='lat' dir='ltr'>novem</span> <span class='ocrx_word' id='word_1_87' title='bbox 2151 1772 2473 1839; x_wconf 65' lang='lat' dir='ltr'>denarium</span> 
     </span>
     <span class='ocr_line' id='line_1_12' title="bbox 200 1854 1834 1947; baseline 0.006 -31"><span class='ocrx_word' id='word_1_88' title='bbox 200 1854 269 1917; x_wconf 86' lang='lat' dir='ltr'>Et</span> <span class='ocrx_word' id='word_1_89' title='bbox 296 1857 369 1921; x_wconf 84' lang='lat' dir='ltr'>ad</span> <span class='ocrx_word' id='word_1_90' title='bbox 398 1859 518 1922; x_wconf 90' lang='lat' dir='ltr'>hoc</span> <span class='ocrx_word' id='word_1_91' title='bbox 543 1858 893 1947; x_wconf 75' lang='lat' dir='ltr'>assignavit</span> <span class='ocrx_word' id='word_1_92' title='bbox 924 1866 1035 1921; x_wconf 68' lang='lat' dir='ltr'>xv·</span> <span class='ocrx_word' id='word_1_93' title='bbox 1059 1860 1141 1923; x_wconf 90' lang='lat' dir='ltr'>de</span> <span class='ocrx_word' id='word_1_94' title='bbox 1172 1859 1419 1945; x_wconf 65' lang='lat' dir='ltr'>capella</span> <span class='ocrx_word' id='word_1_95' title='bbox 1448 1860 1533 1924; x_wconf 90' lang='lat' dir='ltr'>de</span> <span class='ocrx_word' id='word_1_96' title='bbox 1563 1861 1834 1925; x_wconf 69' lang='lat' dir='ltr'>Ertonaa</span> 
     </span>
    </p>
   </div>
   <div class='ocr_carea' id='block_1_6' title="bbox 177 2022 2469 3476">
    <p class='ocr_par' dir='ltr' id='par_1_6' title="bbox 594 2022 2034 2100">
     <span class='ocr_line' id='line_1_13' title="bbox 594 2022 2034 2100; baseline 0.001 -3"><span class='ocrx_word' id='word_1_97' title='bbox 594 2022 966 2097; x_wconf 77' lang='lat' dir='ltr'>Constitucio</span> <span class='ocrx_word' id='word_1_98' title='bbox 988 2022 1312 2099; x_wconf 74' lang='lat' dir='ltr'>Bertrami</span> <span class='ocrx_word' id='word_1_99' title='bbox 1338 2030 1593 2098; x_wconf 70' lang='lat' dir='ltr'>Prioris</span> <span class='ocrx_word' id='word_1_100' title='bbox 1621 2032 1694 2099; x_wconf 86' lang='lat' dir='ltr'>de</span> <span class='ocrx_word' id='word_1_101' title='bbox 1723 2024 2034 2100; x_wconf 64' lang='lat' dir='ltr'>mandato.</span> 
     </span>
    </p>

    <p class='ocr_par' dir='ltr' id='par_1_7' title="bbox 177 2152 2469 3476">
     <span class='ocr_line' id='line_1_14' title="bbox 264 2152 2468 2255; baseline -0 -23"><span class='ocrx_word' id='word_1_102' title='bbox 264 2152 568 2234; x_wconf 80' lang='lat' dir='ltr'>Dominus</span> <span class='ocrx_word' id='word_1_103' title='bbox 600 2156 976 2234; x_wconf 85' lang='lat' dir='ltr'>Bertramus</span> <span class='ocrx_word' id='word_1_104' title='bbox 1010 2168 1217 2246; x_wconf 86' lang='lat' dir='ltr'><strong>Prior,</strong></span> <span class='ocrx_word' id='word_1_105' title='bbox 1251 2190 1397 2232; x_wconf 89' lang='lat' dir='ltr'>cum</span> <span class='ocrx_word' id='word_1_106' title='bbox 1421 2168 1690 2233; x_wconf 90' lang='lat' dir='ltr'>consilio</span> <span class='ocrx_word' id='word_1_107' title='bbox 1720 2182 1786 2233; x_wconf 88' lang='lat' dir='ltr'>et</span> <span class='ocrx_word' id='word_1_108' title='bbox 1810 2190 2122 2234; x_wconf 86' lang='lat' dir='ltr'>consensu</span> <span class='ocrx_word' id='word_1_109' title='bbox 2159 2152 2468 2255; x_wconf 81' lang='lat' dir='ltr'>Capituli,</span> 
     </span>
     <span class='ocr_line' id='line_1_15' title="bbox 192 2254 2469 2345; baseline 0.004 -32"><span class='ocrx_word' id='word_1_110' title='bbox 192 2257 383 2318; x_wconf 84' lang='lat' dir='ltr'>statuit</span> <span class='ocrx_word' id='word_1_111' title='bbox 432 2272 503 2320; x_wconf 89' lang='lat' dir='ltr'>ut</span> <span class='ocrx_word' id='word_1_112' title='bbox 552 2258 990 2343; x_wconf 86' lang='lat' dir='ltr'>unusquisque</span> <span class='ocrx_word' id='word_1_113' title='bbox 1040 2254 1391 2319; x_wconf 85' lang='lat' dir='ltr'>monachus</span> <span class='ocrx_word' id='word_1_114' title='bbox 1443 2254 1510 2319; x_wconf 92' lang='lat' dir='ltr'>in</span> <span class='ocrx_word' id='word_1_115' title='bbox 1561 2256 1871 2345; x_wconf 78' lang='lat' dir='ltr'>praedicto</span> <span class='ocrx_word' id='word_1_116' title='bbox 1904 2258 2210 2322; x_wconf 89' lang='lat' dir='ltr'>mandato</span> <span class='ocrx_word' id='word_1_117' title='bbox 2242 2280 2278 2318; x_wconf 86' lang='lat' dir='ltr'>v</span> <span class='ocrx_word' id='word_1_118' title='bbox 2310 2278 2469 2341; x_wconf 87' lang='lat' dir='ltr'>pau-</span> 
     </span>
     <span class='ocr_line' id='line_1_16' title="bbox 191 2342 2463 2427; baseline 0.002 -25"><span class='ocrx_word' id='word_1_119' title='bbox 191 2360 343 2420; x_wconf 84' lang='lat' dir='ltr'>peres</span> <span class='ocrx_word' id='word_1_120' title='bbox 372 2342 629 2412; x_wconf 88' lang='lat' dir='ltr'>habeat.</span> <span class='ocrx_word' id='word_1_121' title='bbox 714 2344 799 2407; x_wconf 88' lang='lat' dir='ltr'>Et</span> <span class='ocrx_word' id='word_1_122' title='bbox 832 2346 913 2407; x_wconf 89' lang='lat' dir='ltr'>ad</span> <span class='ocrx_word' id='word_1_123' title='bbox 938 2342 1062 2407; x_wconf 87' lang='lat' dir='ltr'>hoc</span> <span class='ocrx_word' id='word_1_124' title='bbox 1092 2342 1434 2427; x_wconf 78' lang='lat' dir='ltr'>assignavit</span> <span class='ocrx_word' id='word_1_125' title='bbox 1460 2346 1576 2405; x_wconf 80' lang='lat' dir='ltr'>xx&#39;</span> <span class='ocrx_word' id='word_1_126' title='bbox 1601 2342 1925 2409; x_wconf 83' lang='lat' dir='ltr'>annuatim</span> <span class='ocrx_word' id='word_1_127' title='bbox 1951 2344 2034 2408; x_wconf 89' lang='lat' dir='ltr'>de</span> <span class='ocrx_word' id='word_1_128' title='bbox 2059 2344 2265 2409; x_wconf 83' lang='lat' dir='ltr'>bladis</span> <span class='ocrx_word' id='word_1_129' title='bbox 2289 2358 2354 2409; x_wconf 90' lang='lat' dir='ltr'>et</span> <span class='ocrx_word' id='word_1_130' title='bbox 2379 2344 2463 2421; x_wconf 84' lang='lat' dir='ltr'>de</span> 
     </span>
     <span class='ocr_line' id='line_1_17' title="bbox 190 2425 2462 2509; baseline 0.004 -23"><span class='ocrx_word' id='word_1_131' title='bbox 190 2425 425 2492; x_wconf 82' lang='lat' dir='ltr'>fristuris</span> <span class='ocrx_word' id='word_1_132' title='bbox 467 2430 552 2495; x_wconf 89' lang='lat' dir='ltr'>de</span> <span class='ocrx_word' id='word_1_133' title='bbox 606 2430 907 2495; x_wconf 85' lang='lat' dir='ltr'>Hewrth.</span> <span class='ocrx_word' id='word_1_134' title='bbox 1004 2430 1091 2494; x_wconf 92' lang='lat' dir='ltr'>Et</span> <span class='ocrx_word' id='word_1_135' title='bbox 1136 2429 1491 2507; x_wconf 84' lang='lat' dir='ltr'>constituit,</span> <span class='ocrx_word' id='word_1_136' title='bbox 1534 2446 1605 2493; x_wconf 92' lang='lat' dir='ltr'>ut</span> <span class='ocrx_word' id='word_1_137' title='bbox 1635 2428 1990 2509; x_wconf 69' lang='lat' dir='ltr'>annuatia),</span> <span class='ocrx_word' id='word_1_138' title='bbox 2025 2432 2087 2495; x_wconf 88' lang='lat' dir='ltr'>in</span> <span class='ocrx_word' id='word_1_139' title='bbox 2118 2432 2223 2495; x_wconf 88' lang='lat' dir='ltr'>die</span> <span class='ocrx_word' id='word_1_140' title='bbox 2259 2430 2462 2495; x_wconf 85' lang='lat' dir='ltr'>sancti</span> 
     </span>
     <span class='ocr_line' id='line_1_18' title="bbox 192 2513 2464 2605; baseline 0.004 -30"><span class='ocrx_word' id='word_1_141' title='bbox 192 2513 497 2581; x_wconf 76' lang='lat' dir='ltr'>cuthberti</span> <span class='ocrx_word' id='word_1_142' title='bbox 530 2518 599 2581; x_wconf 91' lang='lat' dir='ltr'>in</span> <span class='ocrx_word' id='word_1_143' title='bbox 632 2516 1143 2605; x_wconf 83' lang='lat' dir='ltr'>quadragesima,</span> <span class='ocrx_word' id='word_1_144' title='bbox 1176 2528 1522 2603; x_wconf 77' lang='lat' dir='ltr'>pascantur</span> <span class='ocrx_word' id='word_1_145' title='bbox 1547 2536 1808 2583; x_wconf 88' lang='lat' dir='ltr'>centum</span> <span class='ocrx_word' id='word_1_146' title='bbox 1849 2526 2157 2605; x_wconf 81' lang='lat' dir='ltr'>pauperes</span> <span class='ocrx_word' id='word_1_147' title='bbox 2188 2516 2252 2583; x_wconf 92' lang='lat' dir='ltr'>in</span> <span class='ocrx_word' id='word_1_148' title='bbox 2284 2518 2464 2583; x_wconf 83' lang='lat' dir='ltr'>curia</span> 
     </span>
     <span class='ocr_line' id='line_1_19' title="bbox 191 2598 2459 2693; baseline 0.003 -30"><span class='ocrx_word' id='word_1_149' title='bbox 191 2600 377 2665; x_wconf 82' lang='lat' dir='ltr'>Sancti</span> <span class='ocrx_word' id='word_1_150' title='bbox 430 2603 801 2683; x_wconf 76' lang='lat' dir='ltr'>cuthberti,</span> <span class='ocrx_word' id='word_1_151' title='bbox 858 2619 925 2669; x_wconf 91' lang='lat' dir='ltr'>et</span> <span class='ocrx_word' id='word_1_152' title='bbox 972 2605 1239 2669; x_wconf 88' lang='lat' dir='ltr'>totidem</span> <span class='ocrx_word' id='word_1_153' title='bbox 1290 2602 1357 2668; x_wconf 89' lang='lat' dir='ltr'>in</span> <span class='ocrx_word' id='word_1_154' title='bbox 1396 2598 1860 2671; x_wconf 85' lang='lat' dir='ltr'>Translacione</span> <span class='ocrx_word' id='word_1_155' title='bbox 1892 2604 2197 2693; x_wconf 78' lang='lat' dir='ltr'>ejusdem.</span> <span class='ocrx_word' id='word_1_156' title='bbox 2289 2606 2459 2671; x_wconf 77' lang='lat' dir='ltr'>Itet&#39;n</span> 
     </span>
     <span class='ocr_line' id='line_1_20' title="bbox 186 2688 2460 2777; baseline 0.004 -28"><span class='ocrx_word' id='word_1_157' title='bbox 186 2690 497 2771; x_wconf 84' lang='lat' dir='ltr'>constituit,</span> <span class='ocrx_word' id='word_1_158' title='bbox 532 2715 687 2757; x_wconf 85' lang='lat' dir='ltr'>cum</span> <span class='ocrx_word' id='word_1_159' title='bbox 733 2692 999 2771; x_wconf 76' lang='lat' dir='ltr'>oonsilio</span> <span class='ocrx_word' id='word_1_160' title='bbox 1034 2688 1338 2777; x_wconf 78' lang='lat' dir='ltr'>Capituli,</span> <span class='ocrx_word' id='word_1_161' title='bbox 1372 2690 1786 2758; x_wconf 84' lang='lat' dir='ltr'>festivitatem</span> <span class='ocrx_word' id='word_1_162' title='bbox 1824 2694 2130 2759; x_wconf 89' lang='lat' dir='ltr'>Omnium</span> <span class='ocrx_word' id='word_1_163' title='bbox 2187 2690 2460 2758; x_wconf 77' lang='lat' dir='ltr'>Sancto-</span> 
     </span>
     <span class='ocr_line' id='line_1_21' title="bbox 186 2774 2460 2865; baseline 0.004 -29"><span class='ocrx_word' id='word_1_164' title='bbox 186 2794 301 2838; x_wconf 86' lang='lat' dir='ltr'>rum</span> <span class='ocrx_word' id='word_1_165' title='bbox 352 2779 791 2863; x_wconf 85' lang='lat' dir='ltr'>principalem,</span> <span class='ocrx_word' id='word_1_166' title='bbox 826 2793 893 2842; x_wconf 91' lang='lat' dir='ltr'>et</span> <span class='ocrx_word' id='word_1_167' title='bbox 945 2778 1359 2843; x_wconf 85' lang='lat' dir='ltr'>festivitatem</span> <span class='ocrx_word' id='word_1_168' title='bbox 1414 2774 1896 2865; x_wconf 80' lang='lat' dir='ltr'>Purificacionis</span> <span class='ocrx_word' id='word_1_169' title='bbox 1953 2783 2165 2845; x_wconf 83' lang='lat' dir='ltr'>beatae</span> <span class='ocrx_word' id='word_1_170' title='bbox 2225 2780 2460 2845; x_wconf 79' lang='lat' dir='ltr'>Mariae‘</span> 
     </span>
     <span class='ocr_line' id='line_1_22' title="bbox 192 2860 2456 2949; baseline 0.003 -25"><span class='ocrx_word' id='word_1_171' title='bbox 192 2860 433 2947; x_wconf 63' lang='lat' dir='ltr'>Virginis</span> <span class='ocrx_word' id='word_1_172' title='bbox 456 2864 776 2931; x_wconf 83' lang='lat' dir='ltr'>similiter.</span> <span class='ocrx_word' id='word_1_173' title='bbox 854 2866 943 2931; x_wconf 76' lang='lat' dir='ltr'>Et</span> <span class='ocrx_word' id='word_1_174' title='bbox 972 2868 1039 2931; x_wconf 90' lang='lat' dir='ltr'>in</span> <span class='ocrx_word' id='word_1_175' title='bbox 1078 2865 1590 2932; x_wconf 85' lang='lat' dir='ltr'>Annuntiacione</span> <span class='ocrx_word' id='word_1_176' title='bbox 1621 2881 1688 2933; x_wconf 88' lang='lat' dir='ltr'>et</span> <span class='ocrx_word' id='word_1_177' title='bbox 1718 2866 1780 2931; x_wconf 88' lang='lat' dir='ltr'>in</span> <span class='ocrx_word' id='word_1_178' title='bbox 1817 2866 2174 2933; x_wconf 85' lang='lat' dir='ltr'>Nativitate</span> <span class='ocrx_word' id='word_1_179' title='bbox 2201 2870 2456 2949; x_wconf 74' lang='lat' dir='ltr'>Sanctae</span> 
     </span>
     <span class='ocr_line' id='line_1_23' title="bbox 188 2946 2454 3037; baseline 0.003 -25"><span class='ocrx_word' id='word_1_180' title='bbox 188 2946 387 3014; x_wconf 85' lang='lat' dir='ltr'>Mariae</span> <span class='ocrx_word' id='word_1_181' title='bbox 402 2975 645 3037; x_wconf 87' lang='lat' dir='ltr'>panem</span> <span class='ocrx_word' id='word_1_182' title='bbox 670 2953 1057 3037; x_wconf 86' lang='lat' dir='ltr'>dominicum</span> <span class='ocrx_word' id='word_1_183' title='bbox 1082 2954 1147 3017; x_wconf 92' lang='lat' dir='ltr'>in</span> <span class='ocrx_word' id='word_1_184' title='bbox 1177 2953 1572 3022; x_wconf 81' lang='lat' dir='ltr'>RefectoriO.</span> <span class='ocrx_word' id='word_1_185' title='bbox 1644 2950 1730 3020; x_wconf 88' lang='lat' dir='ltr'>Et</span> <span class='ocrx_word' id='word_1_186' title='bbox 1755 2955 1820 3019; x_wconf 86' lang='lat' dir='ltr'>in</span> <span class='ocrx_word' id='word_1_187' title='bbox 1849 2957 2148 3019; x_wconf 81' lang='lat' dir='ltr'>Adventu</span> <span class='ocrx_word' id='word_1_188' title='bbox 2181 2952 2454 3019; x_wconf 83' lang='lat' dir='ltr'>Domini</span> 
     </span>
     <span class='ocr_line' id='line_1_24' title="bbox 183 3034 2458 3126; baseline 0.004 -30"><span class='ocrx_word' id='word_1_189' title='bbox 183 3036 313 3101; x_wconf 80' lang='lat' dir='ltr'>etin</span> <span class='ocrx_word' id='word_1_190' title='bbox 345 3038 835 3126; x_wconf 73' lang='lat' dir='ltr'>septuagesima</span> <span class='ocrx_word' id='word_1_191' title='bbox 865 3041 1176 3106; x_wconf 80' lang='lat' dir='ltr'>wastellas</span> <span class='ocrx_word' id='word_1_192' title='bbox 1206 3055 1273 3106; x_wconf 88' lang='lat' dir='ltr'>et</span> <span class='ocrx_word' id='word_1_193' title='bbox 1318 3041 1494 3105; x_wconf 79' lang='lat' dir='ltr'>albas</span> <span class='ocrx_word' id='word_1_194' title='bbox 1540 3034 1742 3119; x_wconf 83' lang='lat' dir='ltr'>fabas,</span> <span class='ocrx_word' id='word_1_195' title='bbox 1775 3044 1942 3105; x_wconf 84' lang='lat' dir='ltr'>sieut</span> <span class='ocrx_word' id='word_1_196' title='bbox 1973 3046 2037 3104; x_wconf 89' lang='lat' dir='ltr'>in</span> <span class='ocrx_word' id='word_1_197' title='bbox 2077 3042 2458 3125; x_wconf 67' lang='lat' dir='ltr'>Quam-age·-</span> 
     </span>
     <span class='ocr_line' id='line_1_25' title="bbox 181 3124 2454 3213; baseline 0.004 -32"><span class='ocrx_word' id='word_1_198' title='bbox 181 3124 326 3188; x_wconf 86' lang='lat' dir='ltr'>sima.</span> <span class='ocrx_word' id='word_1_199' title='bbox 416 3128 665 3193; x_wconf 82' lang='lat' dir='ltr'>Statuit</span> <span class='ocrx_word' id='word_1_200' title='bbox 718 3127 933 3207; x_wconf 81' lang='lat' dir='ltr'>etiam,</span> <span class='ocrx_word' id='word_1_201' title='bbox 980 3141 1072 3206; x_wconf 86' lang='lat' dir='ltr'>ut,</span> <span class='ocrx_word' id='word_1_202' title='bbox 1108 3129 1171 3191; x_wconf 92' lang='lat' dir='ltr'>in</span> <span class='ocrx_word' id='word_1_203' title='bbox 1216 3126 1320 3192; x_wconf 90' lang='lat' dir='ltr'>die</span> <span class='ocrx_word' id='word_1_204' title='bbox 1373 3127 1771 3206; x_wconf 84' lang='lat' dir='ltr'>Animarum,</span> <span class='ocrx_word' id='word_1_205' title='bbox 1806 3143 2148 3213; x_wconf 84' lang='lat' dir='ltr'>pascantur</span> <span class='ocrx_word' id='word_1_206' title='bbox 2193 3144 2454 3192; x_wconf 89' lang='lat' dir='ltr'>centum</span> 
     </span>
     <span class='ocr_line' id='line_1_26' title="bbox 180 3208 2449 3303; baseline 0.001 -26"><span class='ocrx_word' id='word_1_207' title='bbox 180 3228 455 3297; x_wconf 79' lang='lat' dir='ltr'>pauperes</span> <span class='ocrx_word' id='word_1_208' title='bbox 506 3216 575 3295; x_wconf 85' lang='lat' dir='ltr'>in</span> <span class='ocrx_word' id='word_1_209' title='bbox 628 3214 806 3279; x_wconf 83' lang='lat' dir='ltr'>curia</span> <span class='ocrx_word' id='word_1_210' title='bbox 860 3216 1079 3281; x_wconf 85' lang='lat' dir='ltr'>Sancti</span> <span class='ocrx_word' id='word_1_211' title='bbox 1113 3208 1479 3293; x_wconf 75' lang='lat' dir='ltr'>Cuthberti,</span> <span class='ocrx_word' id='word_1_212' title='bbox 1514 3215 1596 3281; x_wconf 93' lang='lat' dir='ltr'>de</span> <span class='ocrx_word' id='word_1_213' title='bbox 1649 3216 1882 3303; x_wconf 89' lang='lat' dir='ltr'>quibus</span> <span class='ocrx_word' id='word_1_214' title='bbox 1937 3215 2270 3300; x_wconf 84' lang='lat' dir='ltr'>sexaginta</span> <span class='ocrx_word' id='word_1_215' title='bbox 2321 3215 2449 3279; x_wconf 81' lang='lat' dir='ltr'>sint</span> 
     </span>
     <span class='ocr_line' id='line_1_27' title="bbox 180 3296 2452 3389; baseline 0.004 -32"><span class='ocrx_word' id='word_1_216' title='bbox 180 3296 379 3375; x_wconf 80' lang='lat' dir='ltr'>clerici,</span> <span class='ocrx_word' id='word_1_217' title='bbox 408 3301 519 3389; x_wconf 89' lang='lat' dir='ltr'>qui</span> <span class='ocrx_word' id='word_1_218' title='bbox 550 3300 894 3386; x_wconf 86' lang='lat' dir='ltr'>spsalteria</span> <span class='ocrx_word' id='word_1_219' title='bbox 928 3325 1043 3367; x_wconf 86' lang='lat' dir='ltr'>sua</span> <span class='ocrx_word' id='word_1_220' title='bbox 1066 3316 1326 3381; x_wconf 85' lang='lat' dir='ltr'>cantent</span> <span class='ocrx_word' id='word_1_221' title='bbox 1343 3324 1465 3386; x_wconf 87' lang='lat' dir='ltr'>pro</span> <span class='ocrx_word' id='word_1_222' title='bbox 1488 3302 1823 3368; x_wconf 85' lang='lat' dir='ltr'>animabus</span> <span class='ocrx_word' id='word_1_223' title='bbox 1846 3304 2132 3367; x_wconf 89' lang='lat' dir='ltr'>omnium</span> <span class='ocrx_word' id='word_1_224' title='bbox 2160 3302 2452 3367; x_wconf 85' lang='lat' dir='ltr'>fidelium</span> 
     </span>
     <span class='ocr_line' id='line_1_28' title="bbox 177 3381 2451 3476; baseline 0.004 -31"><span class='ocrx_word' id='word_1_225' title='bbox 177 3381 619 3453; x_wconf 83' lang='lat' dir='ltr'>defunctorum.</span> <span class='ocrx_word' id='word_1_226' title='bbox 708 3388 797 3452; x_wconf 91' lang='lat' dir='ltr'>Et</span> <span class='ocrx_word' id='word_1_227' title='bbox 826 3388 1121 3455; x_wconf 88' lang='lat' dir='ltr'>similiter</span> <span class='ocrx_word' id='word_1_228' title='bbox 1150 3389 1214 3453; x_wconf 92' lang='lat' dir='ltr'>in</span> <span class='ocrx_word' id='word_1_229' title='bbox 1244 3389 1521 3454; x_wconf 84' lang='lat' dir='ltr'>crastino</span> <span class='ocrx_word' id='word_1_230' title='bbox 1545 3390 1650 3455; x_wconf 85' lang='lat' dir='ltr'>die</span> <span class='ocrx_word' id='word_1_231' title='bbox 1677 3397 1794 3476; x_wconf 86' lang='lat' dir='ltr'>pr&#39;o</span> <span class='ocrx_word' id='word_1_232' title='bbox 1813 3390 2140 3455; x_wconf 83' lang='lat' dir='ltr'>animabus</span> <span class='ocrx_word' id='word_1_233' title='bbox 2165 3391 2451 3455; x_wconf 74' lang='lat' dir='ltr'>oninium</span> 
     </span>
    </p>
   </div>
   <div class='ocr_carea' id='block_1_7' title="bbox 175 3475 2448 3651">
    <p class='ocr_par' dir='ltr' id='par_1_8' title="bbox 175 3475 2448 3651">
     <span class='ocr_line' id='line_1_29' title="bbox 176 3475 2448 3565; baseline 0.003 -28"><span class='ocrx_word' id='word_1_234' title='bbox 176 3488 481 3552; x_wconf 80' lang='lat' dir='ltr'>parentum</span> <span class='ocrx_word' id='word_1_235' title='bbox 513 3490 585 3541; x_wconf 92' lang='lat' dir='ltr'>et</span> <span class='ocrx_word' id='word_1_236' title='bbox 614 3475 1099 3556; x_wconf 77' lang='lat' dir='ltr'>benefactorum</span> <span class='ocrx_word' id='word_1_237' title='bbox 1134 3492 1499 3543; x_wconf 88' lang='lat' dir='ltr'>nostrorum</span> <span class='ocrx_word' id='word_1_238' title='bbox 1531 3479 1669 3544; x_wconf 87' lang='lat' dir='ltr'>fiat.</span> <span class='ocrx_word' id='word_1_239' title='bbox 1766 3478 1853 3543; x_wconf 89' lang='lat' dir='ltr'>Et</span> <span class='ocrx_word' id='word_1_240' title='bbox 1879 3494 2152 3565; x_wconf 85' lang='lat' dir='ltr'>utroque</span> <span class='ocrx_word' id='word_1_241' title='bbox 2183 3479 2288 3543; x_wconf 67' lang='lat' dir='ltr'>dive</span> <span class='ocrx_word' id='word_1_242' title='bbox 2318 3478 2448 3543; x_wconf 86' lang='lat' dir='ltr'>sin-</span> 
     </span>
     <span class='ocr_line' id='line_1_30' title="bbox 175 3558 1530 3651; baseline 0.008 -31"><span class='ocrx_word' id='word_1_243' title='bbox 175 3558 284 3639; x_wconf 79' lang='lat' dir='ltr'>guli</span> <span class='ocrx_word' id='word_1_244' title='bbox 310 3560 521 3626; x_wconf 84' lang='lat' dir='ltr'>clerici</span> <span class='ocrx_word' id='word_1_245' title='bbox 552 3562 865 3648; x_wconf 84' lang='lat' dir='ltr'>recipiant</span> <span class='ocrx_word' id='word_1_246' title='bbox 893 3563 1175 3651; x_wconf 71' lang='lat' dir='ltr'>singulos</span> <span class='ocrx_word' id='word_1_247' title='bbox 1207 3562 1530 3631; x_wconf 68' lang='lat' dir='ltr'>denariose</span> 
     </span>
    </p>
   </div>
   <div class='ocr_carea' id='block_1_8' title="bbox 320 3734 2265 3909">
    <p class='ocr_par' dir='ltr' id='par_1_9' title="bbox 320 3734 2265 3909">
     <span class='ocr_line' id='line_1_31' title="bbox 320 3734 2265 3823; baseline 0.003 -23"><span class='ocrx_word' id='word_1_248' title='bbox 320 3735 695 3803; x_wconf 60' lang='lat' dir='ltr'>Constituere</span> <span class='ocrx_word' id='word_1_249' title='bbox 741 3734 1073 3821; x_wconf 73' lang='lat' dir='ltr'>Rodulphi</span> <span class='ocrx_word' id='word_1_250' title='bbox 1122 3742 1375 3805; x_wconf 69' lang='lat' dir='ltr'>Prior-is</span> <span class='ocrx_word' id='word_1_251' title='bbox 1420 3734 1494 3805; x_wconf 80' lang='lat' dir='ltr'>d&#39;e</span> <span class='ocrx_word' id='word_1_252' title='bbox 1521 3734 1838 3823; x_wconf 66' lang='lat' dir='ltr'>quarterio</span> <span class='ocrx_word' id='word_1_253' title='bbox 1865 3762 2074 3807; x_wconf 83' lang='lat' dir='ltr'>avenoe</span> <span class='ocrx_word' id='word_1_254' title='bbox 2105 3748 2265 3805; x_wconf 54' lang='grc' dir='ltr'>νυν</span> 
     </span>
     <span class='ocr_line' id='line_1_32' title="bbox 753 3829 1830 3909; baseline 0.004 -20"><span class='ocrx_word' id='word_1_255' title='bbox 753 3830 930 3909; x_wconf 75' lang='lat' dir='ltr'>equis</span> <span class='ocrx_word' id='word_1_256' title='bbox 959 3829 1307 3909; x_wconf 78' lang='lat' dir='ltr'>proebendo,</span> <span class='ocrx_word' id='word_1_257' title='bbox 1332 3836 1392 3892; x_wconf 79' lang='lat' dir='ltr'>et</span> <span class='ocrx_word' id='word_1_258' title='bbox 1416 3830 1499 3893; x_wconf 83' lang='lat' dir='ltr'>de</span> <span class='ocrx_word' id='word_1_259' title='bbox 1519 3832 1830 3893; x_wconf 80' lang='lat' dir='ltr'>mandato·</span> 
     </span>
    </p>
   </div>
   <div class='ocr_carea' id='block_1_9' title="bbox 171 3952 2442 4311">
    <p class='ocr_par' dir='ltr' id='par_1_10' title="bbox 171 3952 2442 4311">
     <span class='ocr_line' id='line_1_33' title="bbox 244 3952 2440 4047; baseline 0.001 -26"><span class='ocrx_word' id='word_1_260' title='bbox 244 3956 563 4023; x_wconf 72' lang='lat' dir='ltr'>statutum</span> <span class='ocrx_word' id='word_1_261' title='bbox 610 3976 709 4023; x_wconf 81' lang='lat' dir='ltr'>est</span> <span class='ocrx_word' id='word_1_262' title='bbox 739 3982 857 4045; x_wconf 86' lang='lat' dir='ltr'>per</span> <span class='ocrx_word' id='word_1_263' title='bbox 892 3952 1307 4045; x_wconf 80' lang='lat' dir='ltr'>Radulphum</span> <span class='ocrx_word' id='word_1_264' title='bbox 1346 3954 1658 4041; x_wconf 88' lang='lat' dir='ltr'>Priorem,</span> <span class='ocrx_word' id='word_1_265' title='bbox 1691 3962 1900 4047; x_wconf 89' lang='lat' dir='ltr'>primo</span> <span class='ocrx_word' id='word_1_266' title='bbox 1930 3981 2099 4026; x_wconf 87' lang='lat' dir='ltr'>anno</span> <span class='ocrx_word' id='word_1_267' title='bbox 2122 3960 2440 4045; x_wconf 80' lang='lat' dir='ltr'>prioratus</span> 
     </span>
     <span class='ocr_line' id='line_1_34' title="bbox 174 4041 2437 4135; baseline 0.001 -24"><span class='ocrx_word' id='word_1_268' title='bbox 174 4041 269 4117; x_wconf 73' lang='lat' dir='ltr'>Sui,</span> <span class='ocrx_word' id='word_1_269' title='bbox 322 4048 497 4131; x_wconf 81' lang='lat' dir='ltr'>quod</span> <span class='ocrx_word' id='word_1_270' title='bbox 558 4066 685 4111; x_wconf 75' lang='lat' dir='ltr'>vul</span> <span class='ocrx_word' id='word_1_271' title='bbox 746 4048 897 4135; x_wconf 88' lang='lat' dir='ltr'>equi</span> <span class='ocrx_word' id='word_1_272' title='bbox 958 4048 1243 4113; x_wconf 82' lang='lat' dir='ltr'>omnium</span> <span class='ocrx_word' id='word_1_273' title='bbox 1306 4050 1634 4134; x_wconf 83' lang='lat' dir='ltr'>hospitum</span> <span class='ocrx_word' id='word_1_274' title='bbox 1694 4050 1974 4114; x_wconf 87' lang='lat' dir='ltr'>habeant</span> <span class='ocrx_word' id='word_1_275' title='bbox 2042 4050 2437 4134; x_wconf 81' lang='lat' dir='ltr'>quarterium</span> 
     </span>
     <span class='ocr_line' id='line_1_35' title="bbox 172 4132 2440 4223; baseline 0.005 -35"><span class='ocrx_word' id='word_1_276' title='bbox 172 4148 381 4195; x_wconf 74' lang='lat' dir='ltr'>nvenae.</span> <span class='ocrx_word' id='word_1_277' title='bbox 472 4132 562 4197; x_wconf 90' lang='lat' dir='ltr'>Et</span> <span class='ocrx_word' id='word_1_278' title='bbox 615 4156 841 4199; x_wconf 89' lang='lat' dir='ltr'>omnes</span> <span class='ocrx_word' id='word_1_279' title='bbox 884 4134 1169 4222; x_wconf 86' lang='lat' dir='ltr'>hospites</span> <span class='ocrx_word' id='word_1_280' title='bbox 1215 4136 1755 4223; x_wconf 83' lang='lat' dir='ltr'>perhendinantes</span> <span class='ocrx_word' id='word_1_281' title='bbox 1800 4146 1918 4222; x_wconf 70' lang='lat' dir='ltr'>per‘</span> <span class='ocrx_word' id='word_1_282' title='bbox 1965 4132 2126 4199; x_wconf 78' lang='lat' dir='ltr'>duas</span> <span class='ocrx_word' id='word_1_283' title='bbox 2157 4135 2256 4199; x_wconf 84' lang='lat' dir='ltr'>vel</span> <span class='ocrx_word' id='word_1_284' title='bbox 2310 4149 2440 4200; x_wconf 85' lang='lat' dir='ltr'>tres</span> 
     </span>
     <span class='ocr_line' id='line_1_36' title="bbox 171 4220 2442 4311; baseline 0.006 -35"><span class='ocrx_word' id='word_1_285' title='bbox 171 4226 360 4281; x_wconf 78' lang='lat' dir='ltr'>noctes</span> <span class='ocrx_word' id='word_1_286' title='bbox 402 4220 691 4286; x_wconf 87' lang='lat' dir='ltr'>habeant</span> <span class='ocrx_word' id='word_1_287' title='bbox 734 4224 1005 4289; x_wconf 89' lang='lat' dir='ltr'>eandem</span> <span class='ocrx_word' id='word_1_288' title='bbox 1052 4224 1326 4289; x_wconf 83' lang='lat' dir='ltr'>assisam.</span> <span class='ocrx_word' id='word_1_289' title='bbox 1419 4224 1508 4289; x_wconf 91' lang='lat' dir='ltr'>Et</span> <span class='ocrx_word' id='word_1_290' title='bbox 1551 4223 1920 4311; x_wconf 79' lang='lat' dir='ltr'>quicunque</span> <span class='ocrx_word' id='word_1_291' title='bbox 1963 4222 2159 4288; x_wconf 82' lang='lat' dir='ltr'>fuerit</span> <span class='ocrx_word' id='word_1_292' title='bbox 2201 4244 2442 4289; x_wconf 85' lang='lat' dir='ltr'>mares-</span> 
     </span>
    </p>
   </div>
   <div class='ocr_carea' id='block_1_10' title="bbox 171 4392 2442 4537">
    <p class='ocr_par' dir='ltr' id='par_1_11' title="bbox 171 4392 2442 4537">
     <span class='ocr_line' id='line_1_37' title="bbox 172 4392 2442 4465; baseline 0.004 -23"><span class='ocrx_word' id='word_1_293' title='bbox 172 4454 183 4465; x_wconf 50' lang='lat'>.</span> <span class='ocrx_word' id='word_1_294' title='bbox 224 4392 249 4420; x_wconf 71' lang='lat'>¹</span> <span class='ocrx_word' id='word_1_295' title='bbox 282 4392 563 4447; x_wconf 76' lang='lat' dir='ltr'>Extracted</span> <span class='ocrx_word' id='word_1_296' title='bbox 582 4396 719 4448; x_wconf 81' lang='lat' dir='ltr'>from</span> <span class='ocrx_word' id='word_1_297' title='bbox 734 4398 825 4451; x_wconf 77' lang='lat' dir='ltr'>the</span> <span class='ocrx_word' id='word_1_298' title='bbox 850 4398 989 4451; x_wconf 81' lang='lat' dir='ltr'>M.s·.</span> <span class='ocrx_word' id='word_1_299' title='bbox 1023 4400 1089 4451; x_wconf 86' lang='lat' dir='ltr'>B.</span> <span class='ocrx_word' id='word_1_300' title='bbox 1110 4400 1215 4450; x_wconf 82' lang='lat' dir='ltr'>lv.</span> <span class='ocrx_word' id='word_1_301' title='bbox 1236 4402 1303 4449; x_wconf 78' lang='lat'>26</span> <span class='ocrx_word' id='word_1_302' title='bbox 1326 4400 1388 4451; x_wconf 76' lang='lat' dir='ltr'>of</span> <span class='ocrx_word' id='word_1_303' title='bbox 1421 4400 1520 4451; x_wconf 78' lang='lat' dir='ltr'>the</span> <span class='ocrx_word' id='word_1_304' title='bbox 1537 4400 1687 4451; x_wconf 74' lang='lat' dir='ltr'>‘Dean</span> <span class='ocrx_word' id='word_1_305' title='bbox 1723 4400 1823 4451; x_wconf 82' lang='lat' dir='ltr'>and</span> <span class='ocrx_word' id='word_1_306' title='bbox 1851 4398 2084 4465; x_wconf 84' lang='lat' dir='ltr'>Chapter</span> <span class='ocrx_word' id='word_1_307' title='bbox 2104 4398 2166 4450; x_wconf 79' lang='lat' dir='ltr'>of</span> <span class='ocrx_word' id='word_1_308' title='bbox 2181 4400 2442 4463; x_wconf 79' lang='lat' dir='ltr'>Durham,</span> 
     </span>
     <span class='ocr_line' id='line_1_38' title="bbox 171 4460 2437 4537; baseline 0.005 -29"><span class='ocrx_word' id='word_1_309' title='bbox 171 4468 215 4503; x_wconf 81' lang='lat' dir='ltr'>m</span> <span class='ocrx_word' id='word_1_310' title='bbox 241 4460 389 4523; x_wconf 57' lang='lat' dir='ltr'>vhich</span> <span class='ocrx_word' id='word_1_311' title='bbox 424 4464 579 4515; x_wconf 81' lang='lat' dir='ltr'>there</span> <span class='ocrx_word' id='word_1_312' title='bbox 608 4466 651 4516; x_wconf 74' lang='lat' dir='ltr'>is</span> <span class='ocrx_word' id='word_1_313' title='bbox 682 4466 789 4517; x_wconf 79' lang='lat' dir='ltr'>this</span> <span class='ocrx_word' id='word_1_314' title='bbox 822 4468 1313 4519; x_wconf 77' lang='lat' dir='ltr'>memorandum-‘⁸</span> <span class='ocrx_word' id='word_1_315' title='bbox 1333 4469 1445 4518; x_wconf 75' lang='lat' dir='ltr'>Iste</span> <span class='ocrx_word' id='word_1_316' title='bbox 1479 4468 1612 4519; x_wconf 78' lang='lat' dir='ltr'>liber</span> <span class='ocrx_word' id='word_1_317' title='bbox 1645 4470 1934 4537; x_wconf 80' lang='lat' dir='ltr'>assignatur</span> <span class='ocrx_word' id='word_1_318' title='bbox 1955 4468 2176 4519; x_wconf 69' lang='lat' dir='ltr'>librariae</span> <span class='ocrx_word' id='word_1_319' title='bbox 2199 4467 2333 4519; x_wconf 76' lang='lat' dir='ltr'>infra</span> <span class='ocrx_word' id='word_1_320' title='bbox 2357 4486 2437 4520; x_wconf 85' lang='lat' dir='ltr'>ca-</span> 
     </span>
    </p>
   </div>
   <div class='ocr_carea' id='block_1_11' title="bbox 172 4522 1712 4665">
    <p class='ocr_par' dir='ltr' id='par_1_12' title="bbox 172 4522 1712 4665">
     <span class='ocr_line' id='line_1_39' title="bbox 172 4522 1712 4665; baseline 0.004 -86"><span class='ocrx_word' id='word_1_321' title='bbox 172 4522 327 4587; x_wconf 75' lang='lat' dir='ltr'>pellam</span> <span class='ocrx_word' id='word_1_322' title='bbox 352 4522 560 4594; x_wconf 69' lang='lat' dir='ltr'>Prioria,</span> <span class='ocrx_word' id='word_1_323' title='bbox 582 4548 673 4598; x_wconf 78' lang='lat' dir='ltr'>per</span> <span class='ocrx_word' id='word_1_324' title='bbox 694 4528 733 4587; x_wconf 81' lang='lat' dir='ltr'>J</span> <span class='ocrx_word' id='word_1_325' title='bbox 736 4536 991 4589; x_wconf 82' lang='lat' dir='ltr'>ohannem</span> <span class='ocrx_word' id='word_1_326' title='bbox 1044 4534 1225 4600; x_wconf 83' lang='lat' dir='ltr'>Wessy</span> <span class='ocrx_word' id='word_1_327' title='bbox 1234 4542 1410 4665; x_wconf 59' lang='lat' dir='ltr'>{gtom</span> <span class='ocrx_word' id='word_1_328' title='bbox 1434 4536 1712 4589; x_wconf 84' lang='lat' dir='ltr'>Priorem.”</span> 
     </span>
     <span class='ocr_line' id='line_1_40' title="bbox 1148 4622 1184 4665; baseline 0 0"><span class='ocrx_word' id='word_1_329' title='bbox 1148 4622 1184 4665; x_wconf 89' lang='lat' dir='ltr'>C</span> 
     </span>
    </p>
   </div>
  </div>
 </body>
</html>
