3000 5117
456 415 664 491 ccclii
866 433 1072 484 msr.
1114 433 1477 485 DUNELM.
1520 424 1981 485 scmr‘ronas
2018 436 2234 511 Tuus·

454 600 808 685 cupientes,
835 610 906 661 ut
934 609 1269 673 tenemur-3
1301 616 1401 671 ne,
1427 593 1604 681 quod
1633 597 1822 672 absit,
1846 596 2031 661 nobis
2053 597 2485 683 imputaretur
2512 600 2595 665 ad
2626 600 2768 665 cul-

449 710 624 773 pam,
667 686 721 748 si
748 683 1097 772 praemis'sa,
1146 696 1215 748 et
1245 684 1515 747 fortasse
1546 680 1665 745 hiis
1694 685 1929 767 pejora,
1961 706 2079 770 per
2110 701 2393 750 nostram
2428 687 2766 775 necligen-

450 774 614 839 ciam
671 786 784 837 aut
853 769 1164 835 desidiam
1236 767 1701 854 pertransirent
1772 770 2151 849 incorrecta,
2214 772 2331 837 tibi
2390 772 2457 836 in
2516 774 2763 841 virtute

449 873 688 925 sanctoe
709 857 1128 935 obedienciae,
1155 870 1224 922 et
1251 856 1371 920 sub
1401 854 1609 942 poenis
1632 855 1698 919 in
1731 860 1985 922 statutis
2010 858 2209 922 nostri
2239 859 2500 925 Ordinis
2529 878 2764 929 contra

449 948 610 1012 tales
656 960 1149 1029 transgressores
1196 943 1523 1030 appositis,
1579 942 1847 1007 firmiter
1898 944 2077 1029 injun
2125 947 2297 1011 endo
2348 942 2779 1030 mandamus‚'

445 1033 622 1121 quod
661 1035 856 1097 sacris
903 1030 1210 1096 doctrinis
1253 1032 1398 1115 plus
1447 1029 1639 1094 solito
1682 1030 2002 1110 insistens,
2036 1056 2075 1097 a
2152 1035 2419 1099 domum
2452 1058 2560 1100 seu
2594 1060 2759 1103 con-

445 1120 724 1186 sorcium
786 1118 976 1184 dictae
1035 1118 1319 1182 mulieris
1391 1130 1708 1203 suspectae
1782 1118 1962 1183 nullo
2014 1120 2211 1185 modo
2276 1123 2572 1202 accedas,
2630 1147 2757 1190 nec

444 1222 630 1293 septa
657 1206 858 1271 nostri
890 1203 1164 1289 Collegii
1215 1206 1300 1269 ad
1354 1205 1653 1269 tabernas
1698 1226 1811 1268 seu
1840 1204 1986 1271 loca
2011 1208 2293 1293 publica,
2328 1210 2436 1275 ubi
2468 1211 2551 1276 de
2582 1211 2757 1277 facili

444 1293 696 1359 sinistra
737 1292 1014 1378 suspicio
1056 1292 1209 1357 oriri
1250 1291 1510 1376 poterit,
1544 1292 1785 1378 absque
1814 1290 2081 1359 licencia
2113 1297 2205 1360 tui
2240 1297 2543 1362 Custodis
2574 1300 2755 1364 solus

443 1381 623 1448 exire
654 1402 998 1468 praesnmas
1025 1402 1042 1444 t
1075 1379 1191 1443 sed
1220 1378 1304 1443 ad
1332 1378 1585 1463 frugem
1618 1378 1891 1443 melioris
1926 1381 2075 1445 vitae
2105 1382 2371 1467 provide
2401 1385 2754 1470 disponens

441 1470 526 1535 ab
583 1467 948 1556 hujusmodi
1007 1465 1239 1531 illicitis
1297 1466 1474 1551 vagis
1535 1480 1603 1530 et
1660 1465 1891 1551 ineptis
1950 1468 2337 1535 discursibus
2396 1471 2481 1536 de
2527 1487 2755 1538 cetero

441 1556 730 1633 desistas,
766 1555 1066 1641 vitaeque,
1113 1554 1399 1618 moribus
1443 1566 1512 1618 et
1555 1554 2032 1619 conversacioni
2062 1570 2319 1623 tuorum
2353 1558 2753 1625 confratrum

441 1644 678 1709 ibidem
739 1641 1168 1713 habitancium
1230 1653 1296 1705 te
1353 1639 1755 1705 conformare
1798 1640 2143 1729 diligenter
2184 1646 2460 1714 studeas,
2560 1646 2647 1711 Et
2692 1647 2755 1713 si

439 1730 584 1796 haec
614 1743 918 1814 precepta
947 1743 1167 1795 nostra
1209 1742 1276 1792 et
1321 1728 1625 1792 mandata
1650 1726 1930 1793 salubria
1958 1728 2043 1793 ad
2073 1752 2323 1795 morum
2356 1746 2613 1798 tuorum
2644 1757 2753 1799 re-

439 1816 899 1882 format-ionem
951 1829 1178 1901 sponte
1229 1828 1298 1879 et
1363 1815 1608 1902 absque
1652 1814 1939 1879 ulteriori
2000 1818 2342 1883 coaccione
2403 1820 2751 1887 observare

437 1902 738 1979 volueris,
771 1924 888 1966 nos
916 1925 993 1968 ac
1023 1902 1182 1967 alios
1215 1900 1332 1965 t-ibi
1379 1924 1560 1966 caros
1590 1915 1659 1965 et
1702 1902 2093 1990 propinquos
2122 1905 2187 1969 in
2221 1928 2369 1970 casu
2400 1909 2751 1973 necessita-

437 1989 538 2068 tis,
565 1991 618 2053 si
648 2003 959 2073 emergat,
993 1990 1078 2053 ad
1109 1987 1202 2053 tui
1249 1988 1613 2053 relavamen
1644 2003 1712 2053 et
1740 2010 2107 2055 succursum
2139 1992 2409 2057 habebis
2432 2016 2514 2059 eo
2545 1995 2749 2059 cicius

438 2077 894 2164 prompcioreS.
999 2075 1115 2141 Sin
1173 2088 1388 2139 autem
1451 2074 1581 2139 tale
1638 2076 1991 2141 remedium
2054 2078 2117 2141 in
2164 2078 2281 2143 hiis
2328 2094 2395 2144 et
2444 2081 2585 2145 aliis
2614 2083 2747 2146 tuis

438 2164 806 2229 excessibus
822 2162 1106 2248 pluribus
1137 2162 1350 2227 adhuc
1366 2162 1711 2226 latentibus
1742 2175 1807 2226 et
1840 2164 2073 2247 ignotis
2097 2188 2424 2250 cogemur,
2450 2170 2747 2253 quamvis

437 2252 640 2329 inviti,
687 2272 1010 2336 apponere
1051 2262 1466 2335 oportunum,
1514 2248 1689 2335 quod
1728 2248 2036 2337 deinceps
2066 2253 2419 2317 consimilia
2447 2255 2747 2321 enormia

434 2338 752 2403 vereberis
783 2338 864 2403 ad
899 2350 1078 2401 tuum
1103 2336 1384 2399 dedecus
1413 2336 1873 2422 quoquomodo
1904 2354 2299 2424 perpetrare,
2321 2341 2745 2429 condignam-

432 2447 560 2513 que
593 2426 860 2489 ulcionis
898 2445 1151 2509 poenam
1183 2423 1249 2487 in
1283 2435 1369 2497 te,
1405 2435 1725 2508 tamquam
1758 2438 1996 2488 nostrae
2024 2426 2347 2509 religionis
2381 2441 2745 2517 transgres-

431 2534 662 2590 sorem,
726 2510 900 2576 omni
959 2509 1177 2575 favore
1235 2508 1613 2595 postposito,
1647 2509 1778 2574 infli
1804 2534 2029 2589 remus,
2097 2513 2246 2578 Deo
2306 2515 2527 2582 dante.
2658 2516 2741 2581 In

429 2602 661 2665 ceteris
692 2621 774 2664 ex
827 2610 1010 2682 parte
1065 2609 1284 2661 nostra
1329 2596 1446 2660 tibi
1491 2595 1779 2661 dicendis
1833 2598 1997 2662 atori
2022 2602 2437 2699 praesencium
2472 2602 2739 2687 plenam

429 2702 499 2752 et
529 2685 955 2751 indubitatam
986 2683 1294 2749 adhibeas
1325 2683 1543 2749 fidem.
1620 2682 1803 2761 Vale,
1837 2704 1903 2749 et
1950 2688 2239 2771 spiritum
2269 2688 2416 2753 vitae
2446 2690 2737 2755 melioris

427 2773 744 2839 concedat
773 2771 890 2836 tibi
923 2770 1310 2837 Altissimus.
1402 2770 1634 2839 Amen.
1736 2771 2009 2857 Scripta,
2040 2785 2151 2843 etc.
2246 2776 2513 2863 [1467]

599 3183 869 3229 chxvn
919 3182 1171 3229 MTERA
1225 3184 1438 3228 FACTA
1492 3184 1587 3227 NR
1640 3184 1965 3229 MONACHI
2036 3184 2545 3230 DUNELMENSES

598 3270 928 3315 u'rAN'run
977 3270 1272 3314 camlsns
1307 3270 1538 3315 LINEIS
1585 3272 1671 3315 ΕΤ
1718 3271 1989 3317 ΟΑΙΛΕῘΒ
2022 3272 2322 3320 CLAUSIS.

1220 3410 1379 3479 [neg.
1403 3409 1519 3462 111.
1544 3412 1694 3463 rm.
1718 3410 1753 3462 f.
1777 3397 1921 3477 1512]

515 3551 860 3618 Carissime
917 3550 1260 3627 confrater,
1337 3551 1557 3615 votiva
1625 3552 2017 3618 salutacione
2083 3554 2428 3638 praemissa.
2546 3555 2729 3622 Scire

415 3640 626 3706 velitis
657 3638 852 3726 quod,
894 3637 1066 3702 fama
1115 3637 1370 3722 publica
1406 3640 1753 3718 referente,
1802 3638 1887 3705 ad
1942 3655 2225 3705 nostrum
2280 3641 2513 3725 saepius
2546 3644 2727 3707 venit

415 3725 732 3803 auditum,
766 3725 942 3813 quod
970 3723 1228 3812 quidam
1275 3726 1671 3791 confratrum
1714 3740 2073 3791 nostrorum
2123 3726 2187 3789 in
2239 3726 2437 3794 Cellis
2486 3731 2725 3793 nostris

411 3813 832 3890 morancium,
880 3813 1109 3898 spretis
1139 3825 1205 3875 et
1236 3811 1543 3895 neglectis
1576 3813 2030 3878 venerabilium
2078 3830 2332 3899 patrum
2364 3816 2731 3899 praedeces-

414 3923 628 3965 sorum
653 3913 1014 3963 nostrorum
1045 3898 1320 3975 monitis,
1370 3898 1647 3985 ipsisque
1690 3900 2249 3965 exhortacionibus
2280 3916 2347 3966 et
2376 3902 2719 3988 praeceptis

413 4002 543 4053 tam
575 3988 758 4051 vobis
799 4008 988 4073 quam
1024 3986 1110 4049 eis
1143 3999 1336 4050 antea
1363 3984 1568 4063 factis,
1614 4001 1843 4051 contra
1872 4000 2113 4053 nostroe
2142 3987 2468 4073 religionis
2498 3990 2726 4053 obser-

411 4074 686 4150 vanciaS,
705 4072 978 4137 camisiis
997 4072 1176 4137 lineis
1193 4090 1261 4137 et
1279 4072 1497 4156 caligis
1516 4072 1737 4151 laneis,
1760 4074 2111 4138 admodum
2136 4075 2442 4140 laicorum
2462 4076 2721 4153 clausis,

411 4160 478 4225 in
509 4160 986 4225 subversionem
1017 4158 1114 4224 sui
1147 4159 1384 4223 ordinis
1419 4162 1513 4223 usi
1563 4158 1841 4239 fuerunt,
1888 4160 2105 4248 sicque
2156 4176 2424 4227 utuntur
2476 4177 2723 4228 temere

411 4248 476 4310 in
506 4246 810 4330 praesenti
835 4272 856 4323 3
903 4268 1172 4332 quorum
1207 4246 1563 4310 insolenciis
1592 4260 1659 4310 et
1688 4248 2056 4313 excessibus
2088 4247 2151 4311 in
2182 4248 2321 4327 hiis,
2370 4262 2439 4312 et
2468 4249 2630 4325 aliis,
2664 4251 2726 4314 si

411 4349 766 4417 emergant,
799 4332 1133 4397 salubriter
1161 4333 1422 4397 obviare
1453 4333 1783 4419 cupientes
1806 4334 2047 4411 debite,
2083 4349 2156 4400 ut
2186 4350 2501 4413 tenemur,
2537 4334 2723 4400 vobis

409 4420 476 4483 in
508 4420 738 4485 virtute
771 4418 1182 4499 obedientioe,
1215 4434 1282 4485 et
1313 4420 1430 4485 sub
1467 4442 1662 4504 poena
1713 4436 2142 4508 contemptuS,
2188 4422 2459 4487 firmiter
2509 4422 2726 4508 injun-
