3000 5117
751 462 994 517 APPEN
1002 463 1166 517 mx,
1221 463 1404 517 Arm.
1443 464 1889 517 mccccxmrl
1897 464 1982 515 11.
2318 467 2549 522 cccxv

259 638 416 703 tum,
447 624 834 693 venerabilis
861 625 1059 691 frater
1087 635 1304 693 noster
1330 624 1615 693 Jacobus
1648 621 1983 713 episcopus
2012 624 2213 693 sancti
2247 626 2549 707 Andreae,

259 712 340 777 sd
393 712 772 779 instanciam
823 712 1179 779 eorundem
1211 711 1450 778 Prioris
1489 724 1563 777 et
1596 712 1995 792 Conventus,
2028 712 2335 779 transumi
2376 727 2447 780 et
2486 716 2555 779 in

259 800 469 865 forma
496 798 736 883 publici
765 798 1166 865 instrumenti
1195 820 1312 899 per
1330 798 1599 865 modum
1630 800 2007 885 transumpti
2035 800 2175 866 fieri
2218 800 2555 889 redigique

260 883 416 951 fecit
443 900 640 973 atque
668 884 1022 963 mandavit,
1052 886 1304 971 plenius
1333 885 1652 972 latiusque
1680 886 2067 956 continetur.
2182 887 2406 964 Quare
2434 910 2555 973 pro

261 984 450 1057 parte
504 970 744 1036 Prioris
789 983 860 1037 et
908 971 1290 1038 Conventus
1334 971 1792 1059 proedietorum
1838 972 2026 1039 nobis
2075 972 2199 1040 fuit
2226 973 2557 1039 humiliter

261 1056 716 1145 supplicatum,
771 1072 844 1122 ut
887 1057 1359 1159 largicionibus,
1391 1056 1878 1137 donacionibus,
1924 1072 1990 1125 et
2034 1058 2555 1126 concessionibus

263 1142 672 1229 supradictis,
703 1143 968 1231 aliisque
995 1166 1064 1209 in
1115 1144 1344 1211 litteris
1373 1146 1507 1210 sive
1534 1144 1971 1211 instrumentis
2001 1145 2367 1231 hujusmodi
2396 1168 2556 1211 con-

261 1230 482 1309 tentis,
535 1230 620 1295 ad
665 1229 792 1295 hoc
836 1230 1014 1317 quod
1071 1230 1334 1299 solidius
1385 1230 1733 1296 subsistere
1778 1232 2301 1317 comprobentur,
2354 1234 2557 1299 robur

259 1316 638 1403 apostolieae
665 1315 983 1383 firmitatis
1026 1316 1324 1401 adjicere,
1355 1318 1442 1383 de
1488 1317 1885 1469 benifnitate
1928 1319 2301 1403 apostolica,
2333 1319 2561 1403 digna-

261 1424 506 1471 remur.
601 1402 764 1481 Nos,
808 1402 1052 1490 itaque,
1083 1402 1448 1489 hujusmodi
1475 1425 1641 1489 supp
1666 1402 2057 1471 macionibus
2086 1404 2398 1482 inclinati,
2430 1405 2557 1471 lar-

261 1490 576 1575 giciones,
627 1488 1038 1568 donaciones,
1085 1502 1156 1555 et
1201 1489 1641 1555 concessiones
1688 1490 2049 1574 praedictas,
2102 1490 2446 1581 omniaque
2490 1504 2559 1559 et

262 1576 522 1665 singula
571 1574 638 1639 in
683 1575 872 1641 dictis
917 1576 1152 1642 litteris
1190 1575 1324 1641 sive
1365 1574 1801 1641 instrumentis
1856 1590 2185 1655 contenta,
2246 1600 2323 1643 ac
2380 1600 2561 1679 quoe·

261 1684 544 1750 cumque
595 1661 744 1729 inde
785 1674 1030 1741 secuta,
1078 1676 1238 1740 rata,
1283 1661 1595 1729 habentes
1650 1676 1717 1727 et
1774 1674 1979 1750 grata,
2026 1662 2136 1729 illa
2176 1676 2563 1731 auctoritate

261 1748 626 1835 apostolica
675 1770 762 1815 ex
805 1762 984 1814 certa
1027 1747 1292 1814 scientia
1335 1748 1805 1827 confirmamus,
1848 1762 1919 1813 et
2006 1752 2297 1815 raesentis
2340 1750 2561 1836 scripti

261 1834 633 1921 patrocinio
667 1833 1172 1911 communimus3
1217 1835 1589 1921 supplentes
1616 1856 1841 1899 omnes
1872 1836 1954 1900 de
1981 1848 2179 1914 ectus,
2209 1836 2261 1899 si
2290 1836 2403 1924 qui
2430 1837 2563 1902 for·

262 1944 384 1987 san
437 1921 901 1987 intervenerint
952 1922 1016 1984 in
1065 1920 1328 1998 eisdem,
1357 1920 1777 1986 decernentes
1816 1921 2201 1987 auctoritate
2295 1922 2563 1989 raedicta

267 2008 566 2075 Priorem
597 2022 666 2073 et
699 2008 1112 2073 conventum
1143 2006 1507 2092 proedictos,
1553 2020 1621 2071 et
1666 2006 1957 2071 Priorem
1990 2006 2073 2073 de
2104 2008 2227 2073 Col
2274 2008 2561 2095 yngham

263 2112 338 2161 et
365 2116 592 2159 eorum
621 2114 1038 2171 successores,
1067 2093 1347 2159 eundem
1398 2092 1761 2158 Prioratum
1808 2094 1892 2158 de
1930 2093 2383 2183 Coldyngham
2414 2116 2562 2159 cum

265 2182 570 2246 omnibus
627 2179 908 2245 eeclesiis
962 2192 1031 2244 et
1089 2178 1366 2264 capellis,
1411 2179 1699 2258 decimis,
1746 2179 2205 2258 oblacionibus,
2254 2181 2441 2246 terris
2499 2192 2567 2247 et

267 2268 776 2354 possessionibus
833 2264 1128 2343 annexis,
1181 2287 1258 2331 ac
1331 2265 1631 2332 omnibus
1693 2266 1947 2350 juribus
2019 2279 2090 2333 et
2161 2267 2565 2355 pertinenciis

265 2354 424 2435 suis,
455 2354 578 2421 &c.
674 2355 806 2421 Tlae
833 2354 993 2419 Bau
1004 2354 1302 2435 proceeds
1327 2361 1390 2419 to
1413 2356 1597 2419 redte
1632 2355 1911 2421 cloaroers
1934 2356 2041 2438 &0-

453 2764 682 2812 ccxm.
773 2762 1184 2809 INDBNTURA
1215 2762 1430 2809 mc'ra
1460 2762 1679 2807 m'rssn
1710 2761 2047 2807 DOMINUM
2071 2763 2391 2809 PRIORBM

450 2854 542 2898 ΕΤ
590 2851 997 2895 CAPITULUM
1048 2850 1136 2895 ΕΤ
1181 2850 1570 2895 JonANNnM
1617 2848 1829 2895 STELB
1870 2850 2249 2894 CANTOREM
2303 2852 2392 2895 DE

538 2939 672 2985 SUO
719 2938 1035 2985 ananelo
1071 2936 1537 2983 IMPENDBNDO
1571 2936 1901 2981 DURANTE
1934 2936 2091 2981 VITA
2126 2936 2274 2981 SUA-

1157 3079 1318 3149 [neg.
1346 3078 1446 3131 1v.
1471 3076 1561 3129 fol.
1583 3078 1694 3143 σα]

365 3220 542 3286 Haec
571 3218 918 3284 indentura
943 3218 1118 3283 facta
1144 3217 1317 3282 inter
1359 3215 1691 3282 dominum
1746 3213 2151 3281 willielmum
2185 3216 2476 3285 Priorem
2506 3232 2576 3286 et

277 3306 654 3391 Capitulum
683 3304 968 3369 ecclesiae
1001 3303 1408 3371 cathedralis
1454 3302 1929 3381 Dunelmensis,
1976 3325 2064 3368 ex
2096 3326 2225 3371 una
2250 3320 2459 3391 parte,
2507 3318 2576 3371 et

273 3393 638 3459 Johannem
671 3390 848 3455 Stele
878 3405 1228 3469 cantorem,
1259 3412 1346 3456 ex
1377 3402 1558 3474 parte
1586 3387 1807 3467 altera,
1840 3402 2133 3469 testatur,
2180 3394 2355 3480 quod
2403 3394 2575 3461 idem

271 3478 604 3544 Johannes
639 3476 818 3541 Stele
845 3491 945 3541 est
987 3489 1273 3541 retentus
1320 3490 1388 3541 et
1441 3474 1709 3539 firmiter
1740 3475 1997 3558 juratus
2041 3478 2126 3542 ad
2168 3482 2577 3549 serviendum

273 3564 466 3631 dictis
514 3563 726 3629 Priori
770 3574 836 3629 et
884 3564 1188 3649 Capitulo
1215 3564 1382 3627 bene
1425 3574 1494 3627 et
1538 3560 1839 3638 fideliter,
1886 3584 2090 3649 usque
2118 3566 2201 3629 sd
2233 3570 2579 3633 terminum

275 3653 432 3716 vitae
461 3672 620 3727 suoe,
653 3649 718 3714 in
748 3649 958 3715 forma
987 3648 1406 3732 infrascripta.
1498 3646 1819 3711 Videlicet
1848 3650 2025 3734 quod
2046 3650 2217 3714 idem
2247 3652 2580 3719 Johannes

275 3736 420 3801 illos
497 3736 853 3801 monachos
942 3734 1442 3811 Dunelmenses,
1536 3747 1605 3797 et
1677 3752 1830 3797 octo
1919 3756 2151 3818 pueros
2234 3740 2577 3819 seculares,

273 3845 442 3923 quos
482 3822 672 3887 Prior
699 3820 1173 3898 Dunelmensis,
1207 3820 1311 3885 vel
1337 3820 1633 3904 deputati
1664 3840 1779 3903 per
1808 3820 2090 3883 eundem
2120 3820 2581 3903 assignaverint

271 3910 400 3973 sibi
426 3908 515 3974 ad
541 3906 1000 3973 addiscendum
1029 3906 1378 3992 diligenter
1399 3920 1466 3971 et
1485 3904 1731 3969 meliori
1756 3906 1977 3982 modo,
1996 3926 2123 3993 quo
2142 3907 2413 3987 sciverit,
2446 3925 2581 3975 tam

273 3994 362 4059 ad
404 3993 890 4071 modulandum,
937 3992 1182 4058 scilicet
1222 3994 1637 4078 playnsange,
1683 3991 2007 4076 prikenot,
2054 3990 2396 4072 fabul-don,
2452 3997 2583 4061 dis-

273 4080 586 4157 chaunte,
617 4092 682 4144 et
713 4093 1002 4156 countre,
1035 4095 1346 4165 quantum
1385 4080 1448 4141 in
1495 4076 1635 4162 ipso
1678 4092 1775 4142 est
1822 4078 2215 4157 informabit,
2264 4078 2453 4145 nichil
2496 4084 2582 4149 ab

271 4167 372 4231 eis
415 4166 502 4231 de
544 4165 732 4230 dictis
769 4166 1056 4231 scienciis
1098 4164 1511 4242 occultando,
1556 4163 1829 4230 durante
1872 4164 2147 4231 termino
2187 4169 2581 4251 supradicto,

275 4252 642 4317 Tenebitur
669 4250 885 4338 itaque
915 4252 1082 4315 idem
1114 4252 1444 4317 Johannes
1472 4248 1674 4313 missis
1704 4265 1772 4316 et
1822 4252 2099 4337 vesperis
2153 4252 2215 4317 in
2247 4254 2449 4320 choro
2478 4279 2585 4323 ec-

273 4338 496 4403 clesiae
523 4337 909 4404 cathedralis
945 4336 1395 4402 Dunelmensis
1428 4335 1848 4422 personaliter
1873 4338 2197 4417 interesse,
2218 4342 2477 4429 quando
2497 4344 2585 4410 ad

273 4424 403 4493 hoc
433 4424 650 4493 debite
677 4424 868 4490 fuerit
897 4422 1258 4512 requisitus,
1293 4422 1689 4490 modulando
1718 4421 1955 4490 ibidem
2003 4446 2197 4511 super
2240 4450 2497 4513 organa,
2532 4434 2588 4495 si
