3000 5117
444 386 696 461 cxcviii
905 408 1110 460 ffls‘r.
1151 410 1511 459 DUNLLM.
1553 410 2020 461 semri-ones
2060 410 2270 463 raas·

445 568 780 669 siquidem,
811 571 1006 635 bonae
1051 573 1380 635 memoriae
1413 572 1765 637 Walthero
1794 572 2097 659 episcopo
2130 570 2556 637 Dunelmensi
2584 570 2751 659 regi-

447 658 604 721 mini
665 658 1114 721 Dunelmensis
1161 658 1451 723 ecclesiae
1496 660 1885 743 presidente,
1950 658 2113 737 Nos,
2162 657 2497 743 cupientes
2538 661 2749 725 eidem

375 796 384 803 .
448 744 736 807 ecclesiae
767 766 913 808 cum
945 743 1117 809 illam
1151 767 1375 810 vacare
1408 746 1817 830 contingeret
1848 768 1965 830 per
1994 746 2371 832 apostolicae
2400 745 2577 811 sedis
2606 769 2750 831 pro·

447 830 803 896 videnciam
837 830 1060 894 utilem
1097 844 1162 895 et
1191 834 1514 917 ydoneam
1544 831 1889 919 praesidere
1920 854 2284 917 personam,
2317 832 2751 917 provisionem

450 917 648 1001 ipsius
694 917 982 982 ecclesiae
1028 918 1416 983 ordinationi
1471 932 1541 984 et
1584 919 1987 1003 dispositioni
2041 934 2279 983 nostrae
2324 920 2635 984 duximus
2676 942 2756 985 ea

451 1004 589 1069 vice
649 1004 1010 1089 specialiter
1068 1006 1541 1084 reservandam,
1593 1007 2014 1071 decernentes
2073 1020 2315 1070 extunc
2376 1004 2637 1070 irritum
2688 1019 2753 1071 et

447 1091 660 1169 inane,
715 1090 765 1154 si
813 1112 994 1155 secus
1040 1114 1235 1176 super
1283 1092 1400 1155 hiis
1446 1114 1563 1177 per
1602 1114 2040 1178 quoscunque,
2088 1092 2310 1179 quavis
2340 1091 2747 1171 auctoritate,

445 1178 721 1243 scienter
739 1179 836 1243 vel
864 1177 1230 1263 ignoranter
1250 1178 1651 1264 contingeret
1672 1177 2060 1263 attemptari.
2134 1178 2555 1243 Postmodum
2580 1202 2751 1255 vero,

449 1266 720 1349 praefata
762 1266 1026 1330 ecclesia
1067 1286 1184 1349 per
1211 1266 1459 1329 obitum
1489 1265 1686 1351 ipsius
1723 1265 2050 1330 VValtheri
2082 1265 2389 1351 episcopi,
2424 1266 2537 1352 qui
2570 1279 2755 1331 extra

452 1350 810 1417 Romanam
859 1351 1098 1416 curiam
1143 1352 1310 1416 diem
1355 1352 1587 1418 clausit
1628 1368 2013 1430 extremum,
2045 1352 2314 1437 pastoris
2345 1351 2583 1417 solatio
2612 1352 2753 1418 des-

449 1438 662 1517 tituta,
697 1462 813 1503 nos
845 1440 1174 1503 vacatione
1206 1438 1568 1523 hujusmodi
1602 1438 1946 1523 fidedignis
1964 1438 2269 1503 relatibus
2294 1438 2647 1517 intellecta,
2669 1440 2753 1505 ad

446 1525 872 1610 provisionem
928 1526 1126 1609 ipsius
1173 1526 1458 1590 ecclesias
1506 1526 1783 1591 celerem
1830 1540 1897 1591 et
1938 1525 2209 1602 felicem,
2242 1526 2328 1589 de
2370 1548 2503 1612 qua
2533 1526 2749 1591 nullus

447 1626 684 1695 praeter
725 1634 842 1676 nos
887 1610 1008 1675 hac
1049 1612 1184 1675 vice
1215 1634 1284 1676 se
1314 1612 1739 1677 intromittere
1770 1612 2001 1697 potuit,
2036 1612 2169 1676 sive
2200 1625 2432 1696 potest,
2466 1634 2757 1677 reserva-

448 1697 625 1763 tione
657 1712 722 1763 et
751 1700 1013 1763 decreto
1043 1698 1497 1763 obsistentibus
1530 1698 1930 1785 supradictiS‚
1964 1721 2045 1763 ne
2076 1699 2346 1763 ecclesia
2375 1700 2513 1783 ipsa
2536 1698 2755 1783 longae

447 1785 798 1849 vacationis
838 1800 1272 1871 exponeretur
1321 1785 1764 1864 incommodis,
1814 1785 2095 1870 paternis
2126 1798 2191 1849 et
2222 1784 2484 1849 solicitis
2516 1787 2753 1850 studiis

448 1870 874 1949 intendentes,
923 1885 1071 1958 post
1121 1872 1657 1937 deliberacionem
1708 1895 1899 1959 quam
1944 1872 2029 1937 de
2074 1871 2491 1963 praeficiendo
2536 1870 2753 1937 eidem

444 1959 732 2023 ecclesioe
783 1980 1118 2043 personam
1167 1959 1391 2023 utilem
1446 1974 1516 2023 et
1561 1960 1951 2024 fructuosam
1996 1980 2145 2024 cum
2188 1958 2489 2023 fratribus
2520 1960 2760 2023 nostris

444 2044 780 2109 habuimus
822 2045 1221 2129 diligentem,
1269 2046 1527 2109 demum
1572 2047 1655 2110 ad
1689 2062 1770 2124 te,
1808 2046 2141 2111 Decanum
2174 2045 2465 2109 ecclesiae
2500 2046 2759 2110 Ebora-

445 2134 666 2210 censis,
717 2132 790 2195 in
833 2134 1313 2218 presbyteratus
1359 2133 1587 2197 ordine
1618 2135 2060 2210 constitutum,
2093 2132 2451 2197 litterarum
2483 2132 2762 2196 scientia

440 2221 809 2304 praeditum,
860 2219 1009 2283 vitae
1053 2241 1128 2283 ac
1173 2240 1421 2282 morum
1467 2220 1809 2284 honestate
1851 2219 2183 2297 decorum,
2218 2218 2282 2282 in
2312 2217 2759 2303 spiritualibus

443 2306 803 2389 providum,
860 2320 926 2370 et
971 2306 1037 2369 in
1087 2306 1543 2389 temporalibus
1584 2306 2135 2390 circumspectum,
2168 2327 2244 2369 ac
2274 2305 2409 2369 aliis
2440 2306 2763 2390 multipli-

443 2415 590 2456 cum
636 2393 940 2468 virtutum
975 2392 1179 2469 doniS‚
1218 2408 1403 2476 prout
1442 2392 1914 2475 fidedignorum
1947 2391 2324 2457 testimoniis
2354 2393 2755 2476 accepimus,

441 2479 830 2565 insignitum,
882 2480 1229 2543 direximus
1279 2480 1497 2543 oculos
1550 2494 1787 2543 nostrae
1847 2481 2121 2554 mentis;
2168 2478 2398 2564 quibus
2446 2479 2759 2544 omnibus

443 2566 664 2631 debita
712 2566 1135 2631 meditacione
1184 2565 1481 2651 pensatis,
1534 2566 1615 2631 de
1662 2588 1941 2651 persona
1994 2580 2106 2629 tua
2152 2564 2334 2628 nobis
2380 2579 2451 2629 et
2502 2565 2761 2630 eisdem

441 2653 765 2731 fratribus,
817 2654 901 2717 ob
949 2651 1264 2715 dictorum
1313 2666 1569 2718 tuorum
1616 2652 2007 2736 exigentiam
2054 2650 2427 2716 meritmum
2453 2666 2757 2737 accepta,

441 2740 655 2804 eidem
703 2739 990 2804 ecclesiae
1023 2738 1444 2804 Dunelmensi
1477 2740 1559 2804 de
1590 2742 1869 2824 ipsorum
1901 2739 2169 2804 fratrum
2200 2738 2489 2816 consili0,
2525 2754 2764 2804 aucto-

440 2828 630 2893 ritate
655 2826 1005 2912 apostolica
1027 2826 1428 2911 providemus
1450 2850 1468 2903 3
1523 2840 1714 2913 teque
1738 2825 1829 2889 illi
1848 2824 2233 2911 praeficimus
2255 2826 2320 2887 in
2350 2824 2761 2911 Episcopum

442 2928 508 2979 et
553 2929 902 3001 pastorem,
952 2935 1169 2979 curam
1202 2926 1267 2977 et
1293 2911 1916 2978 administracionem
1950 2911 2141 2997 ipsius
2172 2911 2461 2976 ecclesiae
2496 2911 2767 2979 Dunel-

441 3003 675 3067 mensis
722 3002 838 3067 tibi
884 3003 946 3064 in
978 3000 1412 3085 spiritualibus
1443 3014 1510 3064 et
1541 2998 1995 3085 temporalibus
2025 2999 2305 3083 plenarie
2334 2999 2762 3064 committen-

437 3092 526 3155 do
550 3114 566 3167 ;
601 3090 664 3153 in
691 3089 822 3166 illo,
850 3088 961 3175 qui
983 3088 1096 3153 dat
1125 3087 1366 3175 gratias
1395 3102 1463 3151 et
1493 3087 1760 3171 largitur
1788 3086 2073 3171 praemia,
2099 3086 2521 3163 confidentes,
2544 3086 2760 3173 quod,

434 3177 756 3263 dirigente
791 3173 1096 3251 Domino,
1129 3190 1310 3239 actus
1341 3188 1507 3252 tuos,
1542 3174 1811 3258 praefata
1840 3171 2295 3239 Dunelmensis
2326 3172 2599 3237 ecclesia
2631 3176 2765 3239 sub

440 3279 556 3329 tuo
608 3263 773 3329 felici
826 3260 1163 3345 regimine,
1227 3261 1494 3326 dextera
1546 3260 1812 3325 Domini
1871 3260 1989 3324 tibi
2046 3260 2377 3324 assistente
2437 3260 2763 3345 propitia,

439 3365 704 3437 regetur
736 3348 969 3413 utiliter
999 3362 1064 3412 et
1095 3370 1402 3432 prospere
1432 3348 1765 3433 dirigetur,
1796 3370 1871 3411 ac
1901 3360 2088 3431 grata
2116 3346 2181 3409 in
2210 3345 2451 3411 eisdem
2482 3346 2769 3431 spiritu·

441 3437 642 3502 alibus
709 3448 776 3500 et
837 3432 1290 3519 temporalibus
1349 3435 1651 3519 suscipiet
1711 3434 2125 3499 incrementa.
2242 3433 2485 3517 Jugum
2548 3432 2767 3516 igitur

443 3522 712 3590 Domini
754 3521 880 3587 tuis
928 3521 1289 3605 impositum
1319 3522 1603 3585 humeris
1644 3536 1948 3606 prompta
1975 3519 2331 3585 devocione
2359 3518 2757 3605 suscipiens,

436 3632 658 3678 curam
704 3623 771 3674 et
800 3606 1426 3672 administracionem
1455 3608 1794 3693 proedictas
1824 3608 1913 3672 sic
1942 3628 2247 3671 exercere
2279 3605 2561 3683 studeas,
2596 3608 2765 3671 soli-

437 3700 585 3775 cite,
632 3696 931 3772 fideliter,
953 3709 1037 3781 ‚et
1065 3693 1440 3779 prudenter,
1473 3695 1652 3781 quod
1685 3696 1819 3780 ipsa
1848 3695 2114 3759 ecclesia
2142 3693 2565 3777 gubernatori
2596 3714 2769 3779 pro·

435 3784 590 3849 vido
638 3806 712 3848 ac
764 3783 1096 3847 fructuoso
1137 3780 1639 3847 administratori
1670 3781 1949 3865 gaudeat
1980 3804 2046 3843 se
2080 3780 2503 3856 commissam,
2542 3796 2767 3868 tuque

434 3884 673 3957 praeter
723 3884 964 3935 eternae
1018 3867 1462 3933 retribucionis
1512 3868 1844 3951 praemium
1892 3881 2177 3931 nostram
2230 3880 2297 3929 et
2346 3866 2543 3931 dietae
2573 3868 2763 3933 sedis

429 3957 951 4023 benedictionem
998 3966 1064 4020 et
1108 3954 1380 4041 gratiam
1439 3955 1674 4019 exinde
1737 3954 1993 4019 uberius
2050 3952 2353 4039 consequi
2412 3954 2761 4024 merearis,

433 4046 613 4111 Data
663 4044 911 4119 Romoe,
943 4042 1116 4126 apud
1157 4042 1466 4107 Sanctum
1501 4042 1787 4120 Petrum,
1823 4062 1873 4105 11
1908 4040 2048 4106 idus
2101 4039 2287 4118 Maii,
2322 4038 2765 4125 pontificatus

427 4130 633 4197 nostri
666 4152 837 4197 anno
870 4127 1174 4196 secundo,
