3000 5117
831 495 1072 549 Arrun
1083 496 1244 547 mx.
1303 497 1486 549 sun,
1527 490 1895 550 mcccxm,
2354 476 2511 547 clxv

385 978 611 1025 cxbvl.
673 977 1000 1023 LICENcu
1047 978 1360 1022 wAtTssm
1415 977 1729 1022 Eflscovl
1776 978 1865 1021 An
1916 977 2333 1023 suammet(

383 1066 704 1109 Pmomzu
753 1064 900 1109 CUM
935 1066 1354 1111 Anmlssmxr.
1389 1065 1737 1109 cnsstole
1766 1065 2050 1109 Pmoms
2083 1066 2339 1110 Pascu-

367 1152 658 1201 DEN'HS.

663 1292 842 1359 [can.
868 1292 982 1344 111.
1010 1291 1048 1344 f.
1072 1292 1189 1353 296,
1213 1294 1262 1345 b.
1287 1302 1343 1345 et
1367 1294 1511 1361 On'g.
1534 1298 1585 1345 2.
1602 1296 1642 1344 -s
1666 1292 1860 1347 Pontis
1886 1294 1937 1345 r.
1970 1296 2041 1359 η

293 1436 613 1503 walterus
657 1434 1068 1522 permissione
1101 1434 1347 1503 Divina
1379 1434 1837 1500 Dunolmensis
1880 1437 2217 1523 episcopus
2260 1436 2511 1504 dilectis

195 1524 348 1589 filiis
383 1524 710 1609 Suppriori
743 1537 810 1589 et
841 1520 1146 1607 Capitulo
1174 1522 1463 1588 ecclesiae
1483 1542 1721 1586 nostroe
1748 1522 2206 1589 Dunolmensis
2224 1526 2505 1591 salutem

194 1612 486 1698 graciam
538 1624 607 1675 et
655 1609 1210 1677 benediccionem.
1303 1609 1705 1675 Accedentes
1750 1624 1959 1696 nuper
2000 1612 2084 1676 ad
2108 1614 2317 1677 nostri

196 1698 482 1763 senciam
528 1698 746 1763 dilecti
797 1696 912 1762 filii
966 1698 1194 1763 fratres
1245 1697 1580 1762 ‚lohannes
1634 1697 1716 1761 de
1768 1634 2513 1788 Hemmyngbourgffi

199 1786 536 1853 Robertus
579 1785 663 1850 de
710 1784 1210 1869 Langechestre,
1245 1785 1547 1849 monachi
1576 1785 1861 1850 ecclesiae
1888 1800 2127 1852 nostrae
2158 1788 2506 1873 praedictae,

194 1874 511 1961 quasdam
547 1872 916 1950 cessionem,
960 1872 1466 1961 resignacionem
1497 1889 1565 1938 et
1592 1874 2145 1939 renunciacionem
2183 1874 2511 1942 Prion-atu·

196 1961 404 2047 ipsius
447 1960 737 2026 ecclesiae
767 1973 1006 2025 nostrae
1039 1959 1496 2025 Dunolmensis
1526 1982 1646 2047 per
1674 1960 1979 2025 dilectum
2010 1961 2213 2027 filium
2245 1962 2505 2028 fratrem

199 2050 574 2115 Robertum
603 2048 685 2113 de
723 2047 1150 2112 Walleworth
1180 2047 1468 2135 ejusdem
1498 2047 1787 2113 ecclesia»
1822 2048 2111 2115 Priorem
2132 2050 2357 2128 factus,
2393 2074 2509 2117 seu

197 2136 532 2223 quoddam
605 2134 932 2219 publicum
1021 2135 1521 2200 instrumentum
1606 2134 1803 2220 signo
1892 2150 1957 2201 ct
2030 2138 2507 2224 subscripcione

195 2223 492 2309 magistri
561 2222 876 2287 willielmi
935 2222 1022 2287 de
1085 2223 1352 2300 Bartou,
1407 2222 1651 2307 publici
1708 2223 2093 2289 auctoritate
2152 2226 2507 2311 apostolica

193 2310 456 2387 notarii,
503 2310 826 2395 signatum
880 2322 948 2375 et
999 2310 1447 2395 subscriptum,
1475 2309 1846 2395 hujusmodi
1904 2314 2273 2391 cessionem,
2306 2314 2509 2401 resig—

191 2400 559 2475 nacionem,
607 2412 675 2462 et
721 2396 1286 2463 remnciacionem
1328 2396 1398 2461 in
1449 2420 1519 2461 se
1577 2398 1933 2476 continens,
1995 2414 2511 2487 proesentaruntz

191 2486 636 2572 supplicantes
653 2484 980 2550 humiliter
995 2508 1082 2549 ex
1100 2498 1284 2571 parte
1301 2486 1494 2549 vestri
1512 2486 1811 2573 quatinus
1830 2488 2207 2565 cessionem,
2227 2488 2513 2573 resigna·

193 2576 492 2638 acionem
523 2586 590 2637 et
618 2571 1171 2637 renunciaciouem
1203 2572 1541 2657 praedictas
1572 2574 1913 2639 admittere
1932 2589 2010 2639 et
2036 2588 2389 2660 acceptare,
2414 2576 2510 2661 ip-

195 2684 338 2725 sum
363 2682 493 2747 que
503 2659 764 2725 fratrem
783 2660 1138 2725 Robertum
1165 2661 1248 2725 de
1274 2659 1679 2724 Walleworth
1704 2682 1743 2725 a
1762 2661 2094 2750 regimine,
2117 2684 2292 2741 cura,
2304 2677 2373 2727 et
2396 2664 2512 2728 ad-

195 2748 682 2813 ministratione
711 2747 868 2812 dicti
901 2747 1232 2812 Prioratus
1261 2746 1595 2813 absolvere
1639 2760 1703 2812 et
1735 2770 2109 2828 exonerare,
2142 2772 2393 2815 necnon
2436 2766 2509 2816 ut

197 2837 282 2901 ad
307 2835 706 2901 eleccionem
723 2834 870 2899 novi
889 2834 1130 2900 Prioris
1153 2835 1505 2920 procedere
1514 2833 1791 2913 valeatis,
1805 2836 1986 2901 vobis
2005 2838 2331 2902 licenciam
2351 2861 2509 2903 con-

194 2924 434 2988 cedere
464 2924 753 3007 graciose
781 2922 1212 3006 dignaremur.
1336 2921 1496 3001 Nos,
1532 2922 1746 3009 igitur,
1774 2923 2141 3008 hujusmodi
2168 2923 2508 3009 peticioni·

192 3011 318 3077 bus
350 3010 578 3075 vestris
607 3009 1042 3075 favorabiliter
1071 3023 1448 3088 annuentes,
1483 3010 1687 3075 dictas
1715 3011 2088 3089 cessionem,
2120 3011 2509 3095 resignacio·

191 3120 372 3175 nem,
430 3110 499 3163 et
549 3096 1128 3175 renunciacioncm,
1171 3119 1294 3183 per
1392 3097 1684 3163 raefatum
1736 3098 1998 3163 stau-em
2034 3098 2393 3165 Robertum
2426 3100 2510 3164 de

199 3185 668 3263 Walleworth,
725 3198 802 3249 ut
855 3183 1286 3270 praemittitur,
1365 3198 1539 3249 actas
1584 3186 1960 3271 recepimus,
2007 3186 2397 3265 admisimus,
2440 3203 2507 3251 et

193 3272 698 3359 acceptavimus,
749 3294 907 3359 quas
958 3272 1162 3337 eciam
1224 3285 1447 3337 tenore
1508 3272 1927 3358 praesencium
1980 3273 2380 3339 admittimus
2439 3292 2509 3339 et

193 3374 654 3445 acceptamus;
726 3360 1062 3448 ipsumque
1113 3359 1378 3425 fratrem
1433 3360 1797 3425 Robertum
1848 3362 1931 3426 de
1992 3362 2417 3427 Walleworth
2470 3386 2513 3429 a

191 3470 357 3513 cura
413 3447 727 3532 regimine
785 3460 854 3513 et
925 3446 1480 3513 administracione
1534 3447 1863 3513 Prioratus
1919 3448 2209 3513 ecclesiae
2269 3465 2511 3515 nostroe

195 3534 542 3621 praedictae
565 3536 884 3614 exuimuS,
919 3558 1365 3612 exoneramua
1391 3547 1459 3599 et
1487 3534 1891 3615 absolvimus,
1924 3559 1999 3601 ac
2029 3551 2319 3615 exutum,
2354 3562 2511 3603 exo-

194 3637 526 3701 uerutum,
588 3636 654 3687 et
713 3623 1076 3688 absolutum
1134 3646 1271 3688 esse
1329 3622 1727 3687 decernimus
1802 3636 1869 3687 et
1926 3622 2324 3690 declaramus
2390 3649 2509 3712 per

193 3724 593 3797 praesentes3
653 3709 984 3798 vobisque,
1060 3726 1134 3776 ut
1189 3710 1481 3775 ecclesiae
1538 3731 1779 3775 nostrae
1847 3712 2219 3797 saepedictae
2268 3736 2511 3777 novum

205 3798 502 3863 Priorem
550 3797 808 3883 eligere,
857 3812 927 3863 et
969 3797 1054 3863 ad
1101 3797 1464 3882 hujusmodi
1514 3798 1923 3875 eleccionem,
1963 3799 2155 3882 juxta
2182 3817 2509 3863 sacrorum

195 3906 522 3951 canonum
569 3884 880 3963 instituta,
935 3886 1056 3951 rite
1105 3899 1171 3951 et
1224 3885 1531 3950 canonice
1577 3886 1929 3971 procedere
1960 3886 2247 3963 valeatis,
2282 3897 2510 3951 tenore

193 3972 624 4059 praencium
653 3971 984 4037 licenciam
1017 3972 1426 4039 concedimus
1455 3973 1841 4058 specialem·;
1887 3972 2068 4035 vobis
2099 3972 2163 4035 in
2195 3988 2508 4060 quantum

289 4080 544 4124 ssumus
597 4059 867 4125 firmiter
923 4060 1352 4149 injungenteS‚
1417 4083 1661 4147 vosque
1718 4057 2066 4123 affeccione
2118 4074 2387 4144 paterna
2444 4061 2511 4125 in

194 4083 516 4212 ῗξοῐιιίιιοἱ
539 4145 976 4225 exhortantes,
1029 4149 1327 4235 quatinus
1370 4149 1565 4214 talem
1602 4143 1681 4210 „in
1728 4145 1921 4233 ipsius
1952 4146 2239 4210 ecclesiae
2270 4163 2511 4213 nostrae

197 4234 500 4301 Priorem
555 4235 736 4299 vobis
786 4235 1024 4319 eligere
1049 4235 1385 4315 studeatis,
1420 4237 1529 4323 qui
1563 4235 1713 4299 Deo
1742 4235 2034 4312 devotus,
2070 4235 2135 4299 in
2170 4234 2513 4321 spirituali-

193 4324 322 4388 bus
376 4322 704 4409 providus,
755 4336 820 4388 et
871 4326 935 4387 iu
987 4322 1444 4409 temporalibus
1491 4322 2013 4405 circumspectuS,
2068 4345 2143 4387 ac
2206 4324 2383 4388 vobis
2444 4342 2510 4390 et

195 4410 400 4476 dictae
447 4410 738 4475 ecclesiae
789 4400 1026 4475 nostrae
1077 4410 1488 4489 necessarius,
1522 4409 1715 4487 utilis,
1748 4426 1817 4474 et
1862 4408 2071 4474 fidelis
2103 4432 2241 4473 esse
2294 4411 2513 4476 dinos-

197 4512 422 4567 catur.
575 4498 651 4563 In
710 4520 984 4585 quorum
1045 4498 1240 4565 fidem
1287 4512 1356 4561 et
1388 4496 1836 4648 {estimonium
1896 4496 2173 4582 sigillum
2217 4514 2513 4599 ⁸nostrum

1300 4605 1342 4648 L
